2834 5394
168 243 230 306 468
672 259 764 307 nram
786 259 848 306 xxi

167 408 321 475 Maubian
355 409 544 494 cupiebant,
581 411 636 495 qui
672 419 705 476 et
740 412 817 477 uicit
853 416 885 475 et
920 410 1060 493 optinuit
1094 407 1192 475 annis
1234 406 1357 492 uiginti

166 525 325 605 quattuor.

251 630 347 696 Anno
370 629 496 715 imperii
518 627 705 697 Constantis
735 631 846 714 quinto
869 629 994 696 decimo
1023 628 1166 693 Arabum
1188 629 1352 712 princeps

170 739 321 807 blaubias
336 739 481 804 habetur.
519 741 575 824 qui
596 741 771 806 exercitum
793 742 894 805 mouit
915 740 1073 806 aduersus
1089 737 1197 803 Halim
1224 743 1260 803 et
1274 756 1351 803 oon·

165 856 342 933 gregantur
371 849 466 914 ambo
488 849 572 915 inter
593 849 816 917 Barbalissum
845 850 935 916 iuxta
956 847 1154 934 Euphraten.
1198 846 1237 911 hi
1268 859 1379 912 ueros

167 960 222 1043 qni
245 966 338 1024 erant
359 958 510 1024 blauhiae
538 977 611 1024 cum
633 967 743 1027 essent
765 959 950 1038 ualidiores,
983 979 1100 1041 aquam
1122 957 1348 1042 optinuerunt.

167 1069 253 1133 unde
276 1069 309 1132 in
326 1067 411 1133 sitim
434 1069 603 1135 uenientes
625 1068 658 1134 hi
681 1071 736 1154 qui
759 1077 851 1136 erant
865 1070 983 1151 Halim,
1007 1069 1200 1134 defecerunt.
1248 1087 1348 1152 porro

165 1177 316 1244 Maubias
338 1177 459 1243 bellare
482 1178 584 1243 noluit
606 1178 664 1246 sed
687 1179 757 1247 sine
778 1179 890 1244 labore
912 1179 1079 1244 uictoriam
1100 1177 1181 1242 tulit.

251 1288 347 1354 Anno
379 1288 505 1373 imperii
533 1288 719 1356 Constantis
751 1296 843 1356 sexto
875 1288 1000 1354 decimo
1033 1288 1207 1354 exercitum
1242 1290 1348 1353 mouit

166 1398 340 1483 imperator
371 1405 481 1463 contra
514 1398 711 1465 Sclauiniam
747 1406 780 1464 et
815 1400 960 1483 captiuos
997 1397 1087 1464 duxit
1118 1397 1279 1480 plurimos
1313 1405 1347 1463 et
1365 1401 1390 1452 ¹⁰

168 1507 304 1592 subegit.

250 1619 345 1683 Anno
368 1618 495 1701 imperii
517 1616 705 1685 Constantis
734 1618 870 1702 septimo
901 1617 1024 1683 decimo
1053 1617 1223 1683 conuentio
1255 1618 1344 1683 lacta

165 1734 215 1794 est
243 1727 327 1793 inter
348 1729 510 1794 Romanos
540 1737 572 1794 et
592 1727 717 1795 Arabes
740 1727 872 1793 Mauhia
899 1728 1091 1810 legationem
1122 1727 1270 1791 mittente
1301 1727 1344 1792 ob

164 1835 372 1901 rebellionem
394 1844 429 1902 ut
450 1836 593 1902 tribuant
613 1838 767 1904 Romanis
789 1837 915 1903 Arabes
942 1856 1001 1922 per
1022 1837 1164 1920 singulos
1186 1835 1260 1904 dies
1284 1857 1344 1901 nu·

165 1944 316 2010 mismata
337 1946 424 2011 mille
446 1952 478 2010 et
499 1965 616 2030 equum
639 1953 670 2011 ct
691 1966 828 2013 seruum.
873 1946 987 2011 eodem
1018 1966 1094 2012 uero
1124 1965 1209 2011 anno
1239 1946 1342 2012 exilio
1363 1952 1390 2003 lt

163 2052 277 2121 ductus
300 2061 350 2121 est
371 2055 528 2122 Martinus
556 2055 780 2123 sanctissimus
809 2076 896 2141 papa
917 2057 1081 2122 Romanus
1110 2076 1168 2138 pro
1198 2055 1340 2122 uentate

164 2163 288 2229 fortiter
309 2164 487 2247 agonizans
509 2172 541 2230 et
562 2165 728 2232 confessor
748 2166 852 2232 lactus
873 2166 907 2230 in
929 2165 1111 2231 climatibus
1133 2164 1267 2230 orientis
1284 2162 1343 2231 de-

167 2273 295 2340 functus
317 2280 377 2340 est.

64 2378 144 2445 VIII
248 2385 343 2450 Anno
370 2383 498 2469 imperii
527 2381 713 2450 Constantis
742 2390 856 2448 octauo
885 2382 1008 2448 decimo
1032 2383 1193 2450 Constans
1222 2382 1344 2448 occidit

166 2493 385 2561 Theodosium
408 2493 574 2579 proprium
596 2495 727 2560 fratrem
750 2514 852 2560 suum.
896 2512 969 2558 eum
996 2500 1103 2559 autem
1127 2500 1237 2559 essent
1258 2492 1343 2558 Ara·
1358 2506 1391 2559 2⁰

165 2603 224 2670 bes
246 2604 381 2688 Saphln,
419 2603 493 2668 dolo
522 2611 654 2669 necatus
683 2611 733 2669 est
766 2602 950 2688 praedictus
979 2603 1055 2667 Hali
1077 2610 1109 2666 et
1132 2602 1343 2686 singulariter

166 2712 304 2797 imperat
318 2712 466 2778 blaubias
489 2713 578 2795 regio
601 2731 689 2778 more
704 2713 898 2779 Damascum
921 2713 1108 2778 inhabitans
1130 2713 1343 2796 pecuniarum

165 2821 231 2886 illic
253 2821 424 2888 thesauros
447 2821 635 2888 recondens.

249 2932 344 2996 Anno
365 2932 493 3016 imperii
515 2931 702 2997 Constantis
734 2951 820 2996 nono
852 2931 976 2996 decimo
1009 2931 1160 3015 apparuit
1191 2930 1342 2998 haeresis

164 3040 319 3123 Arabum,
357 3061 466 3107 eorum
496 3040 649 3106 uidelicet
678 3041 731 3123 qui
754 3040 900 3106 dicuntur
923 3040 1144 3123 Charurgitae.
1189 3040 1341 3107 Mauhias
1360 3053 1392 3105 2⁵

165 3155 273 3213 autem
295 3149 354 3214 bos
377 3168 550 3231 aggressus
573 3149 706 3233 eosqui
728 3158 820 3215 erant
841 3152 875 3215 in
896 3150 1029 3216 Perside
1058 3150 1248 3225 humiliauit
1283 3170 1342 3216 eos

166 3276 243 3322 uero
272 3258 327 3343 qui
355 3258 389 3322 in
411 3257 507 3342 Syria
535 3265 627 3323 erant
649 3260 805 3324 exultauit
826 3268 859 3326 et
880 3260 961 3326 alios
984 3259 1112 3345 quidem
1136 3261 1264 3325 uocauit
1286 3260 1343 3323 Hi-

165 3367 310 3451 samitas,
332 3367 414 3434 alios
437 3373 543 3433 autem
565 3368 756 3451 Heraclitus,
786 3377 817 3435 et
838 3370 1068 3435 Hisamitarum
1091 3369 1220 3451 quidem
1242 3368 1343 3434 dona·

165 3477 235 3543 tiua
256 3478 442 3545 sublimauit
463 3498 566 3562 usque
588 3477 632 3543 ad
653 3478 792 3544 ducenta
813 3480 1016 3563 numismata,
1046 3500 1142 3564 porro
1163 3479 1341 3545 Heraclitu-

166 3609 236 3654 rum
259 3587 409 3672 deposuit
430 3608 532 3672 usque
554 3586 597 3653 ad
618 3588 759 3673 triginta.
1359 3603 1391 3653 ao

250 3698 346 3763 Anno
375 3698 502 3784 imperii
531 3698 581 3764 sui
603 3697 766 3766 Constans
794 3697 948 3765 uicesimo
978 3698 1131 3765 derelicta
1154 3697 1340 3763 Constanti-

166 3806 277 3889 nopoli
298 3807 380 3872 abiit
402 3808 597 3892 Syracusam
619 3808 783 3874 ciuitatem
804 3808 936 3873 Siciliae
957 3809 1071 3874 uolens
1104 3808 1275 3891 imperium
1303 3809 1338 3872 in

167 3915 246 3980 urbe
267 3917 371 3982 Roma
391 3918 566 3984 transferre
589 3922 621 3981 et
648 3917 744 3983 mittit
766 3916 809 3982 ad
831 3917 1055 3984 adducendam
1085 3936 1217 3984 uxorem
1247 3938 1340 3984 suam

237 4186 248 4234 1
270 4182 385 4237 obtrnurt
402 4182 435 4238 ll
522 4189 537 4238 3
556 4189 582 4238 ct
597 4189 613 4239 6
631 4184 759 4239 mubaure
783 4182 810 4239 1>
902 4187 917 4237 5
945 4181 1069 4237 eufraten
1094 4182 1121 4239 Ι)
1190 4189 1203 4236 'l
1222 4185 1296 4265 halrn
1313 4183 1340 4240 Ι)

168 4275 227 4325 'let
244 4276 277 4325 22
296 4275 480 4331 muhauralD
582 4282 598 4332 9
622 4278 696 4331 texta
719 4275 754 4331 la
867 4279 896 4329 1³
914 4275 1042 4328 mabauru
1066 4275 1092 4328 Ι)
1195 4281 1225 4330 21
1253 4278 1289 4331 alr
1313 4276 1340 4333 Ι)

167 4365 199 4415 25
216 4372 364 4433 garurgrte3
393 4367 580 4424 Muhaurall)
690 4372 723 4422 ³0
741 4366 1036 4438 conltantmopohml)
