3236 5074
274 353 334 416 130
787 364 879 412 nunni
902 363 937 412 vr

271 520 370 586 armis
392 516 520 583 domum
544 517 636 584 abire
663 517 837 603 praecepit.
882 536 978 600 quam
1000 516 1154 581 Lucullus
1182 513 1349 598 excipiens
1377 511 1446 576 uni·

270 651 398 698 uersam
427 627 629 714 disperdidit.
673 647 748 693 narn
779 628 919 712 amplius
948 624 1131 710 quindecim
1159 625 1250 689 milia
1278 623 1444 688 hominum

269 749 345 806 tunc
365 739 567 806 interfecisse
588 743 747 803 narratur.
791 743 867 802 tune
889 738 985 803 ctiam
1009 737 1164 816 Fannius,
1188 735 1242 819 qui
1265 752 1301 800 se
1322 731 1445 798 Mithri-

270 851 338 918 dati
360 851 519 927 iunxerat,
542 854 575 914 ct
595 847 824 933 Metrophanes
846 848 955 932 regius
977 853 1107 932 praetor
1135 865 1156 910 a
1177 846 1338 911 Mamerco
1366 842 1443 908 uicti

270 979 341 1026 cnm
362 958 489 1026 duobus
511 958 642 1025 milibus
664 959 806 1042 equitum
829 959 863 1023 in
883 958 1039 1024 Moesiam
1060 956 1272 1041 profugerunt
1292 961 1388 1038 atque
1410 954 1481 1018 ino

270 1069 452 1137 Maeoniam
482 1067 622 1152 digressi
654 1070 688 1134 in
717 1069 815 1135 colles
844 1087 1039 1152 camposque
1060 1067 1219 1133 Inarimes
1251 1065 1443 1130 inciderunt.

270 1181 325 1246 ubi
355 1200 420 1244 non
450 1180 552 1244 solum
580 1186 707 1245 montes
737 1179 800 1245 usti
829 1180 881 1244 uel
909 1197 991 1244 saxa
1019 1177 1112 1262 quasi
1140 1176 1280 1260 quadam
1308 1175 1445 1258 fuligine

270 1289 438 1355 obfuscata
458 1295 631 1354 cernuntur
652 1308 762 1354 uerum
785 1289 882 1354 etiam
905 1288 1011 1373 campi
1038 1287 1187 1354 ambusto
1210 1287 1279 1352 solo
1301 1283 1443 1370 squalidi

269 1419 328 1484 per
356 1399 590 1484 quinquaginta
618 1399 708 1463 milia
737 1417 891 1482 passuum
921 1398 992 1465 siue
1021 1398 1087 1463 ullo
1113 1398 1200 1481 ignis
1228 1397 1281 1462 uel
1303 1395 1443 1461 fornacis
1605 1483 1606 1490 ἵ

234 1537 237 1548 ·
269 1510 389 1575 indicio
412 1517 444 1574 et
465 1509 605 1593 pendulo
633 1509 667 1573 in
696 1507 887 1593 prchrndum
916 1507 1024 1574 cinere
1052 1514 1162 1592 putres
1191 1508 1306 1588 iacent,
1338 1505 1442 1572 tribus
1462 1514 1494 1564 ιο
1605 1493 1606 1498 ’

270 1622 367 1687 ctiam
391 1620 471 1686 locis
492 1617 634 1684 torridae
649 1619 822 1702 uoragiues
838 1618 1059 1701 ostenduntur,
1084 1637 1166 1703 quas
1182 1617 1299 1682 Graeci
1314 1616 1442 1700 Physas
1605 1619 1606 1630 ¹

268 1736 394 1812 uocant,
424 1731 458 1794 in
486 1728 602 1814 quibus
631 1728 686 1794 diu
715 1729 902 1796 oberrantes
930 1728 1107 1813 inopinatis
1135 1725 1267 1793 tandem
1289 1725 1442 1811 periculis

269 1840 409 1924 exempti
433 1846 508 1906 sunt
530 1845 562 1905 et
583 1839 665 1903 clam
688 1839 722 1903 in
744 1840 831 1922 regis
853 1845 963 1904 castra
984 1847 1150 1904 uenerunt.
1195 1837 1369 1904 Deiotarus
1383 1855 1442 1902 rex

268 1949 514 2032 Gallograeciae
536 1948 715 2033 praefectos
736 1949 823 2032 regis
846 1949 930 2014 bello
952 1947 1134 2015 trucidauit.
1466 2033 1470 2040 .

201 2057 249 2122 VI
355 2060 484 2124 Interea
505 2057 708 2125 Mithridates
730 2057 818 2143 apud
840 2057 992 2143 Cyzicum
1015 2058 1128 2124 cadem
1152 2078 1242 2124 mora
1270 2075 1336 2142 qua
1357 2055 1491 2122 obsi-15

267 2168 366 2235 debat
387 2169 541 2235 obsessus
569 2169 604 2233 in
632 2187 783 2252 magnam
812 2169 982 2253 penuriam
1009 2170 1292 2253 pestilentiamque
1321 2167 1441 2233 exarci-

265 2285 332 2345 tum
355 2297 447 2344 suum
470 2279 636 2343 coartauit.
680 2298 755 2344 nam
783 2280 857 2364 plus
880 2299 976 2362 quam
999 2285 1143 2345 trecenta
1163 2279 1254 2345 milia
1275 2277 1440 2343 hominum

265 2389 350 2454 same
376 2395 408 2454 ct
431 2388 541 2453 morbo
563 2388 596 2453 in
620 2388 733 2454 eadem
757 2387 925 2456 obsidione
948 2389 1099 2456 amisisse
1121 2390 1229 2455 sertur.
1272 2388 1344 2473 ipsc
1368 2405 1439 2452 cum

263 2500 377 2584 paucis
399 2506 529 2584 arrepta
549 2499 627 2564 naui
649 2500 732 2564 clam
759 2500 841 2583 sugit
867 2519 909 2566 ex
930 2501 1055 2565 castris.
1099 2499 1251 2565 Lucullus
1273 2500 1439 2563 incruento

264 2610 367 2675 milite
391 2615 552 2692 spectator
574 2609 677 2676 cladis
707 2610 834 2675 alienae
856 2630 974 2675 nouum
996 2629 1100 2694 genus
1122 2609 1276 2674 uictoriae
1299 2607 1437 2692 adeptus
1456 2609 1491 2661 20

264 2726 322 2784 cst.
368 2739 443 2783 mox
464 2719 600 2783 Marium
633 2719 765 2786 adortus
796 2719 874 2784 uicit
906 2719 1102 2803 fugauitque.
1153 2719 1187 2786 in
1221 2737 1284 2802 quo
1315 2718 1438 2803 proelio

264 2829 337 2912 plus
361 2847 457 2910 quam
479 2827 628 2893 undecim
650 2829 741 2892 milia
762 2829 978 2894 Marianorum
1008 2829 1143 2894 militum
1166 2829 1335 2894 interfecta
1359 2829 1438 2894 rese-

263 2945 387 3003 runtur.
431 2938 584 3003 Lucullus
607 2944 721 3022 postea
743 2956 813 3002 cum
836 2937 948 3003 eodem
963 2938 1065 3003 Mario
1087 2939 1198 3003 nauali
1220 2938 1342 3023 proelio
1365 2956 1438 3002 con·

239 3041 242 3048 ’
262 3068 397 3132 gressus
421 3047 553 3130 triginta
581 3055 612 3112 et
640 3047 723 3113 duas
752 3067 854 3114 naues
883 3048 990 3131 regias
1013 3056 1045 3114 et
1066 3050 1247 3133 complures
1269 3047 1437 3114 onerarias

263 3165 319 3222 aut
341 3156 495 3222 demersit
516 3164 572 3221 aut
593 3157 688 3241 cepit.
733 3157 824 3221 multi
854 3157 899 3222 ibi
928 3177 968 3223 er
990 3157 1042 3224 his
1064 3179 1145 3243 quos
1167 3158 1258 3224 Sulla
1279 3157 1437 3243 proscrip—
1454 3167 1487 3215 2⁵

263 3271 350 3331 serat
382 3266 566 3350 interempti
594 3273 678 3333 sunt.
733 3267 855 3334 Marius
883 3274 1013 3352 postera
1042 3268 1095 3334 die
1123 3267 1164 3333 de
1193 3268 1349 3353 spelunca
1379 3267 1436 3331 uhi

261 3374 386 3441 latebat
418 3381 580 3441 extractus
609 3377 741 3443 meritas
770 3376 897 3444 hostilis
927 3377 1026 3442 animi
1055 3397 1180 3463 poenas
1209 3377 1277 3443 luit.
1322 3376 1434 3443 eodem

261 3506 339 3551 uero
355 3487 508 3552 Lucullus
530 3487 690 3570 imperatu
704 3485 875 3572 Apamiam
891 3487 1035 3553 uastauit
1050 3495 1082 3552 et
1097 3487 1156 3552 sub
1172 3493 1280 3552 munte
1295 3487 1433 3573 Olympo

260 3597 397 3664 Prusam
420 3595 670 3663 munitissimam
691 3598 863 3678 ciuitatem,
894 3606 1023 3682 captam
1052 3605 1334 3682 expugnatamque
1357 3596 1433 3662 diri-

260 3707 338 3792 puit.
388 3706 591 3774 Mithridates
620 3707 777 3774 aduersus
806 3707 999 3791 Byzantium
1028 3707 1185 3773 instructa
1212 3709 1317 3774 classe
1345 3707 1436 3773 naui·
1453 3709 1486 3760 ³⁰
1605 3717 1606 3724 ’

259 3836 343 3900 gans
371 3824 563 3901 tempestate
591 3823 756 3902 correptus
784 3817 948 3900 octoginta
976 3822 1132 3883 rostratas
1159 3835 1261 3884 naues
1282 3816 1434 3901 perdidit.

260 3927 332 4010 lpse
354 3935 461 3992 autem
484 3945 556 3991 cum
579 3935 733 4010 quassata
754 3929 818 3993 iam
835 3927 911 3991 naui
926 3933 1133 4011 mergeretur,
1156 3927 1191 3991 in
1205 3946 1436 4013 myoparonem

330 4125 345 4172 4
369 4119 557 4188 metraphanes
579 4119 604 4172 I)
707 4123 723 4172 6
747 4133 878 4172 moemam
902 4116 966 4175 ΒΡ.
992 4119 1094 4172 emend.
1118 4135 1156 4174 cx
1181 4117 1277 4175 Oresio
1303 4119 1436 4172 Gruterus

259 4215 274 4264 6
292 4211 373 4264 colles
389 4212 429 4266 P:
447 4212 515 4266 colle
535 4211 559 4265 D
609 4211 742 4265 meremor
759 4209 811 4265 ΒΡ
895 4195 924 4263 1Ἰ
944 4211 1044 4282 phyras
1060 4211 1099 4276 1),
1116 4211 1215 4282 physas
1229 4217 1278 4265 aut
1295 4212 1394 4281 physas
1409 4209 1437 4264 P

261 4307 290 4355 lh
309 4303 436 4359 crzrm'D
506 4308 535 4355 ll
554 4311 666 4358 trecenti
684 4303 711 4358 B
779 4307 810 4357 25
832 4301 940 4372 syllal)
1008 4309 1040 4356 tl
1059 4304 1184 4372 penasD
1257 4307 1291 4358 29
1308 4305 1432 4370 Pmsam]

257 4397 330 4464 prius
347 4396 381 4449 ad
401 4396 432 4462 D,
451 4389 558 4464 pr'rusad
566 4395 599 4460 P,
618 4396 805 4466 Opusamcod.
817 4393 927 4450 Pitheci
976 4403 1057 4467 capta
1074 4403 1251 4466 expugnataq.
1263 4395 1290 4451 D
1340 4402 1373 4454 3⁰
1391 4397 1432 4451 br·

256 4495 374 4545 nanuum
392 4486 419 4541 D
494 4491 525 4541 uh
544 4495 633 4542 autem
651 4487 748 4544 om.D
799 4489 893 4560 quassa
910 4488 937 4543 D
988 4492 1167 4560 moeoparond
1185 4489 1212 4544 D
