2834 5394
600 712 674 761 cue.
696 709 796 757 1-1111
1222 694 1282 756 195

148 883 194 943 ras,
223 882 356 948 quarum
387 882 541 931 numems
573 861 615 928 ad
648 863 826 948 nonaginta
860 861 949 927 milia
981 861 1147 927 bominum
1179 860 1280 927 luisse

148 980 265 1040 narratur.

202 1083 318 1164 Quibus
340 1089 418 1150 ante
439 1083 604 1151 obscaena
626 1091 659 1149 et
679 1083 751 1150 dira
773 1082 923 1168 prodigia
950 1084 1001 1148 uel
1030 1082 1104 1148 uisa
1124 1083 1176 1147 uel
1198 1103 1278 1147 uun·

147 1195 200 1260 tiata
215 1202 293 1261 suut.
331 1194 471 1260 etenim
493 1196 588 1262 stella
609 1196 816 1279 praefulgens
837 1191 948 1277 gladio
975 1213 1035 1278 per
1062 1192 1171 1257 omnia
1193 1192 1279 1258 simi·
1300 1185 1348 1250 Ill

127 1303 175 1370 tls
188 1305 341 1371 imminere
363 1304 506 1390 desuper
527 1305 650 1371 ciuitati
679 1312 711 1370 et
737 1311 876 1370 cometes
904 1310 1073 1388 praeterea
1095 1301 1281 1369 exitialibus

147 1413 249 1483 bunis
276 1414 401 1496 ardere,
433 1435 494 1500 per
521 1422 622 1480 toturn
652 1415 724 1481 uisa
752 1421 802 1480 est
823 1434 953 1479 annum.
998 1413 1056 1480 sed
1078 1419 1110 1478 et
1131 1419 1207 1478 ante
1229 1432 1281 1478 en-

147 1523 198 1591 ulii
219 1532 342 1610 tempus
386 1544 424 1590 ac
465 1525 543 1590 belli
586 1544 657 1590 cum
700 1525 810 1610 populi
853 1522 896 1589 ad
931 1523 1016 1589 diem
1053 1523 1171 1589 festum
1208 1543 1281 1609 azy·

146 1654 234 1700 nomm
266 1635 486 1718 conuenirent
520 1641 634 1700 octauo
666 1633 719 1700 die
753 1635 875 1701 mensis
897 1634 1029 1719 Aprilis,
1068 1633 1171 1701 noetis
1204 1640 1281 1698 tem-

145 1763 199 1828 pore
215 1745 290 1811 bora
321 1764 410 1811 nona
437 1751 546 1812 tantus
576 1745 708 1812 luminis
737 1746 842 1829 fulgor
869 1765 960 1810 aram
982 1744 1200 1828 templumque
1222 1744 1281 1808 oir-

111 1861 135 1911 tu
145 1854 274 1922 condedit
302 1862 337 1921 ut
366 1862 518 1941 putarent
539 1875 651 1921 omnes
674 1854 760 1921 diem
783 1855 996 1921 clarissimum
1019 1855 1136 1919 iactum
1159 1862 1191 1919 ct
1213 1873 1282 1938 per-

144 1966 233 2032 mansit
251 1967 356 2051 spatio
372 1965 471 2031 horae
486 1963 652 2030 dimidiae.
697 1965 782 2050 quod
798 1965 944 2049 inperitis
960 1962 1090 2048 quidem
1109 1970 1141 2029 ot
1155 1962 1281 2047 ignaris

144 2092 299 2160 prosperum
315 2075 486 2143 uidebatur
507 2073 565 2142 sed
579 2075 661 2159 legis
677 2075 798 2160 peritos
822 2083 853 2141 et
875 2075 993 2159 probos
1017 2092 1161 2158 quosque
1177 2071 1282 2138 docto·

144 2202 181 2250 res
196 2205 250 2251 nou
271 2187 365 2252 latuit
386 2186 516 2251 exitiale
537 2194 729 2271 portentum.
773 2185 807 2250 in
829 2184 942 2251 cadem
958 2203 1086 2269 quoque
1105 2183 1281 2250 lestiuitate

146 2293 220 2360 uitnls
239 2296 406 2363 sacrifieiis
428 2295 612 2362 admotaet
634 2296 700 2364 aris
723 2297 883 2363 assistens
905 2295 988 2360 inter
1009 2295 1100 2380 ipsas
1123 2293 1281 2360 ministro·

116 2408 194 2468 lirun
210 2426 319 2472 manus
342 2406 440 2471 enixa
468 2413 517 2472 est
544 2427 672 2490 agnum.
715 2405 774 2474 sed
803 2414 834 2471 ct
862 2405 960 2470 ianua
987 2404 1149 2472 interioris
1178 2403 1282 2486 aedis,

146 2532 204 2594 quae
231 2515 424 2600 respiciebat
457 2516 611 2582 orientem
645 2536 717 2581 cum
750 2524 838 2583 essct
866 2536 942 2582 aere
970 2515 1074 2582 solido
1101 2514 1215 2580 induta
1243 2534 1282 2580 ae

145 2623 247 2704 perinde
266 2626 407 2692 inmensi
429 2625 591 2710 ponderis,
615 2646 698 2711 quae
721 2626 776 2692 uix
799 2626 913 2710 uiginti
928 2625 1008 2692 uiris
1024 2645 1148 2693 summo
1163 2633 1280 2690 conatu

145 2729 353 2817 inpellentibus
389 2734 600 2817 clauderetur,
639 2736 752 2802 ferreis
790 2756 916 2821 quoque
953 2736 1099 2802 uectibus
1137 2742 1168 2800 ct
1200 2736 1281 2801 seris

145 2845 237 2911 unnita
256 2865 294 2911 ao
316 2844 457 2930 pessulis
479 2845 512 2910 in
536 2846 634 2910 altum
658 2845 802 2912 dimissis
824 2853 987 2912 teneretur
1009 2846 1171 2925 obstricta,
1202 2843 1283 2909 bora

116 2955 220 3021 umcds
240 2962 330 3023 sexta
353 2955 504 3040 apparuit
525 2963 657 3040 repente
680 2956 850 3040 patefacta.
895 2954 954 3021 sed
982 2962 1014 3020 ct
1041 2962 1205 3021 transacto
1228 2953 1282 3021 die

145 3059 200 3129 iuro
218 3075 288 3150 post
310 3066 433 3151 aliquot
455 3064 526 3131 (lies
549 3067 654 3150 prima
676 3074 708 3130 ct
729 3066 886 3132 uicesima
908 3067 961 3131 dio
984 3066 1104 3132 mensis
1120 3065 1196 3130 Maii
1212 3086 1283 3149 pro·

144 3168 256 3256 iiglosus
277 3175 429 3261 apparuit
451 3176 541 3241 uisus
569 3185 600 3240 et
629 3174 724 3240 fidem
754 3196 858 3260 pacuc
887 3174 1057 3257 excedens,
1091 3175 1175 3260 quod
1205 3194 1282 3241 uere

143 3278 228 3349 fulsum
254 3294 420 3371 putaretur
460 3286 523 3352 nisi
551 3288 713 3350 oculorum
742 3286 837 3351 fidem
871 3287 1093 3352 confirmasset
1125 3287 1282 3350 malorum

143 3402 282 3461 ouecuta
303 3397 474 3481 pernicies.
518 3403 549 3461 et
571 3397 656 3460 onim
672 3417 773 3481 prrope
789 3397 867 3462 solis
883 3416 1032 3462 occasum
1048 3396 1110 3462 uisi
1127 3402 1201 3462 sumt
1216 3413 1282 3459 eur-

118 3512 181 3569 uus
197 3513 224 3571 et
243 3506 420 3591 quadrigae
442 3507 477 3571 in
499 3507 585 3570 omni
610 3507 741 3590 regione
770 3527 827 3591 per
849 3527 955 3572 acrem
979 3507 1064 3587 ferri,
1093 3514 1124 3571 ct
1146 3511 1281 3571 armato-

145 3627 193 3677 rum
211 3616 352 3682 eohortes
375 3616 501 3681 misceri
524 3616 664 3682 nubibus
687 3624 719 3682 ct
741 3618 852 3681 urbem
875 3617 1073 3682 circumdare
1095 3615 1279 3700 agminibus

146 3716 307 3806 inprouisis.
353 3728 386 3791 in
409 3727 473 3791 alio
496 3725 607 3791 itidem
630 3726 682 3791 dic
699 3727 792 3803 iusto,
814 3729 868 3811 qui
883 3729 1071 3793 Pentecoste
1087 3727 1278 3811 appellatur,

146 3839 210 3900 rute
240 3834 424 3902 sacerdotes
454 3837 593 3920 ingressi
634 3838 786 3921 templum
826 3838 868 3902 ad
908 3837 1089 3903 ministeria
1121 3857 1161 3902 cx
1194 3856 1281 3900 more

147 3946 302 4029 conplenda
329 3946 433 4032 primo
462 3947 591 4030 quidem
621 3954 725 4013 motus
756 3946 913 4031 quosdam
936 3949 1152 4033 strepitusque
1175 3965 1283 4012 seuse-

112 4054 203 4134 ΗΠΒ,
230 4062 292 4122 tum
326 4056 444 4123 deinde
481 4076 576 4122 uoces
607 4057 731 4123 subitas
760 4056 895 4122 audiunt
924 4058 1067 4123 dicentes
1097 4058 1281 4139 ‘migremus

149 4153 211 4228 liud.
240 4166 377 4232 Additur
399 4166 450 4232 his
473 4167 562 4231 aliud
584 4167 769 4233 terribilius.
815 4173 846 4232 et
869 4169 953 4233 enim
978 4167 1107 4251 quidam
1131 4166 1279 4231 Ananiae
1302 4159 1366 4226 IIII

149 4263 214 4356 filius,
232 4276 319 4344 lesus
341 4277 481 4358 nomine,
505 4276 555 4341 uir
567 4276 713 4361 plebeius
737 4283 768 4342 ct
791 4277 929 4345 rusticus
945 4286 1020 4344 ante
1037 4285 1183 4363 quartum
1207 4276 1282 4342 bclli

152 4389 404 4414 g..-

195 4465 371 4523 tobloenaD
458 4473 488 4522 nt
512 4468 584 4522 idem
600 4468 731 4538 Iosephus
750 4469 815 4523 dicit
834 4478 901 4541 post
923 4469 1045 4539 prodigia
1062 4470 1125 4525 add.
1144 4471 1221 4542 capud
1239 4469 1283 4524 lo·-

154 4544 227 4609 ticum
265 4561 511 4616 -tazrmorumD
563 4561 739 4616 SoctsuaD
794 4567 822 4616 ts
841 4561 974 4618 amutal)
1055 4568 1083 4618 ts
1102 4582 1120 4619 u
1139 4565 1166 4618 iu
1184 4564 1283 4629 uocub3

163 4653 306 4709 *romb
395 4659 423 4709 19
443 4654 631 4710 obltrrcatal)
716 4659 749 4708 20
767 4656 903 4724 patefacte
922 4663 950 4709 ut
969 4656 1023 4710 uid.
1046 4657 1081 4710 1³¹
1168 4661 1199 4711 23
1218 4674 1283 4712 ocu·

154 4726 213 4793 lorum
224 4743 284 4802 lulei
297 4748 334 4816 1),
350 4749 491 4804 oculorum
507 4749 563 4803 fule
581 4748 613 4814 P,
632 4748 735 4802 cnreud.
756 4749 887 4803 Gruterus
955 4754 987 4803 ut
1006 4752 1097 4806 currel
1113 4751 1139 4804 D
1189 4754 1221 4805 ab
1239 4767 1284 4805 ur·

156 4819 218 4885 mu
271 4845 300 4896 u
319 4844 492 4913 muscanea
509 4842 536 4897 u
604 4846 636 4896 aa
654 4841 784 4895 uestro

1030 4949 1081 5000 13*
