2834 5394
183 285 244 348 131
696 296 789 343 nuum
810 297 848 343 vr

180 452 300 517 frustra
327 448 422 515 ambo
451 448 600 517 consules
632 449 745 533 copiis,
779 456 913 534 accepta
944 448 1039 532 graui
1072 444 1164 513 clade
1197 446 1358 538 fugerunt.

181 559 298 625 dehine
321 558 438 625 Gaium
454 559 604 627 Cassium
627 579 686 644 pro
709 559 841 626 consule
864 558 949 624 idem
965 558 1143 644 Spartacus
1165 576 1359 641 oppressum

181 670 266 736 bello
288 670 457 736 interfecit.
501 672 611 755 itaque
634 671 790 737 exterrita
811 669 942 735 ciuitate
965 689 1031 733 non
1052 668 1177 734 minore
1191 686 1359 752 propemo-

180 779 258 845 dum
280 786 368 847 metu
390 802 485 865 quam
509 782 569 847 sub
591 781 777 846 Hannibale
799 781 886 846 eirca
907 787 1018 865 portas
1040 779 1197 844 fremente
1219 777 1359 862 trepida·

182 898 282 975 uerat,
306 899 438 958 senatus
460 892 603 956 Marcum
624 892 785 956 Licinium
809 890 964 957 Crassum
986 910 1058 955 cum
1081 889 1268 974 legionibus
1290 907 1359 953 eon·

182 1002 287 1066 sulum
309 1021 458 1086 nouoque
481 1002 705 1086 supplemento
727 1002 864 1067 militum
886 1001 984 1067 misit.
1028 1001 1057 1067 is
1091 1021 1164 1065 mou
1193 1007 1230 1064 ut
1257 998 1359 1082 fugiti-

182 1131 294 1175 uorum
316 1132 458 1196 pugnam
481 1112 562 1193 iniit,
587 1132 645 1178 sex
667 1112 758 1177 milia
772 1131 882 1177 eorum
899 1111 1066 1193 interfecit,
1090 1117 1162 1175 octo
1177 1110 1272 1174 milia
1286 1126 1359 1175 uero

182 1222 276 1304 cepit.
320 1220 397 1288 inde
418 1222 607 1308 priusquam
632 1223 738 1308 ipsum
761 1224 952 1307 Spartacum
981 1221 1025 1286 ad
1047 1227 1143 1305 eaput
1165 1219 1286 1286 Silaris
1308 1218 1359 1284 flu·

183 1330 279 1398 minis
302 1338 603 1399 castrametantem
633 1332 719 1398 bello
740 1332 983 1416 adgrederetur,
1014 1330 1128 1396 Gallos
1150 1331 1358 1396 auxiliatores

182 1442 252 1509 eius
276 1441 521 1527 Germanosque
545 1442 722 1527 superauit,
746 1463 764 1509 c
788 1443 905 1527 quibus
927 1442 1060 1526 triginta
1082 1441 1173 1507 milia
1195 1441 1357 1505 hominum

182 1571 254 1617 eum
287 1553 369 1638 ipsis
401 1552 536 1619 ducibus
572 1553 697 1619 oceidit.
753 1554 931 1620 nouissime
962 1553 1069 1637 ipsum
1102 1551 1297 1636 Spartacum
1330 1551 1356 1615 in

182 1663 304 1748 Apulia
325 1663 486 1749 disposita
507 1664 578 1730 acie
600 1682 810 1747 congressum
833 1664 1058 1746 unanimesque
1087 1680 1160 1727 cum
1189 1680 1229 1727 eo
1259 1659 1357 1743 fugiti-

182 1793 295 1839 uorum
318 1775 429 1858 copias
450 1775 595 1859 perculit.
640 1793 715 1838 nam
739 1775 911 1858 sexaginta
933 1774 1024 1839 milia
1046 1792 1157 1838 eorum
1172 1790 1282 1853 caesa,
1306 1790 1358 1836 sex

186 1883 277 1949 milia
297 1890 394 1968 capta
415 1886 604 1950 referuntur.
648 1885 712 1949 tria
738 1885 829 1950 milia
851 1884 969 1949 ciuium
992 1886 1209 1948 Romanorum
1233 1887 1359 1965 recepta

186 2000 270 2058 sunt.
315 1994 413 2059 ceteri
435 1995 490 2079 qui
512 2013 552 2060 ex
574 1993 635 2059 hoc
656 1995 742 2060 bello
763 1995 848 2079 lapsi
871 1994 1075 2074 oberrabant,
1098 2012 1158 2078 per
1180 1992 1359 2076 complures

186 2101 284 2168 duces
306 2103 464 2185 frequenti
486 2104 641 2187 indagine
664 2105 773 2170 adtriti
796 2102 886 2187 sunt>
909 2112 940 2169 et
962 2112 1036 2189 post
1057 2104 1186 2170 multas·
1199 2102 1359 2168 calamita·

186 2219 235 2279 tes
257 2212 373 2278 Italiae
394 2214 488 2278 tertio
511 2234 598 2279 anno
620 2215 705 2281 bello
728 2214 803 2280 huic
824 2215 899 2280 finis
921 2215 1103 2300 impositus.

90 2311 170 2378 VIII
276 2325 371 2392 Anno
393 2324 435 2390 ab
457 2324 536 2390 orbe
558 2324 689 2390 condita
710 2325 944 2392 sexcentesimo
967 2325 1164 2408 octogesimo
1179 2324 1286 2408 primo
1302 2320 1359 2386 duo

184 2441 309 2501 tantum
337 2435 453 2519 mauis
478 2435 566 2501 bella
594 2436 628 2500 in
657 2436 793 2520 imperio
814 2437 960 2501 Romano
988 2441 1081 2501 arant
1109 2433 1359 2499 Mithridaticum

187 2553 219 2612 et
239 2545 491 2612 Macedonicum.
536 2545 616 2609 haec
644 2544 707 2610 duo
736 2545 862 2610 Luculli
876 2622 878 2626 ¹
891 2545 1032 2629 agebant
1059 2544 1179 2610 Lucius
1208 2543 1359 2608 Lucullus

187 2664 219 2722 et
240 2656 367 2723 Marcus
389 2657 551 2722 Lucullus.
595 2656 714 2721 Lucius
736 2674 813 2738 ergo
835 2656 988 2720 Lucullus
1010 2660 1084 2738 post
1104 2674 1247 2738 pugnam
1271 2652 1359 2737 Cyzi·

187 2784 310 2847 cenam,
340 2787 405 2851 qua
426 2768 549 2831 uicerat
576 2764 804 2847 Mithridatem,
834 2773 865 2830 ot
892 2765 1042 2830 naualem
1071 2784 1136 2849 qua
1164 2763 1264 2830 duces
1294 2764 1359 2829 eius

188 2882 410 2961 oppresserat,
444 2882 631 2961 persecutus
665 2884 715 2942 est
743 2895 815 2940 eum
844 2882 875 2940 61
914 2882 1043 2960 recepta
1071 2873 1300 2959 Paphlagonia
1334 2881 1359 2938 61

187 2985 342 3072 Bithynia
363 2988 461 3053 etiam
483 3006 617 3069 regnum
639 2987 709 3052 eius
731 2986 861 3051 inuasit.
906 2985 1051 3069 Sinopen
1073 2992 1106 3051 61
1128 2985 1262 3050 Amison
1286 2983 1359 3049 ciui·

187 3103 270 3162 tates
292 3097 387 3161 Ponti
414 3096 636 3163 nobilissimas
665 3095 760 3180 cepit.
804 3092 880 3178 <sed
910 3095 1053 3178 Sinopen
1076 3095 1232 3161 Seleucus
1261 3092 1359 3160 archi·

188 3207 295 3290 pirata
316 3214 348 3271 et
363 3205 574 3274 Cleosclrares
596 3205 709 3291 spado,
732 3205 787 3291 qui
809 3204 966 3289 praesidii
988 3224 1088 3271 eausa
1102 3209 1296 3289 praeerant„
1311 3223 1359 3270 ex·

189 3316 323 3400 pilatum
365 3325 462 3400 atque
504 3317 669 3384 incensam
712 3317 918 3400 reliquerunt.
976 3315 1129 3380 Lucullus
1173 3315 1359 3380 miserorum

188 3425 329 3492 hostium
352 3427 506 3494 intestina
526 3425 619 3493 clade
641 3434 806 3512 permotus
828 3425 924 3491 celeri
953 3443 1087 3491 occursu
1115 3424 1297 3491 immissum
1320 3442 1359 3488 re

189 3537 303 3604 stiuxit
323 3536 517 3605 incendium.
544 3539 590 3603 ita
611 3536 732 3603 misera
753 3537 868 3602 ciuitas
889 3555 986 3601 uersa
1008 3535 1080 3600 uice
1102 3532 1243 3600 hostium
1266 3534 1359 3600 socio·

190 3669 323 3734 rumque
344 3648 430 3717 unde
451 3647 658 3715 defendenda
679 3645 860 3732 disperdita
883 3652 914 3710 et
936 3644 1021 3711 unde
1050 3641 1272 3729 disperdenda
1300 3662 1359 3710 ser

189 3767 266 3824 uata
287 3767 345 3825 est.
389 3765 560 3844 praeterea
580 3758 733 3824 Lucullus
754 3763 978 3840 transgressus
1001 3755 1157 3819 Eufraten
1179 3759 1211 3819 et
1234 3751 1359 3837 Tigrin]

259 4062 273 4110 'l
298 4055 365 4111 rmrd
388 4055 414 4109 D
505 4059 567 4109 octo
596 4052 677 4116 milia]
704 4052 803 4105 Actum
825 4048 876 4104 ΒΡ
901 4054 946 4114 (00
972 4048 1029 4119 soit
1053 4051 1117 4101 octo
1135 4044 1184 4099 M?
1202 4045 1240 4115 es.
1268 4045 1307 4099 ad
1337 4064 1359 4119 μ

194 4154 250 4213 113,
260 4155 285 4215 5)
367 4146 533 4217 Scapudl)
620 4148 650 4199 11
669 4143 822 4214 dispositum
840 4143 866 4197 D
937 4145 967 4194 18
985 4139 1181 4195 Sexcentefrmo
1200 4141 1359 4208 octogesimo

191 4257 276 4311 primo
293 4256 364 4297 anno
380 4247 386 4312 ι
400 4242 474 4297 urbis
490 4240 596 4310 coudaq
613 4238 706 4309 publio
717 4263 722 4273 ·
733 4236 864 4290 someho·
876 4242 980 4289 tantum
995 4235 1000 4302 l
1017 4233 1043 4287 B
1102 4231 1217 4286 ducem.
1229 4230 1256 4285 D
1336 4236 1359 4285 11

192 4351 220 4388 m
237 4350 288 4388 om.
307 4333 334 4388 B
461 4332 672 4389 mutndatreu'ul)
765 4327 984 4383 1160166011)
1087 4328 1119 4378 11
1138 4323 1293 4394 paflagonia
1314 4324 1359 4380 BL

192 4430 224 4480 11
242 4425 365 4496 bythinia
382 4425 547 4490 B,b1thrn1a
566 4425 591 4480 D
642 4422 754 4479 amuflon
772 4421 853 4477 BDP
920 4424 952 4474 15
972 4424 1061 4488 coepit
1079 4417 1106 4472 B
