2834 5394
567 693 639 741 css.
663 693 837 741 xxi-xurr
1245 680 1286 741 93

213 843 314 931 <lgibu
335 845 535 930 Carthagine
556 846 797 930 Numantiaque
818 844 924 912 deleta
946 847 1047 911 oritur
1068 845 1154 932 apud
1169 849 1284 911 Itoma-
1305 845 1417 910 XXII

154 978 197 1024 nos
210 957 283 1024 utilis
303 956 346 1023 de
367 956 554 1042 promisione
575 955 725 1040 conlatio,
749 964 781 1022 et
795 957 895 1021 oritur
910 957 1041 1023 infamis
1056 956 1097 1023 de
1112 957 1287 1022 ambitione

152 1068 284 1134 orbato.
330 1066 498 1134 Gracchus
514 1067 663 1133 tribunus
684 1067 773 1151 plebi
803 1067 905 1132 iratus
926 1067 1103 1148 nobilitati,
1126 1087 1182 1132 cur
1203 1068 1287 1133 inter

150 1184 263 1244 adores
283 1178 477 1244 Numantini
498 1176 639 1243 loederis
668 1183 796 1243 notatus
826 1185 927 1260 esset,
961 1198 1074 1261 agrum
1103 1198 1124 1242 a
1149 1178 1287 1263 priuatis

128 1296 250 1355 tabum
278 1308 470 1374 possessum
507 1288 628 1374 populo
666 1286 769 1352 diuidi
802 1288 922 1353 statuit.
990 1287 1125 1353 Octauio
1158 1288 1287 1353 tribuno

147 1399 222 1482 plebis
247 1397 419 1465 obsistenti
447 1398 567 1464 ademit
594 1397 773 1482 imperium,
807 1405 840 1463 et
866 1417 1084 1465 successorem
1112 1398 1287 1463 Minucium

146 1507 214 1575 dedit
265 1508 318 1575 his
355 1509 463 1575 causis
499 1515 647 1575 senatum
684 1508 742 1590 ira,
779 1508 933 1592 populum
970 1508 1123 1592 superbia
1155 1508 1287 1574 inuasit.

145 1614 279 1686 Gracchus
300 1620 441 1703 gratiam
461 1619 572 1704 populi
594 1618 699 1702 pretio
721 1625 878 1703 appetens
900 1618 1004 1702 legem
1027 1619 1099 1683 tulit
1121 1618 1168 1683 uti
1193 1638 1287 1703 pecu-

146 1728 184 1792 nia
211 1749 290 1814 quae
333 1730 448 1796 luisset
482 1728 599 1811 Attali,
643 1728 763 1813 populo
800 1727 1055 1794 distribueretur.
1110 1728 1287 1814 obsistente

116 1836 237 1904 rtlaica
256 1839 355 1904 etiarn
377 1838 551 1924 Pompeius
580 1838 754 1923 spopondit
782 1858 817 1905 se
840 1837 1023 1902 Gracchum
1050 1857 1122 1902 cum
1149 1839 1287 1922 primum

147 1949 307 2031 magistratu
341 1949 465 2016 abisset
496 1954 730 2015 accusaturum.
775 1947 942 2014 Gracchus
970 1968 1042 2013 cum
1070 1952 1226 2014 niteretur
1254 1955 1289 2013 ut

145 2055 195 2140 ipse
219 2059 365 2125 tribunus
392 2058 482 2144 plebi
503 2059 721 2143 subsequente
748 2078 834 2124 anno
862 2064 1082 2142 permaneret,
1115 2057 1289 2142 pullarium

146 2164 206 2232 doni
231 2169 392 2236 consuluit
419 2169 461 2234 ab
490 2187 594 2253 eoque
620 2169 667 2234 ire
696 2170 728 2233 in
752 2188 899 2252 campum
922 2169 1104 2253 prohibitus
1126 2175 1186 2234 cst.
1231 2167 1289 2233 sed

146 2294 194 2342 cun
212 2280 417 2364 pertinaciter
437 2285 596 2364 pergeret,
627 2279 674 2344 sio
695 2279 787 2345 illisit
809 2299 883 2345 mox
904 2284 996 2345 extra
1017 2278 1149 2343 ianuam
1172 2276 1288 2363 pedem

118 2395 170 2451 ttut
183 2388 242 2456 eius
263 2389 467 2456 excideretur
488 2389 652 2456 articulus.
696 2388 815 2456 deinde
838 2398 903 2456 tres
925 2390 1013 2454 corui
1028 2388 1201 2472 prodeunti
1216 2406 1287 2452 cum

146 2498 249 2566 uocibus
281 2499 430 2566 aduersis
452 2500 677 2565 inuolaueruut
697 2506 730 2565 ct
757 2506 1009 2584 compugnantes
1037 2500 1179 2589 tegulam
1212 2506 1288 2564 ante

145 2607 220 2688 pedes
240 2610 308 2676 eius
329 2609 524 2676 deiecerunt.
567 2628 704 2694 eumque
726 2610 761 2673 iu
775 2609 934 2694 Capitolio
956 2609 1145 2690 consuleret,
1168 2608 1288 2675 similia

146 2718 263 2801 auspicia
282 2719 406 2785 habuit.
450 2727 482 2785 et
509 2739 581 2784 cum
610 2720 809 2785 comitiorum
831 2720 884 2784 die
907 2718 1082 2784 seditiones
1104 2719 1215 2803 populi
1238 2737 1288 2782 ac·

148 2827 276 2911 uenderet,
305 2836 436 2895 auctore
458 2830 580 2896 Nasica
608 2829 808 2895 inflammata
830 2829 983 2894 nobilitas
1006 2829 1194 2911 tragnrcntis
1217 2827 1289 2892 sub-

116 2936 281 3004 taborum
304 2941 432 3024 plebem
455 2940 587 3024 fugauit.
632 2939 797 3005 Gracchus
823 2959 880 3024 per
895 2937 1016 3022 gradus
1032 2939 1086 3021 qui
1103 2943 1177 3004 sunt
1192 2957 1289 3021 super

148 3042 325 3130 Gnlpumium
348 3051 503 3116 fornicem
525 3049 668 3116 detracto
690 3051 826 3115 amiculo
855 3049 982 3132 lugiens
1004 3049 1086 3114 ictus
1109 3049 1289 3132 fragmento

149 3154 264 3225 subsellii
286 3161 414 3244 corruit,
443 3179 618 3245 mrsusque
646 3158 827 3243 adsurgens
850 3160 915 3224 alio
937 3160 1000 3224 ictu
1023 3160 1136 3225 clauae
1157 3160 1288 3224 cerebro

150 3260 276 3349 inpactae
305 3271 509 3337 exanimatus
538 3277 597 3337 cst.
647 3268 776 3335 ducenti
804 3275 972 3353 practerea
999 3271 1032 3334 in
1062 3290 1102 3335 ea
1129 3270 1288 3335 seditione

150 3371 273 3444 hterlccti
296 3400 471 3464 eorumque
493 3400 627 3465 corpora
654 3379 689 3445 in
711 3379 853 3444 Tiberim
882 3379 1027 3464 proiecta
1055 3385 1139 3444 sunt.
1183 3380 1288 3462 ipsius

117 3490 244 3570 &tumne
264 3490 402 3555 Gracchi
425 3490 626 3556 inhumatum
648 3489 789 3555 cadauer
810 3488 964 3554 extabuit.

209 3598 328 3665 Interea
349 3608 420 3666 orta
441 3601 475 3665 in
497 3600 611 3666 Sicilia
632 3599 709 3664 belli
738 3600 868 3666 seruilis
896 3599 1046 3683 contagio
1076 3599 1193 3665 mrrltas
1221 3598 1288 3663 late
1312 3591 1409 3658 XXII

150 3697 230 3773 iniecit
259 3711 453 3794 prouincias.
498 3731 575 3776 nam
608 3717 639 3775 et
667 3710 838 3775 Miutumis
872 3709 1100 3793 qrradringenti
1133 3708 1288 3794 quinqua·

154 3870 419 3891 N—-——

200 3988 415 4058 t—st,18(>lt:
433 4006 494 4043 mox
512 3998 594 4043 otram
612 3989 986 4044 decimatrumulhrutulde
998 3988 1107 4044 callecrs
1121 4006 1124 4048 t
1139 3986 1294 4041 &lusitanus
1407 3984 1412 3993 '

153 4083 223 4142 mtto
236 4080 318 4148 glorta
334 4083 512 4150 tnumphamt
531 4107 536 4117 ·
553 4082 590 4135 Et
616 4082 675 4151 post
694 4081 776 4150 lcrpro
800 4081 939 4135 africanus
960 4083 992 4135 de
1018 4082 1182 4135 numantlnll
1199 4082 1291 4134 sccun-

151 4160 381 4244 luntmumphum
399 4181 452 4244 egrt
468 4201 472 4211 ·
489 4191 599 4243 xuero
617 4190 688 4228 anno
706 4176 845 4243 postquam
862 4176 865 4242 Ι
881 4192 997 4242 priorem
1021 4175 1054 4229 de
1077 4175 1164 4228 aimon
1181 4177 1289 4242 egerat·

151 4262 226 4318 mitres
240 4282 267 4320 ιιι
283 4268 368 4322 srcrha
382 4270 386 4333 Ι
402 4268 501 4322 bellurn
518 4270 557 4323 cst
575 4268 670 4322 scrurle
688 4268 841 4321 exhortum·
855 4283 887 4321 ao
912 4283 960 4336 per
979 4267 1094 4320 inlutum
1110 4270 1114 4335 l
1130 4267 1153 4320 b
1170 4268 1291 4320 rutrlrum

151 4354 236 4421 mplut
249 4376 329 4429 quam
346 4368 388 4416 fi
405 4366 471 4416 tunc
490 4363 627 4416 seruorum
642 4363 646 4429 Ι
661 4360 796 4414 trucrdata
816 4360 888 4412 suut·
900 4362 1045 4416 minturnis
1061 4361 1134 4413 ccccl
1153 4361 1220 4414 serur
1239 4374 1266 4412 m
1285 4359 1289 4427 Ι

151 4457 209 4501 croco
223 4453 332 4524 suspensi
351 4456 432 4509 sunt·
450 4455 523 4524 apud
548 4456 688 4509 sinuessam
711 4469 776 4507 uero
794 4455 837 4523 ιῖι]
854 4455 858 4521 l
875 4457 1011 4510 seruorum
1029 4471 1046 4507 a
1063 4459 1156 4522 qmnto
1174 4451 1290 4506 metelho

149 4533 318 4609 ἀεῑῐετιιιιιο
333 4551 338 4617 l
354 4550 479 4619 oppressa
496 4554 641 4603 narrantur
659 4548 686 4602 B
739 4547 954 4616 tlartagrneD
997 4544 1125 4616 deletpD
1185 4546 1291 4613 tplem

150 4628 168 4683 Ῑ)
204 4640 381 4696 nobrbtateD
449 4640 624 4712 diedesisi)
692 4641 912 4695 bmrnutruml)
980 4642 1109 4709 'liupura
1126 4637 1153 4693 l>
1210 4639 1291 4707 ligia

149 4721 168 4777 D
219 4738 248 4786 14
270 4740 309 4805 ptr
323 4736 327 4804 l
343 4740 444 4791 natator
461 4735 488 4791 I)
590 4739 620 4789 18
648 4741 851 4790 commetrorum
879 4734 905 4788 Ι)
1007 4737 1038 4786 ll
1067 4731 1237 4786 amminiculo
1268 4732 1291 4786 D

152 4819 369 4884 tumemus)
437 4833 469 4883 at
490 4827 692 4898 quadringentis
707 4829 741 4884 D¹
