2834 5394
187 296 250 358 371
684 306 776 354 unsar
798 305 886 353 xvnr

183 458 319 525 thimum
335 457 522 525 Scribonem
545 456 659 524 duetus
674 456 988 541 Constantinopolim
1010 455 1150 539 indeque
1172 455 1357 521 inexilium

182 576 274 634 aetus
297 573 355 633 est.

268 676 371 762 Capto
402 676 499 759 igitur
521 674 633 758 Vittigi
662 672 760 740 Gothi
783 673 1011 759 Transpadani
1040 673 1266 740 Hcldebadum
1295 674 1358 740 sibi

182 805 291 871 regcm
322 785 518 853 constituunt
551 784 607 869 qui
639 783 753 850 eodem
785 804 871 850 anno
903 784 1080 869 perimitur.
1131 784 1182 848 cui
1215 782 1358 851 succedit

182 896 316 963 Erarius
348 904 379 961 et
407 896 477 980 ipse
505 893 642 961 necdum
664 913 750 959 anno
773 895 902 979 expleto
930 894 1100 977 iugulatur.
1146 893 1265 959 dehine
1294 894 1388 960 sibit

111 1022 117 1031 ·
182 1004 383 1087 Baduillam,
421 1005 476 1089 qui
515 1011 547 1069 ct
579 1005 687 1068 Totila
715 1003 892 1080 dicebatur,
929 1005 962 1068 in
993 1024 1126 1088 regnum
1155 1005 1357 1089 praeficiunt.

182 1133 321 1200 moxque
355 1114 487 1180 collecto
521 1112 662 1198 undique
696 1115 838 1179 exercitu
872 1113 1056 1180 uniuersam
1090 1134 1200 1179 rursus
1229 1113 1358 1178 ltaliam

183 1222 351 1289 inuadunt.
395 1224 513 1290 exinde
534 1243 593 1309 per
608 1222 820 1308 Campaniam
843 1223 971 1306 uirique
994 1223 1046 1288 dei
1062 1222 1232 1288 Benedicti
1254 1223 1357 1308 petris

184 1333 373 1399 coenobium
396 1334 457 1400 iter
477 1332 617 1416 <iaciens
639 1333 680 1398 ab
703 1352 741 1398 eo
764 1333 843 1398 talia
865 1332 978 1398 audire
1001 1333 1118 1398 meruit
1141 1332 1253 1397 ‘multa
1267 1333 1356 1397 mala

183 1442 274 1524 lacis,
308 1445 408 1508 multa
435 1443 523 1507 mala
551 1443 665 1509 iecisti.
716 1443 781 1508 iam
809 1442 851 1507 ab
878 1442 1047 1526 iniquitate
1076 1460 1279 1526 conpescere.
1325 1449 1358 1508 et
1375 1454 1403 1505 ro

184 1552 314 1638 quidem
336 1572 427 1618 mare
455 1551 659 1632 transiturus,
696 1553 831 1618 Romam
861 1552 1077 1635 ingressurus,
1114 1571 1231 1618 nouem
1261 1552 1357 1619 annis

185 1663 349 1747 regnabis,
374 1661 498 1728 decimo
520 1662 685 1728 morieris!

42 1769 169 1837 xvim
274 1771 401 1837 Deinde
423 1791 445 1836 a
465 1774 659 1837 monasterio
687 1771 887 1837 descendens
915 1790 974 1856 per
994 1769 1189 1854 Lucaniam>
1218 1790 1256 1835 ac.
1277 1771 1360 1836 Brit·

184 1881 302 1947 tiorum
335 1881 417 1947 fines
439 1879 598 1964 Rhegium
630 1881 839 1965 proficiscens
872 1900 931 1946 neo
966 1900 1056 1945 mora
1078 1881 1220 1945 Sic-ulum
1254 1888 1359 1946 trans-

184 2009 318 2074 gressus
347 1990 462 2055 irotum
491 1989 635 2055 Siciliam
664 1989 799 2054 inuadit.
842 1989 919 2054 inde
950 2009 1076 2073 quoque
1104 1997 1270 2056 reuertens
1296 1991 1360 2055 Ro
1378 2003 1409 2053 re

186 2118 273 2164 mam
306 2099 387 2183 petit
419 2118 555 2182 eamque
588 2097 812 2164 obsidionibus
844 2099 1072 2164 circumcludit.
1117 2118 1201 2182 quae
1233 2105 1360 2164 tantam

187 2215 263 2274 tuno
284 2208 378 2275 famis
400 2209 569 2293 penuriam
592 2227 747 2293 perpessa
771 2215 820 2275 ost
841 2217 876 2274 ut
891 2228 970 2294 prae
987 2207 1211 2291 magnitudine
1228 2208 1360 2292 inopiae

186 2323 335 2383 natorum
358 2338 487 2384 suorum
509 2337 624 2385 earnes
652 2317 819 2385 comedere
847 2319 977 2384 uellent.
1022 2319 1115 2383 fossis
1142 2318 1276 2382 nimium
1298 2319 1361 2383 Ro·

187 2427 294 2495 manis
327 2446 387 2494 neo
420 2428 603 2495 ualentibus
637 2429 766 2495 moenia
798 2429 880 2493 tueri
909 2429 1018 2493 Totila
1049 2448 1070 2492 a
1100 2435 1194 2512 porta
1216 2427 1361 2495 Ostiensi

186 2538 299 2605 urbem
321 2538 486 2623 ingrcssus
507 2545 567 2605 est.
612 2539 665 2623 qui
688 2557 821 2624 parcere
843 2538 999 2604 Romanis
1021 2538 1155 2622 cupiens
1179 2557 1237 2621 per
1257 2544 1357 2602 totam
1374 2547 1409 2599 ro

187 2653 313 2714 noctem
335 2648 486 2732 clangore
509 2649 627 2714 bucina
647 2649 736 2714 iubet
757 2668 821 2732 qno
841 2667 877 2714 se
906 2667 927 2711 a
950 2646 1126 2711 Gothorum
1155 2645 1274 2729 gladiis
1302 2654 1360 2712 aut

187 2756 332 2822 eeclesiis
354 2761 519 2821 tuerentur
541 2764 596 2822 aut
619 2758 873 2842 quibuscumque
901 2756 1005 2822 modis
1034 2757 1223 2821 occulerent.
1269 2755 1359 2821 habi·

186 2864 331 2949 tauitque
360 2865 560 2949 aliquantum
588 2868 743 2952 temporis
771 2887 843 2932 oum
864 2866 1019 2931 Romanis
1049 2866 1140 2949 quusi
1171 2873 1358 2949 pateream

186 2974 272 3042 filiis.
315 2975 400 3040 hano
422 2975 469 3039 illi
491 2982 526 3040 ut
548 2974 643 3040 datur
664 2976 768 3042 conici
789 2977 889 3042 animi
911 2975 1143 3057 benignitatem
1170 2976 1224 3059 qui
1240 2974 1360 3040 nimiae

187 3090 263 3149 ante
291 3083 490 3151 crudelitatis
519 3085 669 3152 extiterat
696 3085 784 3152 beati
812 3084 914 3170 patris
942 3083 1120 3163 Benedicti,
1158 3103 1251 3167 quem
1282 3085 1358 3148 olim
1375 3098 1407 3150 25

187 3191 321 3272 adierat,
344 3193 476 3257 monitio
498 3195 640 3259 contulit.
685 3196 788 3280 elapsi
812 3215 892 3262 sane
915 3214 956 3260 ex
979 3195 1057 3260 urbe
1073 3194 1174 3277 aliqui
1191 3214 1208 3259 e
1224 3213 1358 3259 numero

188 3307 371 3366 senatorum
395 3300 707 3389 Constantinopolim
730 3304 840 3370 afilioti
863 3310 1047 3389 properant.
1091 3303 1207 3387 quibus
1229 3303 1358 3367 calami·

186 3409 306 3476 tatibus
328 3411 430 3474 Roma
453 3411 651 3479 subiceretur
673 3415 810 3500 principi
833 3420 976 3480 narrant.
1022 3414 1076 3498 qui
1099 3413 1207 3480 statim
1230 3414 1360 3480 Narsen

187 3519 368 3586 eunuchum
391 3542 483 3587 suum
506 3520 735 3589 cubicularium
765 3544 858 3589 suum
888 3522 1061 3589 exarchum
1084 3523 1199 3587 Italiae
1230 3522 1305 3586 iecit
1328 3531 1360 3586 et

187 3681 315 3689 —-—-

257 3776 316 3825 lm
333 3770 421 3840 demq.
441 3770 558 3826 cxrhnD
626 3771 996 3843 bgmtlgrlB,uu1t1griD
1053 3770 1203 3825 holdebado
1221 3772 1261 3824 sic
1280 3769 1362 3825 BDP

186 3865 323 3919 herarmi
338 3865 379 3918 ric
396 3861 478 3919 ΒΒΡ
595 3864 754 3932 bregnoll
856 3863 995 3919 Srnuadrt
1012 3863 1039 3919 I)
1157 3862 1360 3928 dcenolbu‘rD

186 3957 270 4010 9-13
287 3955 323 4025 <>
340 3955 380 4010 h:
397 3955 528 4012 lamentet
549 3971 598 4026 per
621 3974 674 4028 quq
697 3957 803 4027 lucamq
829 3955 909 4011 babet
927 3956 954 4011 B
1060 3961 1088 4010 11
1109 3972 1184 4011 roma
1203 3956 1228 4011 Β
1286 3971 1358 4010 nouo

186 4062 256 4103 anno
274 4049 370 4116 regnas
386 4046 426 4102 θ’
514 4052 543 4103 13
562 4049 673 4103 brrtrortl
695 4048 746 4104 BD
852 4054 881 4103 14
899 4057 971 4118 regul
985 4047 1039 4103 BD
1107 4048 1314 4117 proficiscuntur
1332 4048 1360 4103 Β

185 4141 337 4209 transgressi
354 4139 382 4194 Β
485 4145 514 4194 15
533 4140 619 4194 fretra
637 4142 662 4192 Β
746 4141 879 4196 muadunt
897 4140 924 4195 B
1016 4143 1184 4195 reuertentes
1213 4143 1240 4197 B
1329 4146 1358 4196 16

186 4237 282 4298 petunt
299 4231 326 4286 Β
395 4231 609 4287 circumcludunt
629 4232 654 4287 Β
743 4237 772 4288 19
790 4234 915 4290 holtrenlr
934 4232 967 4297 I),
986 4233 1100 4288 hostensi
1120 4233 1146 4288 B
1232 4238 1262 4288 21
1285 4235 1358 4288 clan-

184 4336 247 4388 gere
264 4322 373 4388 bucina]
391 4325 420 4378 ia
437 4323 505 4381 daeo
521 4325 605 4380 uerbo
623 4323 722 4380 desinit
738 4325 864 4381 codch
910 4332 977 4397 post
994 4332 1042 4380 aut
1059 4326 1122 4381 cdd.
1141 4327 1194 4382 al)
1245 4331 1277 4381 18
1296 4342 1358 4381 nar-

185 4412 276 4467 nnn
