2834 5394
177 242 239 303 lla
694 261 785 308 urunt
807 262 853 309 xx

176 416 353 481 delectatus
386 416 419 474 et
450 411 520 478 eius
552 418 619 475 tam
652 412 773 476 uultum
803 434 899 496 quam
927 415 1131 497 prudentiam
1160 417 1348 484 admiratus,

176 526 350 607 electisque
372 521 499 586 Zihebil
526 520 742 605 quadraginta
774 523 904 591 milibus
933 526 1073 590 uirorum
1103 527 1230 592 tortium
1261 528 1350 594 dedit

176 636 272 702 eain
294 632 448 698 seruilium
471 632 665 717 imperatori.
710 653 804 714 porro
832 634 904 719 ipse
933 655 1083 703 reuersus
1112 644 1161 703 est
1189 638 1223 702 in
1246 640 1349 722 regio-

175 764 249 811 nem
284 764 384 810 suam.
430 741 481 808 lus
514 748 620 807 autem
653 743 795 827 acceptis
830 744 1003 829 imperator
1036 754 1148 812 eontra
1181 746 1346 814 Chosroen

123 886 126 891 ·
175 852 328 940 procedit.
1361 870 1375 918 s

24 964 141 1030 XXXI
260 962 302 1027 At
324 983 401 1028 uero
425 963 623 1028 Sarbarazas
647 962 884 1029 Chaleedonem
912 985 1091 1050 properans
1113 962 1305 1052 :talaresque
1325 988 1345 1033 a

175 1075 301 1140 Thrace
330 1072 401 1137 urbi
430 1072 684 1156 propinquantes
713 1073 797 1137 hane
824 1073 1015 1160 depopulari
1044 1078 1156 1141 uolunt
1184 1086 1217 1143 et
1239 1078 1346 1145 multis

176 1182 333 1249 machinis
366 1182 523 1250 aduersus
556 1202 628 1247 eam
659 1183 825 1249 commotis
860 1192 892 1248 et
920 1187 1050 1250 nauium
1080 1188 1277 1270 sculptarum
1308 1207 1345 1253 ex

174 1295 283 1361 Histro
306 1292 507 1359 nrirltitudine
529 1293 657 1358 infinita
679 1312 736 1359 seu
759 1293 986 1360 innumerabili
1002 1296 1111 1361 delata
1126 1296 1233 1362 sinum
1249 1317 1347 1363 cornu

176 1406 390 1491 repleueruut.
435 1403 545 1470 deeom
569 1423 649 1469 sane
670 1402 785 1469 diebus
807 1404 918 1469 urbem
947 1405 1134 1472 obsidentes
1163 1407 1346 1491 bellumque
1364 1419 1386 1467 u

82 1518 86 1527 '
173 1522 259 1583 terra
280 1516 425 1598 marique
447 1534 598 1596 magnum
621 1521 771 1596 gerentes
800 1512 919 1579 domiui
948 1515 1064 1581 uirtute
1093 1517 1215 1600 pariter
1244 1525 1277 1583 et
1299 1537 1347 1582 eo-

176 1626 363 1711 operatione
391 1643 450 1689 nee
478 1644 543 1688 nou
572 1629 604 1687 et
631 1623 844 1689 intemeratae
872 1624 924 1689 dei
953 1626 1126 1707 genetricis
1155 1633 1186 1691 et
1208 1629 1345 1712 uirginIs

174 1736 296 1802 Mariae
328 1733 612 1799 intercessionibus
647 1735 789 1817 superati
823 1742 907 1801 suut.
966 1736 1043 1818 quin
1077 1743 1108 1800 et
1141 1738 1345 1805 multitudine

172 1847 305 1930 eopiosa
326 1864 456 1910 suorum
485 1851 550 1907 tam
579 1844 612 1908 in
641 1851 728 1909 terra
750 1864 845 1927 quam
868 1845 902 1909 iu
926 1846 1005 1909 mari
1028 1845 1177 1929 deposita
1199 1867 1272 1912 eum
1295 1851 1343 1914 in·

170 1955 259 2039 genti
281 1953 468 2019 contusione
491 1952 533 2017 ad
555 1959 672 2018 terram
696 1974 788 2018 suam
811 1955 934 2019 reuersi
958 1964 1040 2020 siunt.
1068 1977 1162 2039 porro
1185 1958 1342 2023 Sarbara-
1363 1970 1387 2019 is

170 2085 227 2130 aas
247 2062 484 2128 Chalcedonem
507 2062 661 2128 obsidens
683 2083 748 2127 nou
770 2065 941 2146 emigrauit
964 2065 1022 2130 sed
1044 2066 1165 2132 ibidem
1187 2066 1344 2133 hiemouit

169 2181 235 2240 tam
257 2172 458 2240 incursiones
480 2192 581 2256 agens
604 2192 700 2254 quam
729 2172 935 2258 depraedans
963 2176 1140 2241 confinales
1170 2187 1281 2262 partes
1312 2187 1344 2245 et

171 2285 318 2351 ciuitates
341 2284 417 2368 igne
439 2282 641 2368 disperdens.

22 2388 155 2457 XXXII
255 2400 348 2461 Anno
370 2393 497 2478 imperii
520 2395 570 2461 sui
593 2394 728 2478 septimo
757 2393 881 2460 decimo
903 2395 1073 2461 Heraclius
1103 2415 1123 2458 a
1154 2416 1265 2462 mense
1287 2397 1345 2463 Se·

169 2506 326 2592 ptembrio
349 2506 515 2589 ingressus
530 2504 696 2571 Persidem
719 2525 784 2569 una
806 2523 876 2568 eum
893 2505 1008 2571 'I'urcis
1030 2505 1196 2589 inopinate
1211 2514 1343 2590 propter
1361 2514 1389 2563 2⁰

170 2617 307 2684 hiemem
336 2617 370 2681 in
399 2616 527 2681 extasin
555 2616 689 2682 immisit
711 2614 875 2680 Chosroen
904 2634 974 2678 oum
1004 2615 1065 2679 hoc
1087 2615 1263 2682 didicisset.
1308 2627 1342 2682 at

172 2745 249 2792 uero
271 2727 367 2790 Turei
390 2732 456 2789 tam
479 2725 586 2790 hieme
608 2746 705 2809 quam
729 2725 947 2808 frequentibus
963 2725 1135 2790 Persarum
1158 2726 1342 2793 lueursibus

171 2835 394 2919 contemplatis
427 2855 491 2900 non
525 2836 664 2900 terentes
700 2835 820 2918 pariter
850 2854 921 2898 eum
954 2834 1148 2919 imperatore
1181 2837 1341 2915 laborare,

170 2953 344 3030 coeperunt
365 2946 535 3030 paullatim
558 2944 704 3010 diffluere
727 2951 759 3008 et
781 2963 893 3009 omnes
916 2943 1048 3010 dimisso
1064 2966 1102 3010 eo
1119 2947 1239 3012 reuersi
1256 2956 1340 3011 surit.

169 3064 220 3122 ast
242 3056 415 3138 imperator
438 3056 612 3119 collocutus
634 3062 684 3119 est
706 3055 858 3137 populum
881 3075 973 3119 suum
997 3054 1106 3121 diceus
1131 3056 1258 3121 ‘scitote
1281 3056 1342 3120 tra·
1361 3069 1390 3119 aa

169 3172 234 3230 tres
257 3165 334 3247 quia
355 3184 449 3229 nemo
472 3164 565 3229 uobis
586 3166 656 3228 uult
677 3164 828 3228 arixiliari
850 3164 884 3227 ui
907 3165 994 3229 solus
1018 3165 1097 3230 deus
1113 3173 1144 3229 et
1159 3185 1242 3248 quae
1257 3165 1343 3229 huue

168 3274 293 3358 peperit
322 3273 392 3338 siue
421 3274 544 3339 semiue
574 3280 675 3339 mator
703 3279 736 3337 ut
766 3273 917 3339 ostendat
945 3275 1121 3358 potentiam
1152 3296 1242 3339 sursm
1267 3297 1343 3358 quo-

170 3384 258 3449 niam
280 3404 344 3449 non
368 3385 400 3448 in
425 3383 628 3449 multitudine
649 3385 838 3468 populorum
862 3404 919 3449 seu
935 3404 1095 3448 armorum
1112 3393 1162 3450 est
1177 3385 1265 3450 salus
1283 3384 1341 3451 sed

171 3494 205 3559 in
228 3495 360 3579 eosqui
384 3501 515 3579 sperant
537 3513 634 3578 super
662 3493 914 3560 miscricordiam
938 3494 1007 3559 eius
1030 3495 1126 3558 mittit
1147 3495 1339 3559 adiutorium

168 3626 272 3671 suum.
1358 3622 1390 3670 ³1

17 3709 169 3775 XXXIII
260 3716 302 3781 At
323 3736 400 3782 uero
422 3714 582 3781 Chosroes
605 3714 803 3780 conseruatis
826 3715 948 3780 eunetis
970 3715 1094 3780 militiis
1122 3716 1190 3780 suis
1220 3724 1343 3799 praeto-

243 3933 452 4002 lamrraltull)
573 3930 816 3986 bSarbarazull)
899 3929 975 3983 ae.-
999 3930 1032 3984 ad
1054 3931 1096 4001 Ilp
1201 3936 1343 4000 'rpropm-

169 4027 255 4094 quant
282 4027 306 4082 D
422 4031 437 4079 9
474 4024 563 4079 deleta
596 4025 731 4078 sinistmm
766 4040 849 4077 cornu
878 4023 1051 4091 repleueruut
1077 4024 1158 4077 maris
1191 4024 1258 4077 libo·
1284 4025 1342 4079 cml.

169 4118 313 4173 Froncr'scr'
328 4118 436 4173 Preion·
507 4123 532 4172 tl
554 4118 665 4187 domini]
684 4105 763 4172 ull)
813 4116 923 4185 pariter]
942 4116 1071 4184 panteD
1143 4121 1171 4170 13
1190 4119 1343 4170 urtercelro·

168 4212 434 4266 nib-ilinmsull
486 4229 531 4281 qur
551 4210 621 4264 etl)
675 4216 703 4263 15
724 4209 889 4264 laruatust>
944 4214 972 4263 lo
992 4196 1150 4265 ealdonlrll
1205 4215 1232 4262 Ιῖ
1253 4217 1342 4278 quaml

170 4290 255 4370 qudq-
267 4303 293 4356 I)
377 4308 406 4357 21
427 4320 454 4357 ru
472 4336 506 4344 -
524 4303 672 4359 eholrohen
688 4307 798 4370 praeter
818 4302 870 4357 heu
888 4303 916 4356 iu
934 4317 989 4355 rus.
1009 4304 1035 4356 r'u
1058 4303 1081 4357 D
1165 4308 1197 4356 22
1216 4292 1300 4359 hremd
1321 4305 1344 4357 I)

169 4398 201 4446 24
220 4400 348 4461 ceperunt
365 4396 493 4463 paeleum
514 4397 538 4451 I)
606 4400 639 4449 26
658 4411 738 4448 nomo
760 4395 783 4448 u
