2834 5394
192 254 252 315 136
703 264 796 311 amm
817 264 852 310 vr

191 418 342 484 condidit.
386 415 526 482 Horodis
549 416 747 480 Albanorum
786 416 872 500 regis
908 414 1082 480 exercitum
1119 414 1364 499 praefectosque

192 530 263 595 eius
295 534 344 594 ter
374 528 496 612 proelio
531 525 617 591 uicit.
662 532 777 610 postea
805 526 962 610 epistulas
994 524 1134 591 Horodis
1167 533 1200 590 et
1230 544 1366 591 munera

191 659 249 723 pro
272 657 352 723 pace
373 658 444 702 cum
467 636 604 703 Albanis
626 634 838 701 instauranda
859 634 997 701 libenter
1024 635 1148 720 accepit
1169 635 1366 719 ueniamque

191 749 220 814 ei
243 756 276 815 et
297 769 408 834 pacem
432 746 530 813 dedit.
574 746 714 811 Arbacen
736 765 845 828 regem
866 744 1020 811 Hiberiae
1042 746 1128 811 bello
1149 743 1232 811 ludit
1252 751 1365 811 totam-

191 879 253 943 que
268 859 434 925 Hiberiam
456 859 490 922 in
506 856 702 923 deditionem
719 856 852 939 accepit.
895 855 1082 921 Armeniam
1097 856 1256 921 minorem
1271 856 1365 920 Deio
1382 868 1397 916 a

190 976 260 1034 taro
276 967 424 1033 Galatiae
449 968 517 1051 regi
539 966 682 1048 donauit,
706 966 782 1049 quia
805 965 910 1032 socius
933 965 1010 1032 belli
1026 965 1236 1031 Mithridatici
1251 966 1363 1032 suerat

191 1079 300 1143 Attalo
323 1086 354 1143 et
376 1078 564 1161 Pylaemcni
586 1076 844 1161 Paphlagoniam
873 1073 1023 1141 reddidit.
1066 1074 1273 1141 Aristoobum
1296 1075 1364 1140 Col·

191 1188 260 1253 obis
283 1206 390 1270 regem
415 1187 578 1271 imposuit.
623 1208 697 1251 mox
725 1186 766 1251 de
788 1186 890 1250 Ponto
918 1205 1111 1270 promonens
1134 1184 1302 1251 Parthiam
1323 1184 1361 1250 ad

190 1297 389 1362 Ecbatanam
412 1296 523 1362 urbem
546 1303 642 1380 caput
663 1294 804 1361 Parthici
831 1297 923 1379 regni
945 1296 1213 1381 quinquagesimo
1236 1295 1291 1362 die
1313 1315 1361 1361 ue

191 1407 247 1474 nit.
292 1407 326 1471 in
354 1408 499 1492 Bosporo
527 1405 712 1472 Mithridate
742 1405 890 1471 Cerealia
924 1426 1017 1472 sacra
1044 1406 1227 1472 celebrante
1259 1410 1396 1471 terraelt

192 1525 296 1583 motus
318 1517 400 1583 adeo
422 1518 533 1601 grauis
556 1525 688 1601 repente
711 1524 842 1583 exortus
865 1523 915 1582 est
937 1526 971 1582 ut
993 1537 1112 1600 triagna
1132 1516 1243 1582 clades
1264 1535 1306 1581 ex
1326 1534 1361 1580 eo

190 1628 316 1693 urbium
339 1635 435 1711 atquc
458 1647 609 1711 agrorum
631 1635 741 1692 secuta
762 1634 920 1692 narretur.

88 1721 169 1788 ΧΠῙ
277 1737 399 1803 Eodem
422 1746 566 1822 temporo
588 1735 702 1802 Castor
724 1736 919 1803 Mithridatis
942 1737 1132 1821 praelectus,
1162 1737 1217 1819 qui
1240 1735 1363 1800 Phana-

190 1849 280 1930 gorio
304 1854 461 1933 praeerat,
485 1848 664 1913 intersectis
686 1847 799 1912 anricis
822 1848 909 1931 regis
923 1865 1028 1911 arcem
1044 1847 1214 1930 occupauit
1229 1850 1261 1910 et
1276 1854 1363 1930 quat-

190 1966 261 2022 tuor
283 1956 367 2021 filios
389 1955 584 2022 Mithridatis
606 1956 648 2021 ad
670 1956 836 2041 praesidia
857 1958 1004 2020 Romana
1025 1957 1214 2021 transmisit.
1242 1955 1364 2020 Mithri·
1380 1964 1406 2015 ta

191 2066 284 2132 dates
307 2085 463 2131 accensus
486 2066 535 2130 ira
558 2067 592 2131 in
614 2066 738 2131 scelera
759 2067 892 2131 exarsit.
937 2088 1010 2131 nam
1034 2066 1229 2149 cumplures
1244 2065 1365 2131 amicos

191 2195 267 2240 suos
289 2194 347 2239 nce
370 2195 435 2239 non
458 2175 654 2261 Exipodram
677 2176 779 2240 filiurn
801 2197 893 2242 sunm
923 2177 1156 2253 interfecisset,
1185 2195 1257 2240 cum
1291 2183 1366 2241 ante

191 2287 255 2350 iam
289 2286 353 2350 alic
387 2285 571 2351 Macharern
603 2283 794 2370 parricidio>
824 2284 1034 2361 trucidasset,
1067 2286 1252 2351 Pharnaces
1286 2288 1367 2352 alter

191 2395 279 2462 tilius
302 2397 372 2461 cius
394 2398 542 2482 exemplo
564 2396 696 2461 fratrum
712 2396 842 2461 territus
858 2393 1032 2461 exercitum
1047 2396 1088 2460 ad
1105 2396 1366 2480 persequendum

190 2526 226 2569 se
248 2507 382 2572 missum
405 2507 468 2572 sibi
491 2507 674 2571 conciliauit
695 2513 727 2571 ct
748 2526 823 2570 nrox
843 2504 1001 2572 aduersus
1016 2514 1140 2590 patrem
1157 2506 1248 2570 duxit
1263 2506 1366 2589 <iusto
1380 2516 1412 2568 to

190 2614 317 2696 iudicio,
342 2616 419 2698 quia
441 2617 495 2681 ille
517 2616 674 2682 aduersus
696 2622 820 2700 patrem
843 2636 935 2681 surum
958 2614 999 2680 dc
1021 2617 1113 2698 regni
1135 2616 1204 2680 iure
1219 2617 1365 2682 certauit.

191 2723 331 2807 interea>
346 2724 549 2790 Mithridates
564 2726 619 2791 diu
645 2746 684 2791 ex
700 2726 858 2793 altissimo
881 2746 971 2790 muro
994 2727 1094 2790 filium
1116 2726 1235 2792 frustra
1255 2747 1367 2811 prcca-

194 2841 245 2899 tus
270 2833 323 2896 utri
348 2834 581 2899 inexorabilem
605 2835 685 2900 uidit
707 2834 895 2917 <raroriturus
917 2836 1119 2901 exclamasse
1141 2834 1257 2919 fertur)
1280 2837 1367 2920 ‘quo

191 2943 278 3007 niam
293 2943 485 3010 Pharnaces
506 2944 610 3028 inquit
632 2944 721 3008 ‘mori
744 2945 832 3011 iubet
853 2965 921 3028 uos,
946 2947 974 3011 si
997 2946 1076 3012 estis
1099 2945 1144 3008 dii
1166 2946 1273 3029 patrii,
1297 2965 1368 3031 pre·

190 3072 244 3115 cor
266 3060 300 3116 ut
322 3051 588 3137 quaundoeumquc
611 3061 642 3119 et
664 3055 735 3138 ipsc
757 3053 841 3119 hanc
863 3076 975 3121 uocem
998 3055 1143 3121 aliberis
1159 3055 1227 3121 suis
1243 3055 1366 3120 audiat.
1382 3063 1412 3114 25

191 3162 362 3243 statimque
385 3161 587 3230 descendens
610 3162 652 3229 ad
675 3184 791 3230 unxores
813 3166 935 3248 pelices
957 3185 995 3230 aa
1012 3165 1097 3231 filias
1113 3185 1190 3231 suas
1204 3183 1367 3230 uenenum

190 3268 339 3335 omnibus
362 3269 460 3335 dedit.
506 3272 590 3355 quod
611 3293 683 3338 curn
705 3275 777 3358 ipse
791 3274 988 3340 nouissimus
1005 3275 1168 3341 hausisset
1182 3294 1242 3340 nee
1256 3282 1366 3341 tamen

190 3385 321 3463 propter
353 3379 506 3462 remedia,
542 3382 657 3465 quibus
691 3380 821 3466 <uitalia
852 3405 911 3450 sua
940 3384 1097 3450 aduersus
1125 3385 1240 3451 noxios
1269 3405 1367 3453 sucos

190 3508 289 3573 saepo
312 3490 532 3574 obstruxerat>
554 3512 679 3556 ireneno
704 3494 815 3558 confici
832 3502 943 3578 posset
957 3491 1154 3578 <frustraque
1170 3495 1368 3579 spatiaretur

188 3649 495 3662 .-——------.......

189 3748 227 3786 ex
246 3730 379 3787 Grcalterr'i
401 3734 492 3789 codr'cc
520 3734 652 3789 Gruterus
757 3739 766 3787 t
797 3735 888 3789 condit
913 3750 986 3789 oram
1014 3733 1163 3789 herodrsD
1191 3736 1312 3799 thorodrs
1327 3738 1367 3805 P)

191 3829 206 3877 2
225 3824 342 3894 eplasI)
428 3832 442 3880 3
461 3842 510 3895 pro
528 3842 596 3895 pace
615 3843 665 3880 om.
688 3826 754 3893 ΒΡ,
775 3828 866 3883 Orosir'
882 3828 980 3887 Patet,
999 3828 1060 3881 odd.
1080 3826 1210 3882 Pithoeus
1287 3835 1304 3883 4
1323 3846 1368 3884 ar-

188 3922 275 3972 tacem
294 3918 321 3972 P
388 3924 402 3971 5
421 3918 592 3973 ArmentaI)
670 3920 856 3975 dmrtrrdatrcr
874 3920 901 3974 Ι)
970 3926 982 3973 l
1002 3922 1096 3975 attallo
1115 3920 1138 3974 dr
1155 3922 1289 3990 polomcm
1305 3940 1367 3992 ·pa·

189 4010 304 4078 flegonta
317 4011 340 4065 l)
392 4011 523 4065 eholcrsI)
575 4012 737 4081 epmobent
752 4013 858 4080 partina
876 4012 899 4066 dt
916 4013 1087 4082 heebathand
1102 4015 1126 4063 1)
1182 4019 1211 4066 lb
1230 4014 1369 4083 bosphorii

189 4101 216 4154 D
287 4109 316 4156 m
335 4104 460 4173 preberet
477 4105 504 4159 Ι)
583 4109 612 4157 tl
631 4105 660 4157 tui
683 4109 745 4156 ante
761 4108 787 4157 rt
804 4105 831 4158 ll
907 4110 937 4159 re
959 4105 1101 4175 potrrcrdro
1119 4105 1145 4159 1)
1195 4105 1324 4162 semaces
1340 4109 1369 4163 B

90 4232 91 4236 ,
189 4197 222 4245 20
240 4193 301 4257 sibi]
320 4195 339 4248 sr
358 4195 391 4248 θ’
461 4202 492 4252 23
511 4199 543 4268 (>
561 4196 601 4251 It:
618 4202 656 4250 rta
673 4195 759 4248 terrm
776 4197 936 4251 exclamasse
954 4199 980 4253 B
1049 4203 1081 4253 at
1105 4199 1272 4254 samacesB
1325 4219 1366 4255 m-

189 4284 253 4352 quid
273 4286 326 4339 BD
413 4292 444 4342 25
463 4290 534 4344 hano
551 4306 647 4345 uocem
664 4289 720 4357 rpse
738 4286 828 4341 sudat
848 4305 865 4341 a
882 4289 972 4343 hbent
988 4292 1039 4344 surs
1056 4290 1082 4345 B
1156 4296 1188 4345 26
1207 4292 1307 4360 pehces
1324 4294 1368 4349 D.-

188 4375 281 4429 selmes
297 4376 323 4429 B
392 4384 431 4432 28.
451 4386 484 4433 29
502 4384 513 4445 <
523 4383 533 4439 l
554 4382 592 4436 b:
611 4384 636 4435 so
653 4386 835 4452 promunrerat
853 4381 879 4434 B
948 4387 981 4437 29
999 4386 1080 4453 possit
1101 4381 1125 4436 B
