2834 5394
176 262 241 324 tot
655 273 747 321 uram
768 272 871 321 xvnn

178 445 241 512 que
263 444 302 492 ac
325 425 458 492 brachia
479 444 544 489 non
567 423 750 502 habentem,
773 444 794 490 a
815 422 922 489 lumbo
944 429 1053 490 autern
1068 434 1138 489 erat
1152 424 1185 489 ei
1199 432 1234 489 ut
1249 423 1353 491 cauda

178 535 280 622 piscis
308 535 500 603 naturaliter
528 533 677 600 haerens.
727 552 791 618 quo
821 533 892 600 uiso
921 533 1096 618 imperator
1123 535 1292 618 praecepit
1320 542 1352 599 ut

177 645 386 714 occideretur.
431 644 493 710 lrac
520 643 660 726 denique
694 643 747 709 die
780 643 984 728 imperatoris
1014 662 1125 729 equus,
1164 645 1221 725 qui
1254 663 1351 711 aureo

177 755 394 823 circumdatus
416 765 486 822 crat
507 761 631 834 ornatu,
669 762 800 838 repente
829 754 950 820 scissus
972 761 1021 820 est
1043 753 1173 820 cadens.
1220 762 1254 821 at
1277 773 1352 821 uero

178 867 354 953 imperator
376 866 428 933 his
449 864 599 931 omnibus
620 864 809 946 auguriatus
832 863 933 930 tristis
956 870 1034 929 erat.
1366 878 1378 924 s

58 968 155 1036 XXV
261 977 395 1043 Postera
422 993 550 1059 ottoque
578 973 632 1040 die
659 974 720 1039 uiri
743 981 808 1041 tres
832 973 974 1040 Sclauini
1003 992 1123 1057 genere
1152 974 1199 1039 nil
1229 974 1351 1059 aliquid

179 1086 317 1153 ferreum
350 1085 533 1150 baiulantes
564 1085 761 1149 aRomanis
794 1081 916 1148 detenti
948 1090 1022 1148 suut
1054 1082 1198 1149 eitharas
1229 1090 1350 1149 tanturn

182 1196 333 1261 terentes.
378 1194 554 1278 imperator
576 1200 683 1259 autem
706 1192 925 1276 interrogabat
947 1202 1012 1257 tam
1028 1192 1113 1258 unde
1127 1201 1242 1260 esseut
1256 1214 1350 1277 quam

181 1303 314 1370 ubinam
350 1302 507 1371 habitatio
542 1323 651 1370 eorum
688 1303 850 1369 existeret.
902 1303 956 1387 qui
992 1320 1111 1386 genere
1147 1302 1279 1386 quidem
1316 1322 1351 1370 ae

177 1416 271 1482 aium
300 1433 373 1482 esse
401 1414 581 1495 Selemnos,
620 1416 705 1478 eirca
734 1413 829 1478 tinem
860 1432 936 1478 uero
964 1411 1174 1477 occidentalis
1203 1412 1350 1479 babitare
1366 1419 1389 1470 ¹⁰

179 1523 312 1593 Oceani.
357 1524 539 1590 Chaianurn
563 1531 669 1589 autem
692 1521 733 1588 ad
757 1541 792 1588 se
814 1523 1008 1605 legationem
1024 1522 1153 1588 misisse
1169 1528 1200 1588 et
1216 1541 1351 1589 rnunera

180 1635 382 1721 principibus
404 1635 511 1717 gentis
533 1653 613 1701 suae
635 1632 815 1699 arrxiliandi
838 1632 900 1697 sibi
924 1639 1035 1696 eontra
1049 1633 1211 1698 Rornanos
1234 1634 1349 1716 gratia

177 1744 364 1811 taxiarchas
393 1749 500 1809 autem
530 1764 606 1811 suos
629 1763 665 1809 se
686 1742 846 1809 direxisse
874 1742 1031 1808 rationem
1059 1741 1245 1807 reddituros
1267 1740 1350 1806 Cha·

176 1855 252 1920 iano
280 1854 357 1938 quia
387 1874 451 1917 non
480 1860 616 1937 possunt
646 1861 775 1938 propter
802 1852 927 1919 itineris
961 1850 1194 1935 longitudinem
1223 1854 1351 1919 mittero

177 1962 225 2028 illi
247 1963 411 2027 auxilium.
455 1962 565 2027 decem
588 1962 674 2028 enim
698 1970 729 2028 et
752 1970 823 2027 octo
845 1981 972 2029 menses
999 1961 1235 2029 asseuerabant
1255 1962 1351 2028 itiner
1368 1971 1391 2021 u

177 2070 309 2153 iecisse,
348 2076 381 2135 et
415 2073 460 2136 ita
488 2072 651 2138 Romanos
679 2071 798 2138 adisse.
843 2090 938 2155 porro
967 2071 1109 2138 citharas
1154 2071 1238 2138 terre
1266 2079 1349 2138 taur·

179 2199 277 2266 quam
299 2200 363 2246 non
387 2180 536 2247 uidentes
559 2200 751 2266 quemquam
774 2201 904 2255 suorum
926 2182 1026 2248 armis
1050 2182 1196 2247 indutum
1218 2183 1352 2266 regiona

179 2310 239 2359 sua
260 2290 337 2376 quid
360 2291 479 2358 ferrum
500 2293 543 2359 sit
565 2291 744 2375 ignorante.
789 2292 964 2376 imperator
993 2299 1099 2358 autem
1122 2303 1187 2356 tam
1209 2299 1350 2359 aetatem

178 2400 344 2469 admirans
372 2422 469 2488 quam
500 2402 601 2469 moles
630 2402 774 2486 corperis
802 2421 911 2466 aarum
938 2401 1137 2484 collaudans,
1167 2400 1227 2467 hos
1250 2402 1350 2469 Hera·

177 2512 271 2578 cliam
295 2513 392 2581 misit.
436 2533 507 2578 cum
538 2521 643 2579 autem
674 2513 819 2578 uenisset
846 2511 888 2576 ad
913 2512 1106 2576 maritimam
1129 2518 1160 2576 et
1183 2510 1352 2579 didicisset
1366 2528 1394 2580 tt

178 2620 264 2705 quod
290 2622 390 2706 legati
412 2623 605 2707 Byzantium
628 2624 799 2689 Persarum
827 2629 924 2706 atque
946 2623 1141 2687 Francorum
1170 2621 1350 2695 uenissent.

177 2727 220 2796 ad
241 2732 366 2814 regalia
388 2733 552 2797 remeauit.

44 2840 157 2907 XXVI
264 2840 398 2907 Decimo
430 2840 556 2925 imperii
579 2841 726 2907 llauricii
757 2860 842 2907 anno
865 2840 1030 2907 Chaianus
1062 2839 1239 2923 quaerebat
1271 2861 1352 2925 aug-

177 2958 286 3016 menta
314 2958 480 3036 pactorum
511 2950 666 3034 accipere.
713 2952 888 3035 imperator
920 2971 996 3016 uero
1029 2969 1194 3017 sermones
1218 2950 1350 3017 barbari

177 3079 243 3125 non
265 3061 386 3144 recepit
408 3069 440 3125 et
461 3059 579 3124 ideireo
596 3059 761 3126 Chaianus
783 3060 898 3127 iterum
914 3061 1033 3126 bellum
1055 3061 1124 3143 agit
1145 3067 1177 3126 et
1199 3061 1351 3128 deuastat
1367 3077 1398 3130 ts

177 3166 394 3250 Siggcdonem
417 3176 448 3234 et.
469 3177 575 3236 castra
598 3177 708 3234 centra
722 3170 874 3236 Sirmium
889 3179 1006 3236 mouet.
1051 3170 1225 3255 imperator
1240 3180 1350 3237 autem

175 3283 358 3363 praetorem
380 3278 531 3363 Europae
553 3279 697 3346 Priscum
720 3288 817 3346 creat.
861 3289 894 3347 at
917 3301 992 3346 uero
1008 3281 1137 3347 Priscus
1157 3281 1350 3347 Saluianum

177 3387 418 3473 subpraetorem
442 3388 560 3453 factum
583 3409 789 3474 praecurrere
811 3390 905 3457 iussit
925 3398 957 3456 et
979 3398 1090 3456 eontra
1105 3390 1262 3456 barbaros
1278 3411 1351 3475 pro·

176 3498 328 3566 cedentes
358 3498 475 3564 bellum
507 3498 619 3565 ineunt
648 3507 679 3565 et
702 3501 836 3565 uincunt
857 3499 1004 3565 Romani.
1048 3520 1111 3584 quo
1133 3500 1243 3566 audite
1265 3498 1350 3565 Cha-

175 3608 271 3677 ianus
303 3609 523 3694 potentatibus
557 3610 693 3695 sumptis
727 3608 922 3695 properabat
955 3609 997 3675 ad
1031 3609 1160 3675 bellum.
1204 3617 1239 3674 at
1269 3629 1349 3675 uero
1366 3629 1398 3679 aa

176 3716 352 3786 Saluianus
374 3719 455 3786 uisis
478 3719 736 3787 multitudinibus
759 3721 957 3805 stupefactus
985 3719 1028 3786 ad
1049 3720 1195 3786 Priscum
1217 3738 1254 3785 se
1275 3738 1349 3784 eon-

175 3828 257 3893 tulit.
302 3829 505 3914 comperiens
535 3838 642 3896 autem
672 3829 838 3898 Clraianus
866 3832 1081 3897 Romanorum
1109 3849 1272 3896 recessum
1306 3825 1349 3892 ad

247 4124 256 4170 t
279 4118 409 4175 caudeD
528 4123 602 4175 3Ac
621 4121 753 4190 denual)
873 4119 1006 4175 tierrum
1026 4121 1057 4174 I)¹
1179 4121 1347 4192 cytharaiI)

180 4213 209 4261 1‘2
228 4216 316 4278 gratae
336 4211 432 4269 emb
554 4218 584 4267 13
604 4213 630 4267 ie
647 4230 698 4269 cnr.
718 4212 745 4268 D
866 4217 895 4267 15
915 4227 986 4268 cmm
1003 4213 1099 4267 crab
1183 4216 1263 4271 itiner
1279 4216 1347 4269 rcri-

172 4299 235 4367 pst:
261 4306 358 4357 straete
383 4303 438 4359 ΒΡ
542 4309 571 4360 tt
589 4304 715 4374 cytharas
738 4304 795 4360 fere
820 4303 847 4360 Ι)
949 4308 980 4357 19
999 4307 1142 4362 ammirans
1164 4323 1297 4377 quamque
1321 4307 1348 4362 D

176 4390 206 4440 tl
227 4387 381 4459 bizanltmrn
398 4394 425 4449 I)
494 4400 527 4450 26
546 4389 643 4469 ip’rrmr'u
660 4395 687 4453 D
755 4399 787 4451 28
806 4390 929 4467 iuppiter&
947 4397 973 4451 b
