2834 5394
487 694 560 743 our.
583 695 824 744 xxxvi-mx
1179 683 1242 747 609

65 844 297 911 subuertcbant
330 846 468 911 latentes
503 846 552 911 ‘in
585 846 798 913 subuersione
831 847 934 913 diuini
968 846 1113 915 mandati
1146 868 1243 918 nemo

65 974 178 1039 pacem
201 956 413 1040 amplectitur.
450 975 524 1021 eum
547 957 668 1040 quippe
691 957 745 1041 qui
767 958 858 1022 uenit
878 956 921 1023 ad
944 959 1002 1023 me’
1024 957 1241 1028 sitdominus

64 1066 140 1130 ‘non
163 1065 278 1130 eiciam
308 1066 410 1131 foras'
454 1066 636 1132 nescientes
658 1085 763 1150 neque
796 1087 880 1152 quac
901 1067 1047 1133 dicerent
1073 1087 1177 1151 neque
1199 1067 1241 1137 do

65 1175 181 1259 quibus
203 1175 409 1241 aftirruarent.
433 1176 536 1261 primo
559 1174 689 1260 quidem
711 1197 774 1261 quo
789 1176 884 1242 modo
907 1179 1035 1244 nemine
1058 1177 1101 1243 ad
1123 1199 1183 1246 nos
1198 1199 1241 1247 ex

32 1286 112 1355 aeis
134 1286 349 1370 confugiente,
372 1307 432 1352 nos
455 1305 511 1352 eos
533 1287 589 1372 qui
612 1287 697 1351 intra
719 1293 823 1353 cortes
839 1293 931 1353 erant
952 1287 1163 1373 prodidimus,
1186 1309 1241 1354 ua-

64 1398 168 1463 lentes
191 1395 250 1462 hos
273 1416 345 1461 cum
367 1415 449 1481 pace
472 1396 624 1462 saluare?
646 1393 786 1462 secundo
807 1417 885 1462 uero
908 1397 984 1481 quia
1005 1398 1069 1464 etsi
1091 1399 1241 1482 fugerunt

64 1528 137 1572 raro
160 1506 291 1590 quidem
312 1506 355 1570 ad
378 1525 446 1587 nos,
470 1525 528 1590 pro
550 1505 747 1590 acquirenda
768 1514 877 1572 tamen
898 1506 1046 1591 pluribus
1068 1515 1101 1573 et
1122 1506 1240 1574 contri·

64 1617 193 1682 bulibus
216 1616 320 1681 salute
343 1616 511 1698 oportebat
532 1617 641 1700 potius
663 1615 842 1698 decertare,
870 1636 967 1701 quam
990 1636 1089 1701 super
1110 1619 1240 1684 incertis

65 1735 97 1793 et
119 1726 338 1792 inuisibilibus
360 1725 560 1808 locupletari.
589 1726 713 1809 gratius
736 1727 822 1792 enim
845 1734 895 1792 cst
917 1725 978 1791 deo
1000 1728 1110 1810 plures
1132 1727 1240 1811 potius
1347 1783 1350 1790 .

18 1852 49 1901 tc
65 1857 161 1919 quam
184 1837 353 1920 pauciores
377 1836 514 1901 saluare.
558 1854 653 1919 porro
676 1835 828 1901 damnum
850 1835 884 1901 iu
906 1836 1053 1921 pluribus
1075 1839 1143 1920 pati
1166 1856 1241 1921 pro·

65 1953 136 2029 ptcr
163 1945 322 2010 modicum
350 1946 473 2010 lucrum
509 1945 634 2030 primae
662 1945 844 2012 dementiae
873 1952 932 2013 est.
975 1946 1057 2012 haec
1085 1945 1239 2013 kalendis

65 2057 149 2121 iacta
171 2061 245 2122 sunt
266 2053 513 2121 Nouembribus.

148 2166 247 2231 Porro
263 2165 367 2250 pridie
382 2184 486 2232 nonas
496 2165 690 2233 Nouembris
706 2166 858 2252 apparuit
871 2173 1011 2233 cometes
1025 2166 1059 2231 in
1075 2166 1177 2250 figura
1192 2163 1393 2232 XXXVIIII

65 2275 201 2340 duarum
223 2277 372 2342 lunarum
395 2276 582 2360 fulgentium
606 2276 819 2342 adunantium
842 2297 878 2343 sc
900 2283 997 2359 atque
1018 2278 1239 2361 separantium

19 2409 47 2457 15
65 2387 98 2450 in
128 2385 260 2452 diuersa
286 2386 454 2452 schemata
481 2386 528 2452 ita
555 2394 590 2452 ut
618 2388 652 2452 in
680 2385 828 2472 acephali
858 2387 920 2452 uiri
943 2387 1104 2452 fictionem
1126 2387 1241 2452 torma·

64 2503 184 2562 rentur.
228 2504 259 2560 ct
282 2496 512 2561 incrastinum
535 2496 575 2562 de
598 2497 724 2563 excidio
745 2495 957 2564 Mesembriae
978 2496 1069 2562 uenit
1089 2497 1239 2564 miserum

63 2607 208 2671 nuntium
232 2605 399 2672 deterrens
421 2624 533 2671 omncs
556 2606 596 2670 ob
619 2608 773 2671 maiorum
794 2608 951 2672 malorum
973 2607 1239 2691 expectationem,

64 2716 268 2781 inuenIcntes
290 2715 376 2780 enim
399 2735 470 2781 eam
493 2715 615 2780 inimici
637 2718 768 2799 plenam
792 2716 941 2781 omnibus
962 2716 1069 2797 robus,
1092 2734 1175 2798 quae
1197 2716 1239 2780 ad

64 2824 297 2890 habitationem
312 2824 477 2890 hominum
500 2825 617 2891 adesse
640 2825 767 2905 debent,
790 2825 875 2890 hanc
897 2831 1067 2890 tenuerunt
1087 2844 1154 2891 una
1169 2844 1240 2889 cum

14 2953 48 3004 ao
64 2935 218 3015 Debebo,
250 2933 283 3000 in
306 2933 422 3017 quibus
451 2941 483 2999 ct
504 2933 659 3016 siphones
689 2954 810 3000 aeneos
840 2935 1034 3000 inuenerunt
1055 2934 1187 3018 triginta
1209 2940 1241 3001 et

64 3065 123 3111 sex
153 3052 184 3109 et
212 3044 297 3128 iguis
325 3043 467 3124 humidi,
497 3044 552 3127 qui
579 3065 638 3128 per
666 3063 722 3110 cos
750 3043 955 3110 emittebatur
983 3044 1173 3128 argentique
1203 3063 1242 3109 ac

63 3155 133 3219 auri
154 3154 243 3220 haud
265 3153 423 3220 modicam
446 3155 581 3239 copiam.

151 3265 339 3348 Eodemque
361 3284 446 3329 anno
475 3264 564 3329 multi
586 3263 844 3330 Christianorum
869 3263 1019 3328 monachi
1051 3263 1172 3330 scilicet
1192 3282 1231 3328 ac
1260 3260 1397 3327 XXXX

65 3376 139 3440 laici
163 3395 203 3440 ex
226 3375 410 3440 Palaestina
433 3393 471 3438 ac
493 3375 589 3458 Syria
616 3374 649 3438 in
672 3373 813 3459 Cyprum
846 3393 965 3440 uenere
993 3373 1153 3457 fugientes
1183 3372 1241 3437 im·

13 3499 47 3550 25
64 3505 210 3550 mensam
240 3485 380 3549 Arabum
411 3483 626 3548 afflictionem.
670 3503 742 3549 curn
770 3484 855 3549 enim
885 3484 955 3549 siue
982 3484 1127 3566 generali
1155 3483 1241 3568 prin-

66 3595 174 3677 cipatu
198 3593 294 3678 Syria
316 3601 402 3660 essct
425 3600 457 3659 et
485 3593 653 3678 Aegyptus
676 3602 708 3659 et
729 3595 838 3659 Africa
860 3601 892 3660 et
913 3594 1017 3660 onmis
1038 3593 1239 3678 principatus

65 3704 117 3786 qui
142 3704 201 3769 sub
224 3704 305 3786 ipsis
329 3710 377 3768 cst
405 3702 580 3769 homicidIa
609 3705 745 3790 rapinae
774 3703 935 3769 adulteria
963 3704 1172 3787 luxuriaeque
1202 3721 1241 3767 ao

65 3834 177 3892 purnes
200 3813 260 3878 deo
283 3812 423 3879 odibiles
439 3813 583 3881 actiones
605 3814 639 3879 in
662 3814 846 3881 ciuitatibus
868 3833 906 3878 ac
932 3813 1019 3880 uillis
1042 3832 1062 3877 a
1084 3812 1240 3877 diuinitus

66 3924 211 4009 peritura
242 3930 338 4007 gente
366 3925 636 4008 perpetrabantur
668 3924 766 4008 inque
794 3924 880 3987 alma
902 3922 954 3987 dei
976 3923 1076 3987 nostri
1098 3922 1239 4003 ciuitate,

16 4048 48 4099 30
65 4033 202 4099 colenda
223 4035 295 4098 loca
318 4042 449 4100 sanctae
471 4034 624 4100 uidelicet
651 4033 895 4100 resurrectionis
918 4052 956 4097 ac
979 4032 1158 4112 calusinae,
1181 4051 1240 4096 ceu

63 4145 189 4228 reliqua
210 4144 382 4228 profanata
410 4152 493 4209 sunt.
539 4144 686 4210 similit-er
714 4151 821 4209 autem
842 4149 883 4208 et
909 4143 1022 4206 laurac
1051 4141 1150 4207 eremi
1172 4142 1241 4225 opi-

62 4256 253 4321 natissimae
276 4255 379 4320 sancti
401 4254 524 4318 scillcet
545 4253 728 4319 Charitcnis
751 4260 783 4319 et
805 4253 908 4319 sancti
931 4252 1039 4318 Sabae
1061 4251 1238 4335 etreliqua

62 4365 261 4431 monasteria
283 4372 314 4429 ct
336 4365 492 4429 ccclesiae
515 4363 664 4429 desertae
686 4364 791 4429 laetae
813 4369 896 4429 sunt.
927 4363 984 4427 alii
1006 4380 1146 4446 namque
1169 4380 1240 4446 per·

64 4481 155 4559 cepto
178 4475 334 4560 martyrio
357 4474 542 4558 interempti
565 4480 649 4555 sunt,
687 4473 744 4538 alii
775 4493 852 4537 uero
876 4471 1019 4556 Cypmm
1047 4478 1079 4536 et
1108 4491 1149 4537 ex
1177 4471 1241 4536 hac

14 4603 47 4653 35
63 4584 254 4667 Byzantium
277 4591 498 4671 properarunt,
537 4605 617 4670 quoe
638 4583 777 4648 Michael
799 4583 871 4669 pius
894 4583 1068 4666 imperator
1091 4588 1123 4647 et
1143 4580 1237 4647 NIce·

63 4694 184 4776 pharus
215 4697 438 4762 sanctissimus
467 4695 653 4780 patriarcha
690 4693 833 4776 benigna
864 4691 1084 4759 munificentia
1111 4711 1242 4776 recepe-

64 4812 147 4869 runt.
192 4826 267 4870 nam
289 4805 341 4872 his
370 4807 424 4892 qui
454 4811 613 4872 uenerunt
634 4803 677 4869 ad
706 4802 817 4868 urbem
847 4803 1077 4870 monasterium
1108 4802 1242 4886 insigne

107 4914 224 4955 maroam
236 4923 357 4956 macanos
983 4923 1015 4973 39
