2834 5394
283 268 346 331 622
689 280 797 327 sunau
819 280 1057 328 csmrvuonvu

283 440 362 487 atrox
379 439 430 529 0ct
463 446 546 499 graue
592 429 750 499 Siciliaeque
790 436 849 484 tum
933 433 965 484 tt
1000 429 1176 483 locustarum
1198 428 1327 483 insolita
1353 428 1411 483 mni

284 525 398 581 miseria.
899 522 928 576 in
950 521 1059 585 Africa,
1091 537 1125 576 ex
1160 536 1294 591 quarum
1323 539 1372 578 mo
1396 547 1411 569 ··

318 623 351 673 20
385 617 610 673 Numantinorum
620 615 758 670 fortitudo.
783 631 848 670 con·
898 616 1096 684 putrefactione
1125 615 1281 671 horrenda
1321 617 1413 685 pestis

283 718 327 767 tra
344 727 390 767 eos
407 710 516 765 tandein
525 709 615 779 Scipio
622 709 768 763 Africanus
785 710 848 764 mis·
899 716 967 763 orta

284 820 344 869 sus,
368 805 414 873 qui
438 811 590 872 corruptam
615 802 784 871 disciplinam
801 818 847 857 ca-
933 806 966 855 is
1001 802 1136 869 Carthago
1183 801 1306 856 restitui
1339 802 1397 856 ius

284 904 414 952 strensem
432 897 501 950 iuter
516 896 848 965 militesprimumacriter
899 893 987 949 ductis
1022 895 1125 949 colonis
1160 894 1327 959 Romania,
1365 913 1416 965 qu

284 990 422 1049 emciulat.
439 989 502 1042 inde
518 989 691 1043 Numantiam
708 988 847 1044 obsidione
898 987 1047 1058 prodigium
1064 989 1259 1041 antecesserit.
1301 989 1409 1044 seditio

283 1083 358 1152 granni
376 1083 466 1151 cingit.
897 1086 958 1149 pter
980 1081 1065 1149 legem
1086 1081 1226 1148 agrariam
1255 1097 1277 1135 a
1297 1081 1335 1137 G.
1356 1081 1381 1137 C

319 1179 348 1228 21
386 1175 549 1229 Numantiae
565 1174 641 1229 situs.
667 1174 846 1229 Numantino·
898 1172 998 1227 Tiberii
1023 1173 1121 1237 fratre,
1157 1175 1350 1229 resuscitata
1398 1176 1417 1221 ⁰.

284 1282 344 1320 rum
357 1266 451 1321 sames.
486 1269 553 1322 celia
570 1274 659 1337 potus.
692 1267 849 1323 Numantini
900 1265 1153 1321 Romaetumultus.
1173 1267 1235 1321 cius
1246 1276 1279 1321 et
1288 1268 1391 1321 Fuluii

284 1366 347 1429 post
369 1368 447 1414 atrox
471 1367 605 1416 certamen
635 1362 728 1417 urbem
759 1362 848 1416 incen·
899 1359 1032 1413 interitus.
1068 1359 1157 1427 Opimi
1182 1362 1315 1415 consulis
1335 1360 1410 1415 crud

285 1452 351 1507 dunt
381 1460 408 1507 et
431 1470 536 1509 ueneno
559 1453 683 1522 ferroque
709 1470 738 1509 se
755 1460 848 1509 mutuo
899 1452 927 1505 in
945 1452 1063 1506 factione
1080 1452 1250 1507 Gracchana
1280 1469 1410 1524 persequ

283 1547 430 1601 absumunt
461 1548 499 1601 ita
524 1553 555 1602 ut
580 1564 614 1602 ne
649 1563 719 1601 unus
743 1546 849 1616 quidem
934 1549 969 1600 29
1003 1545 1131 1599 Baleares
1166 1545 1282 1601 msulae
1318 1563 1340 1601 a
1375 1547 1417 1601 M:

285 1640 320 1694 ad
337 1640 500 1709 triumphum
517 1640 688 1709 superfuerit.
900 1638 1041 1693 edomitae.
1077 1638 1188 1693 Domitii
1206 1654 1325 1707 procos.
1368 1641 1417 1694 ui

319 1738 351 1787 22
387 1734 481 1804 Tyresi
508 1734 599 1787 Celtae
623 1749 782 1803 responsum
815 1734 849 1789 de
900 1731 933 1785 de
956 1731 1154 1799 Allobrogibus.
1200 1732 1316 1787 Aetnae
1356 1733 1417 1787 ins

285 1841 369 1882 eausa
392 1826 554 1880 Numantiae
577 1828 724 1882 euersionis
748 1843 765 1881 a
790 1828 848 1882 Sci·
899 1824 981 1878 ardor
1005 1830 1032 1878 et
1056 1822 1167 1878 Catinae
1184 1823 1265 1878 urbis
1285 1825 1358 1880 inde
1376 1826 1407 1880 d:

285 1920 366 1988 pione
383 1920 547 1987 interrogati.
584 1920 721 1975 Pacuuius
739 1920 849 1989 quaudo
900 1917 979 1972 Fabii
1003 1918 1121 1972 consulis
1143 1916 1258 1985 insignis
1285 1918 1323 1973 de
1347 1920 1414 1974 Aru

285 2012 389 2067 claruit.
422 2012 555 2080 Scipionis
572 2013 712 2081 praeclara
728 2019 805 2082 gesta
821 2013 849 2067 in
900 2010 1022 2066 uictoria.
1057 2010 1156 2063 bellum
1168 2025 1230 2062 cum
1240 2011 1414 2081 subalpinis

285 2104 425 2173 Hispania.
466 2105 550 2158 Attali
572 2106 641 2173 regis
659 2122 746 2163 mors,
772 2107 850 2160 cuius
900 2104 941 2167 lis,
960 2103 1005 2172 qui
1022 2118 1052 2157 se
1068 2104 1141 2171 ipsos
1159 2101 1231 2156 ferro
1251 2102 1383 2173 igneque
1409 2132 1411 2151 ÷

285 2204 445 2253 testamento
457 2198 522 2252 Asia
535 2198 658 2253 Romarm
676 2199 787 2268 imperio
803 2214 849 2254 ac·
900 2204 984 2251 munt
1037 2197 1165 2251 Narbone
1200 2194 1314 2249 colonia
1349 2198 1410 2253 ded

286 2292 374 2346 cessit.

320 2386 352 2438 23
388 2382 483 2438 acclitio
502 2382 669 2438 Gracchana.
701 2383 758 2437 eius
783 2399 849 2438 cau·

286 2491 342 2533 aaa.
372 2476 473 2531 Tiberii
491 2476 609 2531 Gracchi
634 2476 757 2531 interitus
782 2477 848 2531 omi-

287 2586 375 2640 naquc
398 2578 478 2624 antea
494 2569 546 2639 ipsi
564 2570 636 2624 hunc
653 2569 849 2624 denuntiantia.
899 2569 986 2638 phaut
1002 2569 1072 2623 alter
1088 2567 1122 2623 de
1134 2567 1252 2621 Thracia
1271 2568 1347 2623 alter
1368 2571 1408 2625 de

320 2666 352 2717 24
388 2663 450 2717 belli
469 2663 574 2717 seruilis
592 2670 706 2731 contage
717 2662 848 2717 Siciliensi
900 2661 982 2716 dinia.

287 2756 385 2809 multae
399 2755 468 2808 aliae.
478 2756 635 2824 prouinciae
652 2756 782 2810 similibus
792 2764 848 2810 tnr-
935 2760 968 2809 30
994 2755 1093 2810 bellurn
1104 2753 1300 2822 Iugurthinum.
1322 2754 1361 2808 Iu

286 2848 328 2903 bis
345 2848 469 2903 infectae.
505 2847 638 2917 supplicia
662 2849 689 2902 in
707 2848 798 2903 Sicilia
815 2849 848 2904 de
899 2847 975 2902 initio
1000 2846 1091 2901 felices
1109 2861 1284 2916 progressus,
1309 2864 1401 2916 quem

287 2942 373 3011 captis
400 2949 507 3009 sumpta
531 2947 559 2995 et
574 2941 706 2995 innumeri
723 2941 850 2996 trucidati
900 2939 961 2995 dem
969 2940 1094 2995 Metellus
1112 2940 1148 2993 ad
1165 2938 1331 2993 deditionem
1354 2960 1416 2997 co..

286 3034 457 3089 aRomauis.
898 3033 937 3087 lit
971 3049 1064 3088 uerum
1086 3050 1117 3087 eo
1144 3048 1198 3086 nou
1224 3032 1392 3100 quiescente

321 3131 353 3181 25
380 3127 478 3181 bellum
496 3126 524 3179 in
535 3126 601 3180 Asia
613 3143 674 3180 cum
686 3127 848 3182 Aristonico.
899 3126 955 3181 rius
974 3126 1002 3179 in
1019 3126 1140 3180 Africam
1157 3125 1263 3190 missus,
1282 3125 1331 3194 qni
1352 3128 1414 3183 Ca·

287 3219 432 3273 Aristonici
461 3219 575 3273 uictoria
609 3219 643 3273 de
670 3219 767 3273 Crasso
792 3235 847 3274 cos.
900 3219 980 3289 capit.

286 3311 394 3367 tandem
412 3312 583 3380 aPcrpenna
600 3312 690 3366 uictus
708 3317 735 3365 et
752 3318 849 3382 captus
936 3317 965 3366 31
1003 3311 1132 3380 Iugurtha
1167 3326 1228 3364 cum
1257 3324 1320 3378 rege
1358 3312 1417 3370 Bo

287 3407 442 3475 Romaeque
471 3406 498 3458 iu
529 3421 637 3460 carcere
668 3405 850 3473 strangulatus
900 3405 1056 3460 societatem
1075 3404 1124 3458 init
1155 3404 1265 3472 eiusque
1292 3405 1409 3462 auxiliis

287 3501 338 3556 ruit
356 3500 531 3554 Aristonicus.
566 3498 739 3553 Ptolomaeus
756 3499 791 3553 ob
808 3498 849 3552 iu·
900 3498 1010 3552 modum
1036 3504 1157 3565 augetur.
1191 3496 1354 3565 grauissima
1381 3517 1413 3569 pu

287 3600 377 3649 cestus
396 3604 423 3647 et
440 3591 583 3662 parricidia
608 3592 642 3645 ab
661 3591 850 3646 Alexandrinis
901 3590 1047 3646 adcirtam
1065 3589 1248 3659 pertriduum
1268 3590 1417 3646 continua

286 3703 368 3757 regno
378 3687 481 3756 pulsus.
505 3686 655 3740 Antiochus
673 3701 721 3739 rex
738 3685 849 3740 aPhra·
936 3688 968 3738 32
1003 3683 1118 3738 Romani
1142 3682 1251 3736 tandem
1272 3681 1359 3737 imbre
1378 3686 1417 3740 iu

287 3780 351 3835 hato
376 3779 539 3834 Parthorum
561 3794 623 3847 rege
646 3794 707 3832 cum
731 3778 850 3832 exercitu
900 3784 960 3832 rato
977 3779 1092 3832 recreati
1121 3774 1297 3830 Numidarum
1324 3777 1391 3832 telis

287 3874 413 3928 uniuerso
432 3873 543 3926 deletus.
900 3870 986 3940 ruptis
1002 3870 1143 3926 uictoriam
1161 3876 1343 3923 consecuntur
1366 3879 1397 3924 et
1415 3900 1417 3919 t

321 3972 354 4021 26
398 3966 427 4019 Ρ.
458 3964 547 4033 Scipio
582 3965 729 4018 Africanus
770 3979 849 4018 mane
909 3963 1006 4017 iterum
1028 3964 1174 4032 Iugurthae
1198 3967 1225 4016 et
1248 3961 1350 4015 Bocchi
1392 3982 1408 4019 e

288 4060 417 4114 exanimis
443 4058 470 4112 in
496 4058 620 4113 cubiculo
645 4073 693 4112 suo
717 4063 848 4127 repertus.
901 4056 983 4110 citum
1002 4056 1037 4110 ad
1045 4056 1252 4111 internecionem
1263 4055 1391 4111 caedunt.

288 4155 345 4208 eius
362 4153 485 4207 interitus
506 4167 595 4205 eausa.
629 4153 733 4204 Aetnae
749 4151 850 4219 ignium
900 4151 1014 4219 gurthae
1032 4150 1185 4218 captiuitas.

288 4246 432 4301 exundatio
458 4252 485 4298 et
499 4245 615 4314 Liparae
634 4244 737 4299 insudas
754 4244 850 4299 uicini·
936 4246 968 4296 33
1004 4242 1104 4295 Cimbri
1117 4241 1190 4301 uicti,
1209 4241 1272 4294 ahbi
1283 4242 1414 4299 Scordisc.

288 4355 341 4408 que
357 4339 439 4393 maria
457 4337 640 4393 intolerandus
658 4338 757 4393 feruor.
901 4335 1027 4397 Triballi,
1063 4335 1128 4388 uicti
1159 4335 1289 4389 Lusitani.
1334 4335 1411 4391 trinu
