2834 5394
86 234 147 294 544
531 235 535 245 '
556 248 649 295 uram
671 247 773 294 xxnn

85 407 117 464 et
144 399 295 484 populum
326 399 459 463 multum
488 407 520 465 et
541 413 735 484 aeceperunt
762 418 853 464 arma
875 419 1000 465 eorum.
1053 407 1090 465 et
1122 401 1176 468 sie
1198 399 1283 466 inho

84 517 176 577 ueste
199 511 321 575 reuersi
344 517 427 575 snut.

47 618 97 686 ΙΙΙ
175 621 269 684 Auno
285 621 412 703 imperii
424 619 629 686 Constantini
656 621 810 686 uicesimo
832 621 936 686 taetus
949 628 1000 686 est
1015 640 1118 687 error
1134 621 1282 697 Paschae

86 739 117 796 et
149 730 317 796 orthodoxi
352 731 480 815 quidem
517 732 550 795 in
580 731 702 796 oriente
731 741 845 796 oetauo
879 731 953 797 idus
983 731 1125 816 Aprilis
1155 732 1281 797 Pascha

85 841 331 906 celebrauerunt
359 848 392 905 at
419 861 496 906 nero
526 842 651 906 erronei
682 841 836 906 haeretiei
868 840 942 907 idus
966 842 1119 927 Aprilis.
1170 842 1307 908 eodemt

85 972 170 1016 anno
193 953 384 1016 translatum
407 959 457 1017 est
485 958 579 1036 capnt
610 953 713 1016 saneti
733 951 887 1017 lobannis
918 955 1164 1036 praecursoris
1188 961 1281 1037 atque

86 1063 252 1144 Baptistae
275 1081 296 1124 a
318 1063 513 1127 monasterio
536 1063 666 1147 Spalaei
689 1064 722 1126 in
751 1063 903 1146 templum
933 1083 1032 1127 suum
1059 1065 1100 1129 in
1126 1066 1282 1132 Emesen-

87 1171 169 1237 sinm
202 1171 333 1235 ciuitate
367 1173 479 1254 sitnm,
514 1192 584 1236 oum
614 1181 701 1238 esset
723 1173 857 1238 illustre.
902 1180 934 1237 et
962 1172 1163 1241 deseensus
1198 1176 1281 1242 aedi·

87 1280 202 1346 libatus
239 1288 289 1346 est
325 1282 379 1346 ubi
417 1303 519 1366 usque
565 1282 662 1346 hodie
706 1304 727 1347 a
773 1283 922 1348 fidelibus
966 1283 1156 1351 adoratum
1198 1288 1280 1352 omni

86 1391 258 1458 suauitatis
290 1393 449 1477 eorporali
479 1392 600 1457 scilieet
630 1412 668 1456 ae
697 1394 856 1477 spirituali
888 1393 1074 1459 honoratur
1115 1397 1224 1463 odore
1251 1404 1314 1463 stu

85 1521 242 1569 emanans
271 1503 407 1567 etlundit
443 1502 591 1568 omuibus
623 1504 780 1570 sanitates
814 1504 868 1588 qni
899 1503 962 1569 fide
996 1503 1194 1588 flagrantes
1234 1527 1278 1572 oe·

85 1620 225 1677 errrrnut.

171 1722 355 1805 Eodemque
389 1742 474 1787 anno
513 1722 633 1787 doeites
668 1723 849 1789 clarissima
887 1724 920 1787 in
955 1723 1087 1790 oriente
1120 1728 1276 1812 apparuit

86 1832 276 1916 perdecem
299 1832 368 1898 dies
391 1832 558 1897 etiterum
582 1832 624 1897 ad
646 1833 843 1898 occidentem
865 1834 978 1899 diebus
1002 1834 1127 1916 uiginti
1151 1846 1188 1902 et
1202 1858 1274 1902 uno.

86 1941 217 2022 quidam
240 1961 316 2004 uero
340 1942 440 2024 Syrus
457 1942 646 2008 Theodorus
661 1945 790 2009 nomine
806 1943 973 2008 libanites
987 1944 1078 2008 eirea
1103 1947 1308 2030 regionario

86 2051 292 2135 Heliopoloos
315 2072 398 2133 quae
420 2059 470 2117 est
492 2052 534 2116 ad
556 2054 716 2118 Libanum
746 2054 902 2118 aduersus
932 2053 1057 2120 Arabes
1091 2056 1272 2123 insurrexit

86 2167 209 2226 etcum
234 2162 353 2226 bellum
376 2163 529 2227 mouisset
556 2165 588 2228 iu
619 2184 674 2230 eos
697 2165 880 2230 oeciderunt
908 2184 948 2228 ex
970 2165 1145 2247 utriusque
1170 2167 1271 2232 multi.

87 2271 264 2337 nouissime
287 2292 363 2336 nero
386 2282 478 2355 terga
500 2281 531 2338 et
553 2274 623 2358 ipse
653 2283 781 2341 uertens
804 2275 915 2357 effugit
944 2282 976 2339 et
1004 2276 1188 2343 Libanitae
1219 2277 1271 2363 qni

86 2383 251 2467 cumipse
281 2391 372 2448 erant
400 2404 510 2449 onmes
534 2391 607 2449 suut
629 2385 821 2470 interempti.
866 2386 969 2449 fartae
999 2377 1111 2450 antem
1137 2398 1270 2455 suntet

87 2495 121 2558 in
143 2494 252 2559 Atriea
275 2495 451 2561 seditiones
474 2502 504 2559 et
526 2495 613 2560 bella
635 2495 733 2560 solari
757 2496 867 2580 eclipsi
891 2496 975 2559 tractat
998 2502 1115 2560 octauo
1140 2497 1307 2564 decimott

87 2604 248 2669 kalendas
271 2606 490 2689 Septembrias
520 2606 602 2670 teria
631 2612 723 2670 sexta
751 2604 830 2669 bora
859 2605 993 2669 (leelina.
1038 2625 1138 2689 porro
1161 2609 1269 2675 insur-

87 2722 237 2778 rexerunt
260 2714 389 2797 quidam
413 2736 453 2781 ex
474 2715 699 2797 Mauropboris
728 2715 814 2798 apud
839 2717 968 2780 llabeoo
992 2714 1140 2783 dieentes
1164 2719 1269 2784 filium

85 2826 317 2909 protosymboli
341 2825 435 2891 deum
459 2832 493 2890 ut
515 2826 701 2890 nutritorem
728 2846 818 2890 suum
847 2834 878 2890 et
893 2826 1091 2910 protulerunt
1108 2826 1269 2911 dogmata

85 2936 181 3002 buius
204 2936 288 3000 modi
314 2944 345 2999 et
366 2937 558 3001 introierunt
579 2936 784 3019 Mauropbori
809 2935 935 2999 domum
953 2935 1069 3001 erroris
1093 2938 1145 3001 sui
1169 2947 1203 3003 et
1220 2959 1269 3004 oe·

86 3045 232 3109 uiderunt
260 3046 439 3128 clauigeros
468 3047 600 3110 nomina
631 3045 801 3128 sexaginta
831 3053 862 3110 et
890 3048 1037 3111 exierunt
1066 3046 1202 3129 quidam
1235 3050 1309 3114 ints

88 3156 230 3219 [larason
271 3163 302 3218 et
335 3157 581 3239 captiuauernnt
615 3157 732 3221 multos
774 3165 806 3221 et
840 3159 994 3241 pecunias
1029 3157 1266 3226 innumerosas

86 3283 261 3347 sumpsere.

34 3384 65 3448 x
173 3375 266 3439 Auno
289 3375 415 3460 imperii
438 3374 641 3441 Constantini
664 3376 816 3442 uicesimo
840 3376 942 3459 priruo
973 3375 1166 3440 seditionem
1190 3398 1268 3444 eon·

89 3488 267 3552 citauerunt
304 3486 471 3552 Cassiotae
508 3496 619 3551 eontra
655 3486 886 3572 blauropboros
930 3493 1060 3570 propter
1097 3487 1265 3556 mulieres.

87 3605 272 3664 manserant
294 3598 379 3662 enim
403 3619 443 3663 en
466 3598 513 3662 eis
535 3598 568 3662 in
592 3597 696 3678 domo,
720 3599 837 3681 inqua
858 3604 923 3663 tres
946 3597 1061 3661 tratres
1085 3599 1267 3666 manebant
1284 3615 1312 3664 ao

86 3716 116 3773 et
138 3711 307 3774 uoluerunt
329 3730 446 3774 uxores
470 3728 577 3772 eornm
601 3708 634 3773 in
657 3709 792 3792 pelagus
818 3709 934 3790 iacere,
959 3713 1128 3789 surgentes
1151 3715 1264 3774 autem

85 3826 150 3884 tres
174 3820 289 3885 tratres
313 3819 496 3884 oeciderunt
519 3825 550 3885 et
572 3819 746 3884 obruerunt
773 3820 847 3885 illos
870 3818 926 3884 sed
950 3823 982 3883 et
1004 3818 1184 3880 eoaeoruati
1210 3839 1265 3883 oe·

85 3929 231 3995 ciderunt
253 3930 348 3994 etiam
372 3930 512 4014 reliquos
536 3937 566 3995 et
588 3949 660 3993 euru
683 3929 826 3996 misisset
848 3928 996 3995 Seliolrus
1018 3927 1152 3992 militias
1175 3928 1264 3993 trau·

85 4095 201 4102 —0----
216 4096 262 4100 --s-
317 4094 388 4099 0-—

157 4205 164 4250 t
186 4200 288 4252 ruholte
307 4198 331 4252 b
406 4204 420 4251 t
439 4199 466 4252 rd
483 4203 539 4268 aprl
559 4196 584 4253 I)
661 4203 677 4252 o
695 4196 784 4268 capud
802 4195 828 4252 1>
905 4201 918 4247 'l
939 4196 1019 4263 spelei
1036 4193 1062 4249 D
1138 4199 1153 4248 9
1172 4195 1261 4252 hono·

84 4295 172 4344 ratum
191 4298 217 4345 et
235 4292 376 4345 adoratum
394 4291 478 4363 sculpo
563 4296 592 4346 tt
610 4289 759 4360 frmlautol
772 4288 800 4347 D
878 4293 912 4343 20
930 4288 1024 4342 affrica
1042 4285 1068 4342 l)
1136 4291 1165 4340 rt
1188 4289 1217 4341 kl
1237 4292 1264 4345 Ι)

86 4385 117 4433 23
135 4385 318 4450 protosimbob
336 4383 362 4440 1>
430 4388 462 4439 25
480 4399 507 4439 r*
902 4379 925 4437 0
974 4381 1087 4451 polagus
1102 4381 1128 4436 l>
