2834 5394
10 39 1024 351 u

555 709 628 758 car.
653 710 746 756 vr-rr
778 723 781 730 ·
1179 695 1242 760 593

148 862 246 925 Porro
276 861 370 926 tertio
401 861 525 926 decimo
555 861 715 928 kalendas
743 862 913 928 lanuarias
940 861 1142 946 Nicephorns
1171 868 1246 947 post
1267 860 1363 928 VIIII

60 972 195 1036 multam
223 972 410 1036 electionem
439 971 601 1056 uirginum
636 992 677 1037 ex
706 973 792 1037 omni
822 979 981 1058 potestate
1018 972 1081 1039 sibi
1111 971 1244 1039 subdita

60 1101 161 1147 causa
183 1081 355 1166 copulandi
380 1081 583 1147 Stanraeium
605 1082 704 1147 filium
729 1104 820 1148 suum
844 1082 986 1166 coniugi,
1008 1090 1135 1167 raptam
1158 1082 1244 1147 The·

62 1191 192 1276 ophano
220 1191 451 1258 Atheniensem
481 1199 633 1276 agnetam
663 1193 780 1258 beatae
807 1192 962 1275 Eirenae‚
987 1213 1070 1276 quae
1092 1192 1161 1257 uiro
1184 1191 1238 1257 de·

27 1314 46 1361 a
63 1309 218 1386 sponsata
240 1308 309 1367 erat
332 1311 364 1367 et
385 1322 484 1387 saepe
506 1324 576 1367 cunr
592 1304 663 1387 ipso
679 1303 862 1384 cubauerat,
886 1302 1050 1387 separauit
1064 1303 1106 1367 ab
1122 1302 1235 1367 eodem

62 1412 132 1476 uiro
155 1418 187 1476 et
208 1412 272 1497 ipsi
295 1413 463 1479 Stauracio
487 1413 603 1479 misero
626 1413 788 1496 copulauit
810 1412 1028 1497 impudenter,
1052 1420 1086 1477 ut
1107 1413 1140 1477 in
1163 1412 1237 1479 aliie

61 1522 153 1586 etin
181 1522 242 1587 hoc
271 1543 398 1606 quoque
425 1523 666 1607 praeuaricator
694 1523 837 1604 effeetus,
860 1525 944 1588 alias
972 1541 1050 1588 uero
1073 1522 1154 1589 duas
1177 1523 1241 1589 ista

61 1632 239 1715 pulcriores
268 1653 349 1716 quas
377 1653 448 1696 eum
478 1652 516 1697 ea
539 1633 681 1716 elegerat
704 1634 873 1700 manifeste
896 1633 1037 1718 corrupit
1058 1632 1092 1697 in
1115 1632 1241 1700 eisdem

62 1741 165 1824 ipsius
187 1742 371 1825 nuptiarum
401 1740 516 1806 diebus
545 1743 586 1806 ah
617 1743 765 1809 omnibus
794 1744 880 1808 idem
903 1744 1083 1809 obscaenus
1112 1742 1238 1810 irrisus.

16 1869 45 1917 ro
63 1849 203 1934 denique
218 1851 394 1916 Februario
410 1871 521 1918 mense
537 1852 731 1918 simultatem
748 1855 969 1937 excogitantes
992 1852 1150 1920 aduersus
1167 1872 1240 1918 eum

63 1961 152 2024 multi
184 1980 224 2026 ex
253 1961 440 2045 proceribus
469 1962 604 2029 Arsabir
632 1972 835 2047 quaestorem
872 1971 903 2030 et
931 1963 1099 2050 patricium
1134 1963 1239 2027 uirum

62 2070 149 2154 pium
185 2077 217 2136 et
251 2070 571 2138 rationabilissimum
599 2074 773 2157 elegerunt.
818 2073 903 2158 quod
931 2093 1002 2139 oum
1036 2073 1239 2138 multiformis

62 2180 265 2265 Nicephorns
288 2182 484 2265 agnouisset
514 2183 620 2266 ipsum
650 2183 779 2267 quidem
808 2204 938 2250 caesum
962 2202 1001 2247 ac
1024 2191 1152 2249 tonsum
1175 2201 1239 2246 mo·

63 2290 200 2354 nochum
223 2292 298 2357 lecit
320 2298 352 2357 et
374 2293 472 2358 exilio
495 2293 703 2376 relegandum
720 2294 753 2359 in
767 2293 953 2379 Bithyniam
976 2292 1072 2374 misit,
1095 2293 1238 2375 reliquos

16 2417 46 2465 rs
62 2407 169 2465 autem
192 2401 346 2468 caedibus
368 2409 400 2468 et
421 2404 562 2470 tonsuris
586 2410 619 2468 et
640 2403 913 2488 publicationibus
935 2404 1069 2488 insuper
1084 2408 1116 2467 et
1130 2401 1238 2467 exiliis

63 2510 206 2576 subdidit
228 2533 293 2576 non
317 2513 419 2577 solum
442 2513 617 2580 mundialis
640 2514 728 2580 uitae
751 2515 915 2599 principes
939 2513 997 2581 scd
1019 2519 1051 2578 et
1067 2512 1236 2597 episcopos

63 2628 192 2686 sanctos
222 2629 253 2685 ot
282 2621 457 2688 monachos
485 2641 637 2688 necnon
667 2631 698 2687 et
728 2625 858 2690 maioris
881 2623 1039 2690 ecelesiae
1061 2622 1239 2706 syncellum

63 2736 94 2793 et
121 2730 343 2795 saccellarium
374 2737 405 2796 et
433 2731 715 2816 chartophylacem
744 2733 831 2799 uiros
860 2733 1072 2798 rationabiles
1095 2739 1127 2796 et
1149 2749 1240 2795 reue-

64 2838 167 2901 rentia
191 2837 316 2921 dignos.

14 2969 46 3017 20
148 2950 242 3013 Anno
265 2949 392 3033 imperii
414 2949 589 3034 Nicephori
613 2951 749 3035 septimo
771 2950 882 3015 Aaron
904 2949 1046 3014 Arabum
1070 2950 1136 3014 dux
1159 2969 1239 3013 mor·
1261 2941 1293 3004 X

63 3064 136 3122 tuus
160 3065 209 3124 eat
232 3059 264 3123 in
286 3059 429 3124 interiori
444 3059 588 3143 Perside,
613 3080 696 3144 quae
717 3073 851 3124 uocatur
872 3058 1053 3135 Churasan
1078 3066 1109 3123 et
1131 3078 1240 3125 susce-

62 3169 110 3253 pit
132 3169 347 3253 principatum
369 3169 576 3234 Muhamrnad
598 3170 684 3235 filius
707 3171 787 3248 eius,
811 3171 1018 3254 scrupulosus
1040 3189 1099 3253 per·
1121 3169 1238 3248 omnia,

62 3285 174 3342 contra
195 3299 290 3363 quem
313 3279 493 3346 Habdallas
522 3280 621 3345 lrater
643 3280 712 3346 eius
741 3279 932 3346 seditionem
967 3280 1132 3344 concitans
1160 3280 1240 3343 inte-

64 3389 139 3453 stini
162 3389 239 3453 belli
263 3390 364 3455 lactus
388 3396 437 3456 est
460 3397 571 3455 auctor·
596 3398 627 3455 et
649 3390 726 3455 hinc
747 3390 781 3454 hi
805 3390 859 3472 qui
884 3390 917 3454 in
934 3389 1029 3473 Syria
1046 3395 1078 3452 et
1091 3388 1239 3472 Aegypto

15 3517 46 3565 25
63 3505 94 3562 et
116 3498 222 3582 Libya
244 3507 343 3579 erant,
367 3500 401 3564 in
424 3499 570 3566 diuersos
593 3500 687 3566 incisi
710 3499 911 3584 principatus
933 3506 998 3564 tam
1022 3498 1170 3583 publicas
1186 3517 1239 3563 res

64 3627 159 3690 quam
183 3609 354 3675 alterutros
377 3610 603 3675 subuerterunt
631 3609 880 3675 mactationibus
911 3615 944 3674 et
971 3607 1097 3693 rapinis
1126 3627 1164 3672 ao
1192 3607 1239 3672 di·

63 3717 167 3782 uersis
195 3715 327 3800 flagitiis
356 3726 467 3784 contra
497 3739 532 3785 se
560 3726 734 3803 contraque
763 3718 909 3786 subditos
933 3718 1138 3785 Christianos
1166 3737 1238 3782 con-

63 3826 136 3892 lusi.
180 3846 219 3891 ac
240 3847 297 3911 per
319 3827 380 3892 hoc
402 3829 567 3911 ecclesiae,
605 3849 688 3912 quae
718 3830 751 3894 in
781 3837 894 3895 sancta
916 3828 1035 3894 Christi
1059 3827 1111 3893 dei
1134 3826 1237 3893 nostri

64 3942 156 4001 erant
185 3937 323 4016 ciuitate,
362 3938 510 4005 desertae
539 3938 643 4004 factae
679 3947 768 4020 sunt3
806 3945 838 4002 et
872 3938 1069 4003 monasteria
1103 3936 1239 4001 duarum

14 4067 48 4114 ao
64 4067 254 4130 magnarum
276 4049 449 4127 laurarum,
473 4056 605 4114 sanetae
627 4047 780 4113 uidelicet
802 4047 976 4112 memoriae
999 4043 1184 4111 charitonis
1208 4051 1240 4111 et

63 4156 191 4241 Cyriaci
214 4164 311 4238 atque
334 4157 436 4223 sancti
459 4158 566 4224 Sabae
595 4177 655 4224 nec
684 4178 748 4222 non
780 4165 812 4223 et
840 4157 967 4240 reliqua
988 4155 1146 4221 coenobia
1167 4175 1239 4220 san-

62 4275 182 4331 ctorum
206 4267 370 4351 llutlrymii
400 4288 438 4331 ac
466 4268 651 4335 'l'lreodosii
696 4266 885 4332 Theodorus
915 4273 1022 4331 autem
1050 4266 1237 4349 ligumenus

133 4473 144 4522 l
164 4469 196 4521 kl
213 4469 371 4536 ralrruarrol·
387 4468 410 4523 D
478 4473 493 4523 3
512 4475 617 4538 raptam
626 4469 739 4540 scripsi:
757 4467 858 4522 factam
869 4467 923 4531 (D),
942 4466 1015 4520 deest
1033 4464 1109 4537 opud
1121 4462 1237 4535 Theoplr.

63 4559 218 4628 theophanu
236 4561 262 4615 D
330 4548 497 4630 tagmtril)
564 4561 717 4615 herrencD
785 4553 917 4614 boblce'n
935 4558 961 4612 D
1032 4562 1062 4612 ll
1079 4543 1238 4611 brthrmriD

67 4638 328 4722 lekartophrlacisll
391 4660 424 4708 20
442 4653 564 4709 haronD
625 4657 656 4706 25
676 4652 782 4722 lybral)
845 4655 878 4705 29
897 4651 990 4706 eratI)
1051 4654 1083 4705 30
1101 4649 1239 4703 labrarum

64 4745 136 4809 (BP)
154 4747 203 4800 sed
219 4748 257 4816 cf.
277 4752 335 4812 609,
355 4753 383 4801 31
449 4746 618 4802 3lcrr1acrll
676 4745 770 4801 sabel)
822 4744 966 4799 cenobiali
1035 4741 1240 4798 32euth1muD

64 4842 229 4907 eugumenul
244 4841 270 4894 I)

107 4934 221 4974 llmrouu
235 4945 353 4975 miserans
1035 4942 1068 4993 33
