2834 5394
147 225 208 288 578
649 237 741 284 nram
763 237 834 284 xxv

147 409 266 455 eorum.
311 390 345 455 in
375 388 507 456 exilium
537 388 639 455 nihilo
668 388 775 454 minus
809 397 842 454 et
868 388 995 456 Aetium
1027 387 1125 456 misit
1155 385 1348 471 spadonem

146 499 439 584 protospatharium
455 507 487 566 et
502 500 648 565 intimum
671 500 741 565 eius
759 505 792 564 et
814 518 926 565 omnes
944 498 1153 566 domesticos
1177 497 1262 564 eius
1278 517 1349 582 spa-

148 607 260 675 dones.
304 608 388 674 banc
409 616 514 675 autem
537 629 609 674 cum
631 609 791 675 suauitate
812 628 873 675 sua
894 615 926 675 et
945 607 1125 674 affluentia
1148 607 1286 673 locauit
1317 607 1350 671 iu

147 719 269 804 palatio
291 719 469 785 Eleutherii
491 717 578 804 quod
599 719 672 803 ipsa
700 717 929 784 aedificauerat
955 718 989 783 in
1019 738 1086 802 quo
1121 725 1157 784 et
1181 716 1351 801 pecunias

148 828 265 894 multas
288 828 512 896 absconderat.
1365 840 1378 889 5

7 929 158 998 lXVIIII
233 940 367 1004 Factum
389 959 465 1004 uero
487 945 537 1004 est
558 936 672 1003 eodem
694 956 805 1004 mense
826 935 1009 1003 incendium
1032 942 1065 1000 ct
1087 942 1352 1004 concrematum

148 1056 199 1116 est
212 1049 385 1114 triclinium
401 1047 589 1132 patriarchii
604 1047 691 1132 quod
708 1047 825 1112 dicitur
839 1046 1038 1127 Thomaites‚
1055 1052 1087 1110 et
1105 1046 1351 1130 quaestorium

148 1157 285 1223 etaliae
307 1156 421 1223 domus
444 1156 611 1242 usquead
632 1157 765 1222 Milium.
809 1163 951 1222 cetorum
972 1154 1079 1239 Aprili
1103 1175 1236 1224 mense
1267 1155 1352 1221 Gon·

147 1268 309 1335 stantinus
330 1286 402 1332 eum
424 1274 530 1333 castra
558 1268 713 1333 mouisset
740 1272 851 1331 contra
872 1266 1047 1349 Bulgares,
1078 1265 1181 1330 uenit
1214 1266 1266 1332 ad
1297 1287 1349 1333 ca·

148 1378 275 1445 stallum
299 1377 385 1461 quod
407 1376 523 1443 dicitur
544 1376 676 1442 Probati
705 1375 747 1440 ad
775 1376 879 1441 riuum
910 1374 1032 1441 scilieet
1060 1375 1177 1440 saneti
1202 1375 1347 1460 Georgii
1364 1384 1388 1434 1⁰

148 1494 181 1553 et
208 1507 280 1570 oum
315 1487 506 1553 occurrisset
534 1485 693 1551 Oardamo
722 1484 852 1550 domino
880 1485 1053 1569 Bulgariae
1084 1485 1220 1568 pusillo
1258 1486 1348 1551 eirca

148 1614 318 1682 uesperam
352 1597 435 1662 iacto
467 1596 552 1661 bello
585 1593 794 1661 formidantes
828 1595 882 1676 qui
915 1614 956 1660 ex
983 1595 1213 1659 Romanorum
1248 1602 1348 1661 eraut

146 1715 240 1792 parte
262 1714 461 1791 pernoctem
476 1706 626 1789 fugerunt
640 1711 672 1770 et
685 1704 816 1788 inglorii
830 1703 1004 1785 redierunt,
1021 1703 1100 1787 quin
1115 1711 1153 1770 et
1169 1705 1345 1789 Bulgares

147 1823 328 1881 metuentes
350 1815 473 1881 reuersi
496 1821 579 1880 sunt.

231 1923 326 1989 Anno
348 1924 473 2008 imperii
496 1924 546 1990 sui
568 1921 710 1990 secundo
732 1941 844 1988 mense
866 1920 1067 2006 Septembrio
1090 1929 1205 1989 castra
1233 1924 1343 1988 mouit
1359 1933 1384 1982 15

147 2033 321 2116 imperator
335 2032 492 2098 aduersus
507 2031 633 2098 Arabes
649 2037 680 2096 et
701 2033 863 2115 profectus
884 2031 927 2097 ab
941 2030 1071 2096 Am0rio
1086 2030 1173 2096 abiit
1188 2035 1339 2101 Tarsum

147 2140 289 2208 Ciliciae.
335 2161 405 2205 curn
435 2147 542 2206 autern
570 2140 714 2208 uenisset
743 2141 787 2207 ad
813 2143 989 2225 inaquosus
1017 2147 1122 2207 turres
1154 2141 1339 2226 repedauit

147 2251 256 2319 inanis
288 2271 401 2318 mense
434 2250 586 2317 Octobrio
623 2250 808 2319 indictionis
844 2251 975 2335 quintae
1011 2249 1170 2316 decimae.
1228 2271 1334 2336 porro

147 2368 262 2428 octauo
285 2361 409 2427 decimo
431 2360 592 2427 kalendas
606 2361 802 2428 Februarias
816 2367 948 2444 rogatus
963 2361 1137 2444 imperator
1153 2380 1177 2424 a
1192 2362 1334 2446 propria

145 2480 256 2554 matre,
280 2480 312 2538 et
334 2492 354 2536 a
376 2472 486 2537 multis
508 2471 714 2557 optimatibus
736 2472 923 2555 pronuntiat
944 2490 1016 2536 eam
1044 2470 1160 2534 iterum
1185 2470 1332 2556 impera·
1347 2485 1377 2536 tt

144 2582 256 2647 tricem
285 2588 316 2646 et
345 2581 441 2647 laude
463 2600 535 2645 cum
557 2581 613 2646 illo
636 2581 730 2646 simul
752 2581 907 2646 attollitur
934 2587 969 2645 ut
995 2600 1016 2644 a
1037 2579 1219 2664 primordio
1243 2580 1330 2646 Con·

145 2691 277 2756 stantini
301 2697 332 2754 et
354 2691 498 2756 Eirenes.
529 2698 561 2756 et
589 2710 699 2756 omnes
720 2688 849 2771 quidem
873 2689 1055 2769 oboediunt7
1079 2695 1130 2754 ast
1150 2689 1329 2755 Armenia-

146 2819 255 2865 oorum
274 2799 383 2865 thama
396 2801 604 2884 pertinaciter
624 2799 753 2866 instans
772 2799 884 2864 adhoc
897 2799 1044 2864 renititur·
1064 2805 1095 2863 ct
1112 2800 1327 2879 quaeritAle

145 2911 249 2991 rium,
281 2911 335 2994 qui
364 2911 461 2994 paulo
491 2916 566 2974 ante
593 2916 721 2993 praetor
747 2910 782 2973 in
804 2909 852 2975 eis
874 2909 978 2973 suerat
1006 2915 1038 2972 et
1060 2907 1101 2970 ab
1123 2907 1328 2990 imperatore

145 3025 220 3083 tunc
243 3026 395 3083 euocatus
418 3018 575 3100 dignitate
597 3017 724 3102 patricii
739 3017 924 3098 honoratus,
948 3037 1049 3102 penes
1070 3018 1175 3100 ipsum
1201 3017 1327 3100 degere
1344 3027 1373 3077 25

145 3126 325 3190 uidebatur.
380 3125 463 3190 buno
497 3147 574 3209 ergo
605 3134 737 3212 propter
768 3127 864 3193 huius
885 3127 972 3192 modi
1009 3125 1255 3210 requisitionem
1295 3135 1329 3193 et

146 3233 303 3320 quosdam
327 3253 491 3300 sermones
514 3255 611 3320 super
632 3236 704 3320 ipao
720 3234 831 3319 dictos,
856 3236 941 3320 quod
962 3236 1111 3301 uidelicet
1124 3245 1328 3319 regnaturus

146 3350 241 3428 esset,
266 3343 406 3410 caedens
429 3364 467 3408 ac
489 3344 627 3411 tondens
651 3346 684 3410 in
705 3348 867 3430 praetorio
889 3347 1007 3432 posuit.

7 3454 109 3522 (XXI
228 3454 309 3519 lulio
338 3474 414 3519 uero
443 3474 554 3521 meuse
581 3456 755 3521 exercitum
783 3456 884 3521 mouit
912 3455 1069 3522 aduersus
1096 3453 1261 3537 Bulgares
1292 3465 1328 3522 et

145 3566 322 3633 construxit
343 3572 483 3631 castrum
506 3565 728 3631 Marcellorum
751 3572 783 3631 et
805 3564 994 3632 duodecimo
1016 3563 1232 3630 kalendarum
1256 3566 1325 3631 Au·
1343 3580 1374 3630 oo

144 3683 309 3757 gustarum
333 3675 433 3741 oxiuit
449 3674 627 3741 Cardamus
643 3675 792 3742 dominus
806 3675 980 3759 Bulgariae
1001 3695 1071 3739 curu
1095 3673 1181 3738 omni
1196 3673 1323 3742 uirtute

146 3805 205 3851 sua
227 3792 259 3849 ct
281 3786 368 3850 stetit
390 3785 424 3848 in
445 3784 687 3850 munitionibus.
724 3784 842 3849 fiducia
864 3805 941 3851 uero
963 3786 1061 3851 fretus
1084 3790 1114 3848 et
1136 3804 1156 3847 a
1177 3785 1326 3867 pseudo·

145 3962 422 3971 --------------·-Α
434 3963 446 3969 -

216 4052 337 4121 letulD
388 4065 605 4120 'tthomartenli
657 4071 830 4121 actitatio
843 4066 1000 4135 uulgararl)
1048 4073 1077 4120 10
1095 4066 1130 4120 ad
1147 4081 1170 4119 r1
1210 4066 1319 4123 scrlrcet

144 4159 171 4215 D
222 4158 379 4229 gregorull
457 4164 483 4212 ll
505 4165 530 4212 at
548 4164 579 4212 31
595 4159 755 4229 uulgarrqll
828 4164 856 4213 13
876 4158 1103 4230 etpriusom.l>
1174 4163 1203 4212 18
1223 4165 1331 4217 anaml'

144 4251 184 4305 b⁴
246 4258 275 4307 19
293 4255 319 4306 kl
338 4251 441 4306 ieer
510 4257 541 4305 22
560 4251 712 4306 herreneD
780 4252 909 4321 obediunt
926 4251 953 4305 l)
1021 4255 1052 4304 22
1072 4256 1129 4306 erat
1147 4256 1210 4306 ante
1228 4252 1325 4322 digm—

145 4349 200 4396 tate
218 4344 281 4397 add.
303 4346 326 4398 l)
395 4348 427 4398 28
445 4344 559 4398 tondens
574 4332 744 4414 rllrperatono
764 4344 790 4399 1)
