2834 5394
196 279 259 344 384
688 294 780 340 nmnr
801 295 887 342 xvur

196 446 265 512 eius
288 445 393 511 omnis
415 450 484 510 erat
505 462 575 509 cum
597 445 696 509 armis
718 451 872 512 canentes
895 443 1129 512 modulationes
1152 446 1303 512 musicas.
1326 448 1373 512 in-

196 553 360 621 troductus
382 573 459 638 ergo
482 554 608 636 legatus
629 556 845 618 Romanorum
875 574 946 617 cum
975 554 1159 635 adorasset,
1191 556 1300 622 iussus
1323 563 1373 623 est

197 665 238 729 ab
261 684 299 729 eo
323 664 403 747 erigi
438 670 470 728 et
491 663 564 729 duci
587 662 630 727 ad
652 681 696 729 sc.
742 684 814 727 cum
836 671 942 729 autern
965 665 1142 748 accepisset
1165 665 1371 747 imperatoris

197 793 338 852 sacram,
370 774 534 839 osculatus
564 780 613 839 est
641 773 841 856 signaculum
869 772 954 856 quod
982 773 1123 838 habebat
1151 777 1370 858 pectusculum

197 883 409 966 imperatoris.
447 885 606 965 susceptis
628 890 736 948 autem
758 889 790 948 et
810 882 904 949 donis
925 884 1058 966 gauisus
1074 892 1124 950 est
1140 882 1247 950 ualde.
1274 895 1400 968 porr05

196 1013 268 1058 cum
290 992 422 1075 legisset
445 1012 585 1074 sacram,
608 992 733 1057 inuenit
756 999 790 1056 ut
811 1011 847 1058 se
870 999 981 1057 contra
1002 1013 1111 1076 regem
1126 995 1300 1059 Persarum
1322 1015 1370 1058 ar·

196 1108 299 1167 maret
320 1109 353 1167 et
368 1102 545 1184 proximam
561 1102 622 1168 sibi
639 1103 809 1167 Persarum
832 1101 981 1186 perderet
1001 1103 1165 1183 regionem
1188 1111 1220 1168 et
1236 1104 1370 1169 ulterius

198 1229 269 1275 cum
291 1211 398 1277 Persis
420 1211 551 1277 foedera
572 1231 638 1276 non
652 1212 757 1276 iniret.
802 1212 948 1295 protinus
971 1231 1047 1294 ergo
1070 1213 1202 1276 collecto
1225 1214 1369 1279 exercitu

197 1340 253 1385 rex
275 1321 414 1387 Arethas
443 1340 551 1386 coram
577 1322 685 1405 legato
707 1323 923 1386 Romanorum
951 1321 1109 1387 aduersus
1137 1322 1256 1387 Persas
1279 1342 1369 1405 proe-

194 1431 272 1495 lium
300 1432 401 1496 mcuit
437 1431 597 1496 subiectos
634 1430 695 1496 sibi
726 1431 908 1496 Saracenos
944 1431 1161 1514 praemittens.
1206 1431 1369 1513 protectus
1388 1436 1413 1484 ¹0

195 1545 303 1607 autem
332 1548 364 1606 et
391 1540 461 1624 ipse
490 1539 532 1604 ad
561 1541 725 1622 regionem
748 1541 918 1606 Persarum
947 1538 1159 1622 depopulatus
1181 1547 1231 1605 cst
1260 1542 1369 1605 omnia

195 1652 333 1735 quaein
356 1651 501 1735 partibus
519 1650 588 1745 ¹illis
611 1656 712 1714 erant.
756 1656 868 1714 tenens
896 1657 1002 1713 autem
1026 1670 1083 1714 rex
1106 1648 1245 1715 Arethas
1272 1658 1369 1735 caput

194 1760 311 1825 Iuliani
343 1768 376 1824 et
403 1758 486 1825 dans
516 1759 546 1824 ei
574 1760 664 1842 pacis
693 1760 836 1825 osculum
860 1758 979 1824 dimisit
1003 1779 1074 1823 eum
1101 1759 1133 1823 in
1156 1760 1258 1824 multa
1279 1759 1368 1824 beni-

199 1869 340 1935 uolentia
361 1869 532 1952 multisque
554 1868 748 1934 muneribus.

64 1970 177 2037 XXXI
284 1980 382 2042 Porro
411 1978 496 2042 tacta
530 1983 580 2042 est
616 1985 647 2042 ct
682 1977 748 2041 alia
776 1996 874 2042 causa
910 1997 993 2060 quae
1028 1977 1169 2042 turbauit
1191 1975 1366 2043 Obosroen.
1388 1989 1413 2036 ¹5

194 2086 303 2151 Hunni
332 2086 451 2169 quippe
480 2105 538 2170 per
559 2085 638 2150 illud
661 2094 803 2168 tempus,
828 2107 907 2170 quos
925 2089 1047 2152 Turcos
1070 2085 1177 2152 dicere
1200 2088 1366 2152 consueui-

195 2215 276 2278 mus,
299 2195 494 2279 legationem
516 2194 659 2279 dirigunt
680 2195 723 2259 ad
744 2196 901 2261 Iustinum
925 2217 983 2278 per
1004 2197 1180 2260 Alanorum
1203 2197 1369 2278 regionem

195 2304 366 2371 mittentes.
417 2304 477 2369 hoc
514 2305 632 2371 timens
662 2304 823 2371 Cbosroes
858 2306 1098 2371 excusationem
1135 2306 1370 2387 praetendebat

194 2415 402 2482 rebellionem
424 2415 648 2481 Armeniorum
675 2415 709 2479 in
738 2435 773 2480 se
801 2415 918 2480 iactam
948 2435 1005 2499 per
1033 2434 1198 2480 accessum
1228 2435 1290 2498 quo
1318 2414 1368 2480 Iu·

194 2526 278 2591 stino
300 2524 525 2593 adhaeserant.
550 2523 608 2590 sed
630 2531 662 2589 et
683 2525 836 2607 profugos
857 2525 1031 2608 repetebat.
1055 2523 1266 2607 impendebat
1281 2524 1366 2590 enim
1384 2532 1416 2583 to

193 2637 409 2700 Romanorum
436 2635 611 2718 imperator
646 2653 704 2718 per
739 2634 883 2716 singulos
912 2653 1015 2699 annos
1045 2633 1238 2716 quingentas
1266 2633 1367 2701 libras

194 2743 263 2808 auri
284 2750 319 2808 ut
340 2751 447 2810 castra
468 2763 551 2826 quae
575 2746 645 2808 loco
667 2743 816 2825 proxima
838 2750 939 2825 erant,
963 2743 1082 2808 Persae
1106 2741 1303 2808 custodirent
1324 2763 1367 2809 ne

193 2853 360 2937 ingressae
381 2860 496 2935 gentes
519 2859 685 2935 utramque
708 2871 775 2916 rem
797 2851 958 2934 publicam
976 2852 1177 2918 destruerent
1194 2853 1367 2917 communi·

193 2962 317 3047 busque
346 2962 524 3045 sumptibus
554 2960 688 3026 castella
710 2961 944 3027 muniebantur.
989 2970 1022 3026 at
1048 2981 1124 3025 uero
1146 2962 1289 3027 Iustinus
1312 2982 1366 3045 pa-

192 3092 260 3136 cem
282 3072 431 3137 dissoluit
452 3090 601 3137 asserens
624 3069 829 3155 opprobrium
852 3090 925 3136 esse
949 3071 1008 3136 sub
1030 3072 1137 3136 Persis
1166 3071 1297 3136 soluere-
1314 3072 1366 3136 tri-

192 3180 270 3245 buta
291 3182 463 3245 Romanos.
490 3186 661 3263 propterea
682 3180 784 3243 locum
809 3200 960 3263 magnum
982 3181 1042 3244 hoe
1064 3181 1234 3246 Persarum
1250 3182 1366 3245 Roma·

192 3308 368 3373 noruntque
390 3289 530 3373 repperit
551 3287 679 3354 bellum.
724 3308 818 3373 porro
840 3289 981 3356 Iustinus
1003 3290 1174 3354 blattinum
1197 3290 1365 3372 patricium

193 3407 225 3464 et
251 3405 421 3484 cognatum
452 3419 544 3463 suum
581 3406 760 3482 praetorem
788 3418 902 3465 creans
939 3399 1071 3464 orientis
1104 3406 1215 3463 contra
1247 3400 1364 3465 Persas

195 3510 321 3576 direxit..

44 3616 173 3683 XXXII
279 3620 400 3687 Octauo
416 3617 541 3702 imperii
558 3617 607 3682 sui
629 3636 714 3682 anno
730 3616 871 3682 Iustinus
892 3617 1071 3682 infirmatus
1094 3623 1144 3682 est
1165 3624 1198 3682 et
1219 3618 1364 3684 tristatus
1383 3627 1414 3677 so

194 3730 351 3797 aduersus
374 3728 536 3794 Baduarin
559 3728 690 3792 fratrem
718 3747 811 3793 sunm
840 3726 925 3792 hunc
950 3727 1078 3793 iniuriis
1107 3727 1272 3792 lacerauit.
1310 3747 1364 3792 no·

192 3841 324 3906 uissime
346 3859 422 3904 uero
437 3837 601 3924 praecepit
621 3836 827 3902 cubiculariis
842 3836 959 3922 pugnis
974 3855 1101 3902 caesum
1123 3835 1258 3902 educere
1274 3835 1364 3900 illum

192 3949 226 4014 in
248 3955 422 4033 conspectu
442 3947 568 4014 concilii
591 3953 784 4013 senatorum.
821 3947 997 4011 eratenim
1019 3965 1127 4010 comes
1148 3945 1364 4029 imperialium

192 4058 399 4124 stabulorum.
443 4077 506 4139 quo
529 4063 691 4139 comperta
712 4055 835 4138 Sophia
857 4055 984 4120 tristata
1005 4061 1054 4121 est
1075 4061 1107 4120 et
1128 4061 1242 4138 questa
1263 4055 1364 4140 impe·

260 4319 388 4369 econtra
406 4312 475 4368 leD
517 4310 686 4384 stedemD
739 4314 769 4364 15
788 4310 948 4365 ehoroenI)
1002 4315 1032 4366 tc
1050 4312 1159 4382 quippe]
1177 4329 1240 4365 nero
1260 4312 1286 4366 I)
1333 4317 1363 4364 tt

193 4400 366 4461 munerib
419 4408 450 4459 18
468 4403 612 4475 chemel>
663 4401 867 4474 atpnmssb
917 4403 1014 4473 piel)
1065 4408 1095 4460 31
1115 4403 1248 4460 baduann
1262 4402 1367 4462 sicDP
