3154 5084
615 336 688 386 car.
711 335 860 384 vnn-xr
1003 338 1020 378 s
1284 320 1324 383 59

150 490 280 556 lletello
302 488 527 556 confirmatum
549 487 664 556 luisset
685 488 749 554 nisi
764 487 934 554 cornelius
949 487 1057 574 Scipio
1080 488 1227 554 tribunus
1250 497 1326 554 tune

150 600 288 666 militum
318 598 406 666 idem
436 599 492 684 qui
519 605 593 684 post
613 598 786 665 Abicanus
815 606 865 666 est
886 597 1007 681 dictus,
1041 598 1187 666 districto
1215 597 1324 682 gladio

150 710 336 790 terrificaret,
371 709 509 792 singulis
537 715 673 774 mortem
701 708 855 774 minitans
886 727 926 774 ao
961 708 1068 792 potius
1102 729 1160 793 pro
1200 709 1325 794 patriae

148 820 342 888 defensione
364 819 399 886 in
421 839 482 886 suc
501 818 604 884 uerba
625 837 738 886 omnes
760 819 867 884 iurare
889 819 1003 902 coegit.

112 947 131 996 5
234 930 375 996 Romani
407 928 450 995 ad
482 947 574 1014 apem
606 929 694 995 uitae
725 929 819 1012 quasi
851 929 893 994 ab
921 929 1034 996 inieris
1062 927 1223 1012 respirare
1251 927 1323 994 ausi
1345 921 1395 986 XI

147 1041 340 1108 dictatorem
355 1038 524 1105 Decimum
537 1038 665 1104 Iunium
687 1045 807 1119 creant,
830 1039 887 1120 qui
901 1037 1029 1105 delectu
1043 1037 1155 1104 habito
1171 1039 1213 1104 ab
1229 1038 1325 1106 annis

146 1151 261 1217 decem
294 1157 328 1216 et
356 1155 480 1233 septem
509 1150 689 1216 inmaturae
718 1147 986 1232 inordinataeque
1013 1149 1148 1215 militiae
1176 1155 1326 1232 quattuor

145 1262 298 1346 legiones
318 1259 544 1344 undecumque
565 1258 734 1326 contraxit.
767 1265 843 1324 tunc
865 1259 963 1325 etiam
985 1277 1098 1326 seruos
1120 1258 1256 1344 spectati
1277 1278 1326 1324 ro·

146 1371 240 1438 boris
272 1389 312 1436 ac
333 1369 510 1435 uoluntatis
540 1371 593 1436 uel
621 1368 747 1435 oblatos
781 1369 834 1434 uel
867 1369 895 1435 si
925 1368 971 1434 ita
997 1389 1078 1455 opus
1107 1369 1166 1434 luit
1196 1368 1325 1453 publico

100 1481 256 1568 rupretio
278 1487 405 1564 emptos
433 1478 493 1546 sub
511 1480 618 1570 ¹titulo
640 1479 800 1545 libertatis
823 1485 1025 1546 sacramento
1048 1478 1183 1545 militiae
1205 1478 1324 1563 adegit.

145 1612 251 1672 arma,
273 1607 357 1674 quae
379 1588 522 1670 deerant,
546 1589 675 1674 templis
698 1589 915 1672 detraxerunt,
938 1589 1045 1672 egenti
1067 1589 1194 1654 aerario
1216 1589 1324 1673 priua·

146 1709 205 1768 tae
225 1718 304 1786 opes
326 1700 453 1766 retusae
476 1705 560 1765 sunt.
604 1699 713 1784 itaque
736 1706 884 1783 equester
906 1697 994 1781 ordo,
1018 1697 1065 1764 ita
1087 1699 1180 1783 plebs
1196 1697 1324 1783 trepida

147 1811 254 1878 oblita
275 1808 452 1876 studiorum
474 1809 508 1874 in
530 1827 698 1874 commuue
719 1809 890 1876 consuluit.
934 1808 1046 1874 lunius
1075 1827 1202 1893 quoque
1225 1807 1323 1874 dicta

144 1931 202 1990 tor
222 1920 391 2004 antiquum
422 1919 589 1984 Romanae
610 1919 762 1986 miseriae
783 1918 901 1984 lactum
924 1919 1080 2000 recolens,
1110 1939 1168 2004 pro
1198 1919 1325 2004 subple

95 2047 127 2096 te
147 2039 262 2098 mento
283 2030 444 2098 exercitus
471 2028 576 2096 edicto
608 2029 696 2096 uelut
717 2031 810 2115 asylo
832 2028 992 2113 patefacto
1015 2028 1162 2096 homines
1184 2030 1325 2114 quicum

146 2162 217 2228 que
238 2141 416 2208 sceleribus
438 2158 477 2204 ac
498 2138 618 2208 debitis
645 2139 776 2206 obnoxii
804 2146 922 2221 essent,
956 2140 1136 2224 inpunitate
1164 2140 1326 2226 promissa

146 2251 288 2320 militiae
310 2250 526 2335 mancipant,
561 2269 696 2334 quorum
724 2268 876 2317 uumerus
904 2248 946 2314 ad
975 2269 1033 2317 sex
1062 2249 1152 2315 milia
1181 2251 1325 2317 uirorum

146 2363 222 2430 luit.
266 2361 447 2446 Campania
478 2379 555 2425 uero
585 2361 637 2426 uel
659 2360 767 2444 potius
790 2359 894 2426 omnis
915 2360 1012 2425 Italia
1033 2359 1075 2424 ad
1097 2360 1324 2443 Hannibalem,

146 2473 325 2557 desperata
347 2469 476 2554 penitus
497 2471 636 2536 Romani
658 2476 761 2536 status
783 2470 987 2554 reparatione
1010 2470 1135 2536 deiecit.

94 2593 129 2646 to
236 2582 314 2648 Post
335 2580 396 2646 boc
418 2579 536 2646 Lucius
565 2579 748 2646 Postumius
776 2587 906 2664 praetor
933 2579 1106 2646 aduersum
1129 2579 1241 2646 Gallos
1268 2601 1324 2665 pu-

146 2712 253 2777 gnare
275 2692 394 2758 missus
417 2709 488 2755 cum
510 2690 653 2756 exercitu
675 2708 790 2758 caesus
813 2688 889 2772 cst.)

236 2800 365 2867 Deinde
386 2800 577 2884 Sempronio
600 2798 746 2866 Graccho
769 2799 888 2877 Quinto
910 2799 1013 2864 Fabio
1041 2799 1182 2866 Maximo
1211 2821 1323 2868 consu-

146 2913 238 2980 libus
260 2910 416 2978 Claudius
437 2910 609 2976 Marcellus
636 2928 678 2975 ex
708 2915 855 2994 praetore
883 2929 941 2994 pro
970 2911 1101 2976 consule
1124 2909 1323 2995 designatus,

146 3021 346 3088 Hannibalis
368 3020 543 3086 exercitum
565 3020 688 3104 proelio
711 3019 793 3084 fudit
825 3020 1012 3104 primusque
1040 3025 1113 3105 post
1139 3027 1247 3086 tantas
1275 3022 1323 3088 rei

96 3132 300 3219 republicae
323 3130 434 3196 ruinas
456 3150 548 3215 spem
571 3129 647 3196 fecit
668 3130 886 3196 Hannibalem
908 3149 1006 3215 posse
1028 3130 1184 3215 superari.

237 3243 366 3308 Interea
386 3241 422 3306 in
442 3239 619 3325 Hispania,
649 3239 705 3304 ubi
734 3240 833 3305 frater
853 3240 1047 3308 Hannibalis
1069 3240 1255 3308 Hasdrubal
1277 3261 1325 3310 re

148 3357 316 3418 manserat
337 3369 411 3414 cum
433 3369 550 3431 magno
573 3349 725 3431 exercitu,
756 3356 790 3414 ut
818 3369 891 3416 carn
919 3356 1019 3415 totam
1040 3349 1128 3416 Afris
1154 3352 1323 3435 subiceret,

148 3483 173 3528 a
193 3461 320 3527 duobus
341 3457 539 3544 (germanis)
561 3459 788 3545 Scipionibus,
822 3459 977 3526 Romanis
1007 3459 1141 3528 ducibus
1175 3463 1322 3529 uincitur.

148 3570 293 3658 perdidit
314 3570 348 3634 in
370 3589 411 3635 ea
431 3590 543 3654 pugna
562 3569 696 3653 triginta
717 3568 858 3654 quinque
881 3568 970 3634 milia
992 3569 1165 3637 hominum.
1210 3591 1250 3638 ex
1272 3571 1323 3639 his

100 3696 133 3746 ao
149 3683 322 3767 capiuntur
343 3678 454 3744 decem
476 3680 576 3757 milia,
599 3678 785 3745 occiduntur
807 3679 922 3762 uiginti
944 3681 1086 3764 quinque
1108 3681 1208 3747 milia.
1253 3682 1323 3748 mit·

148 3799 261 3858 tumtur
283 3791 313 3854 ei
335 3809 355 3854 a
378 3787 703 3873 Carthaginiensibus
735 3789 778 3854 ad
810 3789 1011 3875 reparandas
1043 3790 1130 3857 uires
1151 3790 1321 3859 duodecim

147 4017 212 4074 eho
230 4017 337 4070 metallo
355 4015 382 4070 Β
492 4013 615 4083 ispali
727 4013 865 4070 tdecrum
882 4013 947 4080 ΒΡ,
970 4033 1018 4070 em.
1040 4015 1172 4072 Gruterus
1195 4033 1233 4073 ex
1257 4016 1324 4073 Oro·

147 4111 192 4165 ato
261 4107 409 4163 delectoD
520 4112 550 4161 10
576 4106 708 4161 boematrl
729 4106 756 4162 Β
869 4112 899 4162 12
923 4107 1033 4177 plelll
1139 4113 1167 4163 1³
1199 4108 1274 4164 lmus
1297 4109 1324 4165 Β

151 4207 184 4258 lb
203 4201 289 4255 client
305 4202 373 4271 (fuit
398 4198 479 4266 etl)
582 4203 614 4254 20
632 4199 798 4268 polthumrul
813 4207 903 4269 preter
918 4199 945 4254 Β
1047 4205 1080 4256 22
1098 4202 1159 4256 dero
1178 4202 1205 4257 B
1263 4203 1322 4258 irm-

149 4309 248 4366 promo
267 4294 300 4361 Β,
318 4295 454 4362 [improbo
473 4293 501 4348 B
550 4293 650 4362 gracho
670 4291 697 4346 B
766 4298 799 4347 24
816 4293 900 4363 prelio
917 4293 944 4347 B
1012 4299 1043 4348 27
1064 4295 1196 4364 subigeret
1212 4297 1239 4352 B
1290 4299 1322 4350 29

150 4385 282 4458 perure
329 4386 448 4444 x‘ii‘ve
500 4385 601 4440 30‘1'B
640 4384 737 4444 {ive
780 4387 1323 4459 tl—bb,lii'1pedrtumlr’rfiequrtum

152 4485 193 4534 ii
211 4478 268 4540 (scd
282 4479 382 4536 lineola
399 4495 541 4534 rtammm
558 4479 704 4534 miliarium
721 4479 881 4550 sipuificaas
897 4495 995 4535 rareto
1012 4483 1043 4535 m·
1056 4481 1146 4551 fallor
1156 4482 1253 4546 deleto)
1270 4483 1322 4536 cle·
