2834 5394
181 266 244 328 362
657 281 749 329 nram
771 281 858 328 xv111

126 430 161 495 11
265 431 486 514 Prornulgauit
507 438 614 496 autern
638 431 771 496 formam
794 431 836 496 de
858 433 1021 514 episcopis
1049 439 1080 497 et
1107 434 1292 499 oeconomis
1322 441 1355 499 et

178 540 449 627 orphanotrophis
478 548 510 607 et
538 540 747 610 xenodochiis
776 561 817 608 ne
845 541 1025 607 hereditate
1055 541 1258 627 possiderent
1287 544 1352 609 nisi

178 670 261 736 quae
282 652 469 736 priusquam
492 650 746 735 proueherentur
762 651 915 718 habuisse
931 653 1152 736 probarentur,
1176 651 1351 736 dequibus

177 768 210 828 et
237 767 461 828 testamentum
490 762 637 828 emittere
664 762 853 846 potuissent.
897 762 939 826 ab
969 761 1049 826 hora
1077 782 1154 843 uero
1183 784 1247 845 qna
1277 783 1351 846 pro·

177 879 369 953 moneretur,
406 871 565 937 neminem
595 871 716 936 habere
744 872 908 936 licentiam
937 871 1129 956 disponendi
1159 872 1216 937 sed
1238 875 1382 938 omnias

176 981 279 1066 ipsius
301 981 519 1047 uenerabilem
543 981 672 1045 domum
694 980 879 1047 hereditari.
925 984 1075 1065 exposuit
1104 982 1279 1065 imperator
1308 984 1351 1048 le-

177 1109 236 1173 ges
265 1090 392 1157 ualidas
421 1098 534 1156 contra
561 1090 753 1157 libidinosos
783 1098 814 1157 et
842 1091 934 1155 multi
961 1093 1065 1176 puniti
1096 1101 1170 1157 sunt
1192 1101 1224 1157 et
1246 1093 1349 1160 lactus

178 1205 228 1266 cst
247 1201 343 1264 timor
365 1201 483 1266 multus
506 1207 537 1266 et
559 1202 694 1266 cautela.
740 1202 909 1266 renouauit
931 1202 1027 1266 etiam
1058 1202 1236 1268 contrarias
1259 1203 1349 1286 leges

176 1309 298 1375 iaciens
322 1310 518 1393 singularem
541 1311 684 1377 codicem
700 1318 732 1377 ct
746 1331 868 1379 uocans
891 1331 961 1376 enm
986 1313 1175 1378 nouellas
1199 1313 1350 1378 constitn-

178 1418 292 1503 tiones‚
308 1420 342 1487 in
357 1422 474 1505 quibus
489 1442 554 1487 non
569 1422 724 1507 permittit
738 1422 916 1506 principem
932 1423 966 1486 in
982 1421 1060 1487 loeis
1076 1421 1192 1505 quibus
1207 1431 1348 1505 praeest,
1369 1433 1396 1480 1⁰

181 1549 288 1597 emere
309 1532 547 1617 possessionem
570 1538 626 1596 aut
646 1532 820 1598 aedificare
842 1531 970 1596 domum
987 1540 1042 1596 aut
1056 1531 1231 1597 hereditari
1247 1541 1351 1597 extra·

178 1661 274 1707 neam
302 1661 475 1726 personam
510 1641 573 1707 nisi
603 1642 658 1725 qui
688 1641 752 1708 sibi
779 1649 934 1725 cognatus
957 1642 1083 1707 existat.
1128 1641 1242 1707 eodem
1264 1663 1350 1707 anno

177 1769 278 1836 passa
308 1758 358 1817 cst
390 1772 411 1817 a
442 1751 554 1817 diuina
585 1752 809 1836 indignatione
841 1773 952 1818 rursus
974 1752 1146 1816 Antiochia
1174 1760 1247 1837 post
1270 1751 1351 1819 duos

178 1874 281 1928 annos
304 1861 421 1944 prioris
443 1860 607 1943 passionis
637 1870 668 1927 et
695 1862 798 1928 laetus
828 1871 878 1928 est
905 1870 1010 1927 terrae
1033 1870 1136 1927 motus
1158 1882 1297 1945 nragnus
1319 1869 1352 1928 ct

178 1976 354 2052 tempestas
381 1971 579 2053 grauissima
607 1978 639 2037 et
666 1971 812 2037 litaniam
841 1972 1004 2037 faciebant
1033 1973 1087 2053 qui
1116 1978 1349 2052 remanserant,
1369 1983 1397 2031 15

177 2098 289 2146 omnes
322 2078 503 2145 discalciati
539 2081 716 2147 clamantes
749 2088 781 2146 et
812 2082 1006 2166 proicientes
1040 2103 1075 2148 se
1102 2102 1221 2165 pronos
1251 2101 1350 2167 super

176 2190 270 2257 niues
293 2190 471 2255 clamantes
499 2187 765 2277 adpraehensos.
809 2192 959 2277 apparuit
987 2200 1093 2257 autem
1124 2192 1156 2256 in
1186 2192 1258 2257 uisu
1286 2191 1351 2255 cni·

179 2296 253 2364 dam
275 2298 329 2365 dei
352 2300 465 2365 cultori
487 2301 609 2367 homini
630 2309 665 2366 ut
680 2301 801 2367 diceret
815 2302 964 2368 omnibus
980 2301 1119 2368 residuis
1135 2301 1220 2383 quod
1236 2322 1349 2386 snper-

177 2409 355 2476 seriberont
376 2411 411 2476 in
432 2412 734 2495 superliminaribus
757 2413 826 2479 suis
850 2411 1008 2479 ‘Christus
1035 2412 1213 2493 nobiseum,
1247 2412 1349 2478 state!

176 2538 238 2602 quo
261 2520 344 2586 facto
368 2521 456 2587 stetit
477 2523 527 2587 ira
549 2520 602 2588 dei
625 2530 657 2588 et
679 2542 790 2589 rursus
813 2521 987 2607 imperator
1009 2530 1042 2588 et
1062 2523 1209 2605 Augusta
1230 2523 1348 2588 multas
1366 2527 1397 2576 2⁰

176 2630 332 2714 pecunias
354 2630 556 2697 donauerunt
583 2633 617 2698 in
646 2634 921 2718 recuperationem
951 2639 982 2699 et
1005 2631 1259 2697 aedificationem
1281 2633 1347 2697 An-

176 2739 389 2807 tiochensium
413 2743 553 2808 ciuitatis
575 2762 672 2823 quam
695 2751 727 2808 et
749 2744 988 2826 cognominauit
1009 2743 1203 2827 Theopolin.

106 2844 157 2909 III
263 2850 363 2915 Porro
385 2850 574 2916 duodecimo
597 2851 810 2917 kalendarum
833 2853 991 2938 Aprilium
1020 2853 1177 2938 septimae
1205 2851 1351 2916 indictio·

175 2959 227 3026 nis
249 2960 342 3026 irruit
356 2959 596 3028 alamundarus
612 2962 737 3028 Zetices
761 2963 891 3046 regulus
914 2963 1147 3028 Saracenorum
1169 2968 1200 3026 et
1216 2961 1350 3045 deprae-

177 3069 272 3136 datus
305 3077 355 3137 est
386 3071 524 3156 primam
547 3071 676 3156 Syriam
709 3092 811 3156 usque
840 3072 883 3136 ad
912 3074 1065 3138 terminos
1094 3071 1285 3136 Antiochiae
1315 3072 1349 3135 in
1367 3082 1397 3132 ‘25

176 3179 281 3243 locum
303 3181 358 3264 qui
380 3179 547 3245 dicebatur
562 3182 730 3266 Litargum
752 3190 783 3247 ct
805 3183 922 3247 oceidit
945 3184 1060 3247 multos
1083 3191 1114 3246 et
1136 3180 1279 3247 incendit
1295 3201 1349 3246 ex-

175 3287 295 3353 teriora
317 3287 541 3356 Chalcedonis.
586 3299 618 3357 et
639 3291 808 3359 audientes
837 3293 994 3377 primores
1016 3295 1233 3357 Romanorum
1263 3292 1348 3356 exie-

177 3404 252 3464 runt
279 3396 436 3466 aduersus
465 3419 547 3466 enm.
593 3422 655 3485 quo
685 3410 846 3487 comperto
869 3402 1022 3468 Saraceni
1052 3423 1116 3467 una
1144 3421 1216 3465 enm
1238 3402 1348 3468 Persis

179 3515 308 3593 sumpta
329 3510 453 3593 praeda
474 3530 532 3576 scu
554 3512 692 3596 captiuis
715 3512 889 3595 lugierunt.
920 3519 1089 3594 praeterea
1111 3511 1293 3577 Samaritae
1315 3518 1348 3577 ct

179 3618 292 3685 ludaei
315 3620 349 3684 iu
370 3621 557 3686 Palaestina
579 3623 803 3706 imperatorem
827 3622 988 3705 quendam
1010 3623 1170 3686 lulianum
1194 3640 1347 3685 eoronau-
1365 3633 1396 3683 ao

174 3734 223 3794 tes
245 3735 276 3794 et
297 3750 388 3794 arma
410 3737 522 3795 eontra
545 3730 747 3800 Christianos
769 3740 936 3798 mouentes
959 3733 1092 3815 rapinas
1116 3739 1147 3795 et
1171 3729 1348 3794 homicidia

174 3846 207 3904 et
228 3839 380 3905 incendia
402 3842 526 3924 operati
549 3851 631 3924 sunt,
655 3862 735 3924 quos
751 3843 832 3910 deus
847 3842 980 3909 tradidit
994 3842 1029 3906 in
1044 3862 1158 3906 manus
1175 3840 1347 3905 Iustiniani

241 4036 256 4086 2
275 4039 302 4088 et
319 4033 540 4089 exenodochrlI)
639 4040 654 4089 d
674 4051 727 4104 qua
744 4035 939 4104 proueherctnr
961 4034 1185 4104 Boapcrsiaaus:
1204 4049 1257 4100 qna
1273 4048 1349 4101 prne·

174 4131 248 4178 retur
265 4125 320 4181 nl>
389 4132 417 4181 12
436 4127 497 4196 quis
512 4127 561 4181 libr
578 4130 604 4179 D
676 4133 706 4181 ll
724 4144 806 4196 prrorr
824 4127 851 4181 Ι)
906 4131 934 4180 15
953 4125 1099 4180 letamall
1152 4124 1349 4180 recoloratur)

176 4222 205 4269 Π
229 4235 316 4272 arara
333 4237 449 4275 marsos
474 4220 499 4274 ll
605 4224 634 4273 18
660 4236 712 4289 qno
738 4222 816 4289 supra
840 4219 984 4273 scriberent
1001 4218 1027 4272 D
1130 4223 1162 4273 23
1180 4212 1307 4287 aprrharr'r
1322 4218 1349 4272 D

175 4312 207 4361 24
225 4312 389 4366 recreesDP
473 4317 505 4367 27
525 4312 712 4367 calcedomlll
797 4316 830 4367 28
849 4317 930 4382 copto
948 4311 975 4366 D
1060 4312 1349 4380 29fugremntita1)

176 4403 209 4453 30
226 4401 418 4468 phaleltunaI)
