2834 5394
156 272 219 335 334
658 286 750 335 nram
772 287 819 333 xv

155 445 214 521 est,
236 446 272 504 ut
285 437 418 503 Attilam
440 437 482 502 ab
504 423 797 523 eius'inpressione
820 438 1021 506 subduceret.
1045 440 1147 504 inscia
1161 439 1224 505 beu
1240 459 1337 507 mens

155 547 321 613 hominum
348 555 503 631 quantum
538 546 600 612 hau
629 549 816 633 prouisione
843 548 1068 615 detrimentum
1096 549 1221 633 patriae
1254 548 1333 614 dum

155 666 303 725 auertere
324 659 412 744 cupit
433 658 579 741 ingessit.
624 665 657 723 at
684 678 761 725 uero
783 660 884 725 Attila
912 679 1048 726 cernens
1077 679 1113 726 se
1142 659 1252 724 relicto
1275 659 1333 724 ho·

153 778 221 838 stes
242 770 286 835 ad
307 769 440 854 propria
461 787 625 834 remeasse
646 771 763 835 crectis
786 771 902 836 animis
923 790 963 836 ac
979 790 1037 855 spe
1053 771 1167 836 salutis
1182 770 1333 836 eleuatus

153 880 339 947 Pannonias
355 878 523 963 repedauit
543 879 741 963 multumque
763 881 918 965 potiorem
941 881 1115 947 exercitum
1134 893 1367 945 eoacemanss

153 990 280 1057 Italiam
303 988 494 1056 furibundus
515 989 646 1054 introiit.
690 1010 729 1055 ao
750 991 889 1075 primum
905 991 1086 1075 Aquileiam
1110 990 1272 1055 ciuitatem
1295 988 1332 1054 in

153 1101 226 1186 ipso
254 1101 370 1165 Italiae
399 1100 493 1164 sitam
525 1099 681 1184 principio
710 1120 898 1185 expugnare
927 1100 1104 1185 adgressus
1135 1106 1193 1177 est,
1231 1119 1332 1183 quarn

153 1210 304 1276 continuo
326 1210 466 1275 triennio
488 1209 641 1275 obsidens
664 1230 736 1275 cum
759 1211 918 1277 aduersus
940 1230 1022 1291 eam,
1050 1217 1180 1276 strenue
1202 1209 1332 1276 ciuibus

153 1320 419 1405 repugnantibus,
442 1319 524 1385 nihil
546 1321 750 1404 praeualeret
778 1323 907 1405 iamque
930 1341 1071 1385 murmur
1094 1320 1144 1386 sui
1170 1318 1332 1386 exercitus

153 1450 218 1495 non
240 1431 380 1497 ualentis
403 1431 498 1496 lamis
521 1431 658 1496 tolerare
682 1431 850 1515 penuriam
865 1430 1001 1511 audiret,
1024 1450 1095 1495 eum
1118 1430 1171 1495 die
1186 1428 1330 1513 quadam
1351 1439 1381 1487 ιι)

152 1540 315 1607 ciuitatem
330 1541 451 1622 circuit,
474 1548 509 1604 ut
523 1559 564 1605 ex
584 1560 649 1624 qua
663 1548 755 1625 parte
777 1560 848 1607 cam
871 1541 998 1607 facilius
1013 1547 1124 1625 posset
1138 1559 1329 1625 expugnare

152 1652 343 1735 inquireret,
374 1650 475 1715 cernit
497 1657 629 1735 repente
657 1670 735 1718 aues
762 1652 796 1717 in
818 1650 1038 1718 aedificiorum
1060 1650 1199 1733 fastigiis
1221 1649 1329 1715 nidifi-

151 1780 225 1827 care
248 1761 373 1843 solitas,
403 1779 487 1843 quae
519 1760 663 1825 ciconiae
684 1768 856 1844 uocantur,
878 1783 941 1827 uno
963 1762 1085 1846 impetu
1107 1780 1147 1826 ex
1169 1759 1248 1825 urbe
1271 1759 1329 1824 mi-

151 1891 245 1954 grare
267 1872 414 1953 fetusque
437 1889 513 1936 suos
536 1869 680 1937 sublatos
702 1873 815 1938 rostris
836 1891 895 1958 per
917 1893 993 1937 rura
1014 1871 1192 1939 lorinsecus
1212 1868 1329 1954 depor-

150 1988 229 2046 tare.
274 1980 439 2064 ‘aspicite'
460 1979 565 2063 inquit
586 1980 629 2045 ad
651 2002 727 2047 suos
751 1981 846 2048 ‘aues
868 1983 1045 2047 futurorum
1061 1981 1227 2065 praescias
1243 1980 1329 2064 peri·
1348 1994 1377 2043 15

150 2096 255 2156 turam
298 2089 478 2172 relinquere
518 2089 700 2156 ciuitatem'.
759 2093 932 2176 statimque
967 2092 1123 2157 adhibitis
1165 2088 1328 2156 machinis

149 2199 381 2283 tormentisque
413 2199 558 2266 hortatur
587 2221 672 2284 suos,
710 2203 826 2267 acriter
855 2211 1020 2286 expugnat
1048 2201 1159 2266 urbem
1186 2219 1225 2265 ae
1254 2199 1328 2266 sine

151 2331 241 2377 mora
262 2311 363 2395 capit:
389 2309 584 2396 diripiuntur
605 2331 695 2397 opes,
718 2312 921 2397 captiuantur
943 2313 995 2377 uel
1011 2310 1211 2376 trucidantur
1225 2310 1326 2391 niuea,

68 2413 130 2481 VII
151 2421 316 2489 residuum
339 2421 513 2506 direptioni
535 2423 603 2507 igni
626 2424 792 2508 supposito
815 2422 946 2487 flamma
967 2422 1134 2487 consumit.
1168 2421 1273 2486 fuerat
1296 2421 1325 2485 si

148 2532 279 2614 quidem
309 2533 343 2597 in
373 2551 415 2599 ea
436 2533 566 2599 ciuitate
587 2534 777 2599 feminarum
799 2532 1013 2611 nobilissima,
1045 2532 1154 2615 Digna
1182 2530 1324 2613 nomine,
1343 2541 1376 2591 ab

147 2642 251 2708 forma
273 2641 402 2726 quidem
425 2645 546 2710 eximia
568 2644 626 2710 scd
648 2643 788 2709 candore
809 2642 983 2727 pudicitiae
1006 2642 1145 2726 amplius
1160 2641 1324 2706 decorata.

148 2752 230 2818 haee
251 2751 326 2816 dum
348 2752 568 2818 habitaculum
591 2773 687 2837 super
702 2753 777 2837 ipsa
791 2752 880 2818 urbis
895 2753 1025 2818 moenia
1039 2751 1174 2817 haberet
1189 2758 1324 2816 turrem·

149 2882 211 2947 que
239 2862 401 2928 excelsam
429 2882 507 2928 suae
536 2862 644 2927 domui
673 2863 897 2943 inminentem,
928 2863 1039 2929 subter
1069 2882 1164 2945 quam
1187 2860 1323 2926 Natissa

146 2972 263 3038 fluuius
287 2972 398 3037 uitreis
419 2971 589 3037 labebatur·
610 2971 754 3053 fluentis,
784 2992 826 3037 ne
848 2971 1082 3039 sordidissimis
1105 2970 1252 3037 hostibus
1275 2971 1322 3034 ln·

147 3083 287 3147 dibrium
309 3083 400 3147 fier-ct
422 3082 615 3165 animaeque
636 3080 908 3167 pulchritudinem
930 3083 983 3147 uel
1006 3082 1038 3146 ui
1062 3082 1163 3147 inlata
1184 3079 1321 3145 libidine
1340 3086 1373 3135 25

146 3192 289 3273 uitiaret,
318 3211 393 3256 mox
415 3191 596 3273 ingressum
619 3191 759 3258 hostiurn
781 3198 974 3275 captamque
997 3191 1107 3257 urbem
1130 3191 1323 3274 praesensit,

146 3320 164 3366 e
187 3320 314 3367 surnrma
343 3320 378 3366 se
406 3299 522 3367 eadem
551 3308 637 3367 turre
660 3302 811 3367 obuoluto
833 3303 941 3387 capite
963 3303 996 3366 in
1018 3304 1178 3385 gurgitem
1201 3301 1323 3385 praeci-

145 3411 242 3497 pitem
266 3409 355 3475 dedit
376 3418 560 3495 metumque
582 3411 780 3478 amittendae
802 3411 978 3497 pudicitiae
1011 3411 1211 3478 memorabili
1233 3410 1323 3476 exitu

144 3520 339 3587 terminauit.
384 3523 478 3607 plura
499 3528 669 3606 praeterea
690 3521 836 3588 eiusdem
858 3523 1000 3605 regionis
1023 3522 1157 3587 castella
1179 3521 1321 3586 inmanis

144 3631 248 3698 hostis
270 3632 419 3698 extinctis
441 3634 494 3697 uel
516 3632 688 3717 eaptiuatis
711 3631 836 3699 ciuibus
859 3631 1025 3698 succendit
1047 3651 1085 3696 ac
1107 3629 1214 3713 dimit,
1238 3628 1321 3695 Con·
1338 3640 1371 3689 ιιι

144 3742 302 3824 cordiam,
326 3741 470 3807 Altinum
499 3741 569 3808 siue
597 3741 784 3825 Patauium,
821 3743 946 3808 uicinas
975 3742 1145 3826 Aquileiae
1173 3740 1322 3807 ciuitates

144 3852 232 3920 illius
254 3852 357 3920 instar
379 3851 557 3920 demoliens
591 3854 661 3919 solo
683 3853 884 3936 coaequauit.
929 3853 1047 3918 exinde
1070 3873 1128 3936 per
1150 3852 1321 3917 uniuersas

211 4150 365 4213 apostrore
383 4145 417 4200 Β
504 4145 669 4201 coacerbanl
686 4144 739 4200 ΒΒ
840 4150 995 4200 erntrorurt
1013 4143 1041 4198 Β
1130 4144 1271 4201 8ohlrdel
1286 4144 1321 4199 Β

144 4238 229 4289 uram
246 4236 273 4291 Β
326 4242 356 4292 lb
373 4236 386 4291 l
404 4238 432 4292 ia
450 4237 529 4292 famil
545 4239 574 4292 in
590 4239 688 4293 raaia
706 4237 733 4291 B
794 4242 824 4290 12
842 4236 985 4305 fatigato
1036 4237 1198 4306 nrdrfrcarell
1206 4244 1321 4309 praeter

143 4342 171 4380 nr
189 4329 217 4380 ia
234 4344 289 4382 ros.
307 4330 336 4384 iu
355 4328 382 4382 Β
465 4334 494 4382 ll
512 4328 626 4399 loetulq3
645 4328 671 4382 Β
777 4333 807 4384 ta
825 4329 1029 4397 derepuonrlll
1115 4336 1146 4385 25
1164 4331 1321 4387 xllatahbbr-

145 4416 250 4472 dunel)
318 4423 349 4471 27
370 4420 500 4475 obuoluta
519 4421 545 4475 Β
594 4420 741 4490 guargrtell
