2834 5394
579 694 653 743 car.
674 696 782 744 x-xrr
1201 684 1264 748 369

91 842 170 908 lium
200 862 367 927 uasorum,
405 862 488 929 quae
517 843 736 912 Genserichus
765 847 911 912 Romano
938 845 1112 931 dispoliata
1139 848 1264 932 palatio

91 950 234 1018 Africam
264 954 351 1036 tulit,
387 954 471 1020 iuter
498 974 582 1036 quae
612 954 803 1020 Iudaeorum
840 976 921 1023 uasa
956 975 1039 1039 quac
1067 956 1262 1041 Vespasiani

91 1059 186 1127 Titus
222 1068 295 1145 post
329 1068 457 1146 captam
492 1064 749 1150 Hierosolymam
785 1068 919 1132 Romam
956 1065 1123 1132 detulerat.
1173 1088 1260 1133 man·

91 1169 178 1254 cipia
207 1188 285 1237 uero
314 1180 407 1238 erant
435 1193 475 1238 ex
503 1173 666 1258 triumpho
689 1184 755 1240 taru
775 1176 848 1258 ipse
870 1175 1013 1242 Gelimer
1035 1176 1260 1242 uestimentum

56 1278 253 1364 aquoddam
282 1290 416 1365 portans
445 1302 639 1368 purpureum
667 1292 699 1349 ct
726 1285 875 1368 cognatio
898 1287 968 1352 eius
990 1285 1152 1367 uniuersa,
1176 1287 1259 1352 Van·

90 1386 237 1454 dalorum
259 1411 386 1475 quoque
408 1401 564 1476 quotquot
584 1394 681 1459 ualde
702 1395 848 1479 prolixae
870 1402 1012 1461 staturae
1035 1414 1073 1460 ac
1095 1396 1171 1460 honi
1193 1414 1259 1462 eor·

90 1499 178 1584 poris
200 1508 301 1566 eraut.
346 1522 482 1586 cumque
505 1501 649 1568 Gelimcr
670 1504 702 1568 iu
726 1504 981 1588 Hippodromum
1002 1505 1207 1589 peruenisset
1227 1513 1259 1571 et

88 1616 154 1674 tam
184 1611 409 1694 imperatorem
439 1633 536 1697 supra
565 1611 900 1678 tribunal'scdeutcm
930 1635 1027 1699 quam
1055 1634 1096 1680 ex
1122 1621 1258 1699 utraque

89 1724 182 1801 parte
204 1721 320 1803 uulgus
342 1728 452 1787 astans
474 1720 619 1804 uidisset,
652 1741 716 1786 non
738 1722 924 1804 quiescebat
945 1725 1089 1789 clamans
1118 1723 1257 1809 ‘uanitas

40 1837 70 1886 ¹⁰
90 1830 270 1895 uanitatum
293 1837 324 1896 et
346 1831 455 1896 omnia
478 1832 625 1897 uanitasl
668 1832 903 1915 pertingentem
931 1839 1039 1896 autem
1067 1852 1140 1897 eum
1168 1833 1257 1898 iuxta

90 1939 293 2023 imperatoris
326 1940 468 2006 tribunal
496 1961 639 2026 purpura
667 1941 736 2006 cius
768 1941 878 2006 ablata
909 1960 1045 2025 pronum
1076 1939 1192 2007 eadere
1224 1950 1257 2008 et

86 2048 224 2114 adorare
252 2049 478 2133 imperatorem
508 2057 690 2134 coegerunt.
734 2057 768 2115 at
794 2070 871 2115 uero
900 2050 1073 2135 imperator
1102 2049 1256 2116 Gelimeri

87 2157 223 2241 praedia
244 2159 278 2223 in
301 2157 432 2224 Galatia
460 2161 560 2225 multa
588 2160 721 2225 contulit
750 2166 781 2224 et
802 2179 940 2225 amoena
961 2168 1085 2225 etcum
1107 2160 1255 2225 omnihus

87 2267 232 2349 cognatis
253 2268 322 2333 suis
344 2269 378 2332 iu
400 2268 452 2335 his
473 2269 621 2335 hahitare
643 2270 797 2354 permisit.
842 2288 953 2334 uerum
975 2269 1060 2334 hunc
1080 2269 1112 2333 in
1129 2269 1256 2353 patricii

40 2380 68 2429 ¹⁵
86 2375 230 2442 ordinem
252 2398 316 2442 uon
332 2379 481 2461 prouexit
502 2398 540 2444 eo
563 2379 648 2463 quod
671 2379 713 2444 ah
734 2379 803 2444 Arii
826 2385 914 2444 secta
936 2377 1102 2445 discedere
1123 2379 1254 2444 minime

84 2487 287 2553 consentiret.

169 2597 341 2662 Salomone
378 2606 546 2681 praeterea
582 2620 648 2664 rcm
686 2597 846 2683 publicam
880 2598 1066 2665 moderante
1098 2598 1253 2665 Maurusii
1273 2594 1337 2660 xl1

85 2707 243 2791 proelium
265 2707 422 2773 aduersus
445 2708 540 2773 Atros
563 2715 739 2772 mouerunt.
784 2728 878 2792 porro
901 2708 1055 2773 Maurusii
1084 2727 1124 2772 er
1151 2709 1252 2791 genti·

85 2814 376 2898 horrescendum,
401 2838 481 2898 (ruas
504 2818 596 2883 Iesus
619 2818 710 2881 Naue
733 2836 774 2882 ex
796 2816 926 2897 regione
947 2815 1141 2881 Phoenicum
1164 2836 1186 2880 a
1205 2816 1254 2881 Si·

33 2929 66 2980 20
85 2923 169 2991 done
192 2925 234 2990 ad
250 2927 431 3010 Aegyptum
456 2945 557 3008 usque
579 2925 764 2990 habitantes
786 2924 904 3008 abegit.
949 2926 1004 3009 qui
1026 2924 1252 3008 perueniantes

81 3035 264 3120 Aegyptum
287 3043 319 3101 et
341 3057 404 3100 nou
434 3036 553 3120 recepti
585 3035 626 3099 ab
655 3035 703 3100 eis
731 3033 774 3099 ad
795 3034 932 3119 Libyam
961 3035 1094 3100 ueniunt
1115 3041 1148 3100 et
1168 3033 1253 3099 hanc

81 3143 337 3210 inhabitantibus
360 3146 407 3211 eis
431 3145 607 3212 nouissimo
629 3152 772 3228 tempore
795 3145 1008 3228 imperatores
1029 3144 1163 3209 Romani
1192 3149 1251 3209 ter·

81 3273 150 3318 ram
172 3255 357 3338 optinentes
378 3254 463 3318 hanc
477 3255 569 3319 Hecu
586 3255 833 3319 nominauerunt
848 3260 1025 3321 statuentes
1040 3254 1150 3318 titulos
1170 3252 1251 3319 duos

83 3383 183 3447 supra
205 3384 356 3447 magnum
380 3365 501 3428 fontem
525 3384 565 3429 cx
588 3363 750 3449 lapidibus
771 3363 919 3429 candidis
940 3381 1108 3443 coucauos,
1131 3361 1251 3427 haben·

33 3478 64 3528 2⁵
83 3479 132 3539 tes
155 3472 279 3540 litteras
302 3472 501 3540 Phoeniccas
523 3472 668 3540 dieentes
698 3473 778 3539 haec
807 3473 876 3540 ‘nos
903 3494 1012 3539 sumus
1034 3473 1088 3557 qui
1111 3471 1250 3555 fugimus

83 3582 207 3648 asaele
230 3583 304 3649 Iesu
327 3583 464 3650 latronis
487 3583 542 3647 lilii
565 3583 677 3649 Naue!
720 3591 813 3648 erant
840 3590 948 3649 autern
969 3590 1001 3648 et
1029 3583 1114 3647 aliae
1135 3589 1249 3665 gentes

81 3692 115 3755 in
137 3692 246 3757 Africa
281 3693 418 3776 primum
453 3692 628 3775 indigenae
660 3694 815 3758 habentes
847 3712 956 3776 rogem
978 3692 1162 3777 Asclepium
1194 3692 1249 3775 qui

83 3799 233 3865 Heraclio
256 3803 465 3884 conregnauit
487 3822 581 3886 quem
604 3805 726 3867 'l'errac
748 3802 849 3866 filium
879 3822 952 3869 esso
980 3806 1250 3868 asseuerauerunt

82 3911 138 3994 qui
161 3908 391 3994 Carthaginem
419 3911 641 3977 condiderunt.
686 3912 839 3977 Salomon
868 3918 975 3976 autem
1003 3930 1024 3974 a
1053 3908 1249 3991 Carthagine

30 4027 63 4077 ³⁰
80 4021 219 4103 sumptis
241 4022 434 4086 exercitibus
449 4028 560 4086 contra
575 4021 755 4087 Maurusios
770 4020 965 4104 properauit.
1008 4019 1062 4100 qui
1084 4019 1117 4082 in
1139 4018 1248 4100 fugam

80 4129 164 4194 uersi
187 4136 218 4195 ct
240 4150 275 4196 se
297 4132 329 4196 in
354 4131 544 4216 praecipitia
566 4129 790 4212 demergentes
812 4136 913 4195 semet
934 4130 1023 4214 ipsos
1044 4126 1247 4192 interficiunt.

78 4241 194 4304 mortui
230 4259 307 4305 uero
354 4241 388 4304 iu
431 4240 491 4305 hoc
526 4239 611 4306 hello
646 4239 879 4329 Maurusiopum
920 4237 1154 4323 quinquaginta
1191 4235 1248 4301 mi·

144 4514 391 4571 chremtoumah
460 4516 574 4571 Romam
591 4531 643 4569 om.
661 4515 688 4570 D
774 4511 1018 4585 'lyppodronrtlll
1093 4517 1123 4565 15
1140 4526 1205 4566 crru
1221 4511 1248 4566 1)

79 4610 110 4660 19
127 4607 216 4662 hrel'ul'
231 4606 257 4662 Ι)
326 4607 417 4663 temeti
434 4607 462 4662 D
530 4613 562 4663 20
581 4605 723 4678 egyptull
799 4606 924 4676 211th
940 4605 967 4660 D
1040 4608 1071 4659 25
1089 4605 1207 4659 lcnrcess
1224 4603 1249 4657 u

77 4703 110 4753 26
127 4700 246 4755 merul)
364 4705 396 4755 28
415 4701 517 4756 eracho
546 4706 770 4771 corregnamtque
792 4705 864 4753 terre
879 4697 906 4753 Ι)
1007 4700 1040 4751 29
1062 4699 1205 4766 hmtagrntl
1221 4696 1249 4753 D

76 4792 218 4860 kartagrne
234 4792 262 4848 Ι)
330 4796 360 4846 31
380 4794 558 4863 drmergcntel'
572 4792 599 4848 Ι)
673 4798 705 4848 32
722 4792 797 4848 rnrha
812 4808 864 4847 om.
885 4791 909 4847 1)

118 4886 233 4928 limem
247 4896 366 4930 maenam
1034 4894 1070 4946 ῃ
