2834 5394
148 278 210 340 348
650 292 743 338 mom
765 291 824 338 xvr

146 451 333 529 superatum
356 444 479 530 proelio
502 451 664 529 postremo
687 444 721 509 in
743 444 851 527 fugam
873 445 1038 510 conuertit.
1083 444 1202 510 exinde
1217 443 1323 509 Theo

145 553 272 621 dericus
294 573 429 621 mouens
451 574 523 619 cum
546 554 708 619 Veronam
731 555 884 636 uenisset,
921 555 1036 620 iterum
1059 554 1216 620 aduersus
1246 573 1321 619 cum

145 664 315 732 Odouaecr
337 686 403 730 non
425 665 541 730 minori
564 685 661 748 quam
683 665 772 748 prius
797 684 869 730 sese
892 665 969 731 belli
991 672 1151 749 apparatu
1173 665 1320 750 opponit.

144 781 257 841 eontra
278 794 373 859 quem
395 774 615 841 Theodericus
644 773 731 838 haud
760 776 871 859 procul
898 795 919 840 a
941 775 1121 841 Veronensi
1145 775 1224 840 urhe
1245 794 1320 839 con-

143 885 261 969 fligens
283 886 385 951 nimia
414 886 484 952 eius
508 885 682 951 exercitum
706 885 807 950 caede
830 885 979 950 eontriuit
1001 887 1172 969 ipsumque
1194 884 1318 969 pariter
1338 894 1356 943 5

144 1004 177 1063 et
198 1015 325 1062 ornnem
348 996 436 1060 illius
459 995 694 1060 multitudinem
717 994 796 1060 dare
817 1002 910 1079 terga
937 997 1050 1078 coegit.
1097 996 1249 1079 quidum
1272 997 1319 1060 lu-

144 1126 207 1191 geo
229 1113 316 1171 metu
338 1126 373 1172 se
395 1107 590 1191 praccipites
612 1106 646 1171 in
661 1106 785 1171 Atesim
800 1104 932 1170 fluuium
955 1114 1112 1188 mergunt,
1136 1126 1176 1170 ex
1199 1125 1321 1189 magna

144 1224 237 1303 parte
259 1216 475 1301 rapidissimis
498 1216 568 1281 eius
590 1215 771 1299 gurgitibus
795 1216 940 1300 inplicati
964 1217 1168 1282 suffocantur.
1214 1216 1320 1280 Theo·

144 1327 273 1394 doricus
295 1346 371 1392 uero
394 1326 470 1392 dum
498 1327 569 1410 ipso
599 1327 720 1410 impetu
743 1326 950 1410 subsequitur
972 1327 1131 1409 fugientes
1155 1326 1318 1391 Veronam

0 1443 8 1492 ί
22 1435 115 1501 VIIII
144 1438 218 1503 ilico
255 1457 376 1523 pauore
413 1437 539 1502 ciuibus
576 1437 789 1502 consternatis
827 1436 963 1501 inuadit.
1008 1436 1177 1501 Odcuaecr
1209 1442 1319 1501 actem
1337 1442 1371 1491 10

144 1569 216 1613 cum
238 1548 291 1615 his
313 1548 368 1632 qui
392 1555 565 1613 euaserant
587 1547 714 1631 fugiens
736 1548 869 1611 Romam
893 1545 1055 1611 contendit
1077 1546 1134 1611 sed
1157 1546 1319 1612 obseratis

145 1659 295 1725 continuo
318 1658 419 1743 portis
442 1658 594 1723 exclusus
617 1664 676 1723 est.
714 1657 768 1740 qui
792 1656 867 1721 dum
891 1657 951 1721 sibi
975 1655 1129 1739 denegari
1152 1656 1318 1720 introitum

144 1774 291 1835 comeret
312 1767 422 1831 omnia
443 1785 653 1850 quaeeunque
677 1767 843 1849 adtingere
865 1765 969 1850 potuit
988 1764 1098 1849 gladio
1113 1764 1318 1847 flammisque

144 1877 352 1961 consumpsit.
398 1875 474 1940 inde
503 1894 629 1960 quoquc
659 1876 829 1958 egrediens
851 1878 1040 1941 Rauennam
1071 1877 1238 1959 ingressus
1268 1882 1318 1942 est

142 1987 253 2070 ibique
275 1985 392 2069 quibus
415 2004 450 2051 se
472 1987 555 2050 tucri
578 1986 736 2052 aduersus
752 1986 862 2052 hostes
877 1987 980 2070 possit
997 1986 1210 2051 munitionum
1226 2006 1318 2071 prae·
1337 2000 1368 2049 15

142 2116 259 2183 parare
282 2095 449 2160 obstacula
472 2095 585 2179 coepit.
630 2096 850 2162 Theodericus
873 2098 983 2180 itaque
1012 2116 1032 2160 a
1054 2096 1183 2161 Verona
1212 2096 1318 2180 digre-

142 2205 237 2273 diens
261 2204 491 2270 Mediolanium
514 2206 671 2289 perucnit.
717 2207 771 2270 uhi
800 2205 876 2270 dum
904 2206 1094 2272 consisteret
1124 2227 1245 2290 magna
1274 2207 1318 2272 ad

141 2336 214 2383 eum
247 2314 416 2381 multitudo
447 2315 584 2380 militum
618 2317 792 2399 pluresque
824 2316 939 2381 Italiac
977 2317 1088 2400 populi
1125 2336 1316 2382 conuenere.

142 2426 200 2493 sed
222 2427 336 2511 paucis
359 2425 536 2490 interiectis
559 2423 674 2489 diebus
697 2447 807 2492 rursus
836 2425 1008 2492 dediticius
1037 2427 1197 2492 exereitus
1220 2426 1317 2492 'luffa

141 2536 281 2621 quodam
304 2537 433 2600 nominc
457 2535 631 2617 instigante
654 2534 831 2601 Odouaeris
855 2555 890 2602 se
911 2537 1058 2620 partibus
1081 2535 1230 2601 reddidit.
1275 2556 1317 2602 ea
1331 2546 1367 2597 to

142 2667 194 2712 res
216 2645 451 2710 Theodericum
475 2646 507 2709 in
531 2651 653 2708 tantum
677 2646 856 2729 perterruit,
886 2652 921 2710 ut
949 2665 985 2712 se
1016 2667 1172 2729 suumque
1195 2648 1314 2712 exerci-

57 2757 122 2821 XX
143 2763 210 2821 tum
226 2754 313 2837 apud
329 2756 534 2820 'ticinensem
551 2755 662 2818 urbem
685 2757 832 2820 muniret.
875 2756 988 2820 talium
1011 2776 1117 2821 rerum
1140 2758 1316 2823 uarietates

140 2864 405 2949 Burgundionum
428 2884 486 2929 rex
501 2862 717 2929 Gunduhatus
732 2865 895 2950 aspiciens
911 2866 1075 2947 Liguriam
1098 2885 1169 2929 oum
1193 2866 1315 2949 ingenti

140 2974 281 3041 <exercitu
305 2975 473 3058 ingressus
496 2980 611 3038 cuncta
632 2994 716 3058 quac
738 2975 881 3060 reperire
909 2983 1036 3060 poterat
1063 2996 1121 3060 pro
1150 2978 1316 3043 uoluntate

140 3084 298 3169 diripiens
323 3084 480 3149 infinitam
502 3104 609 3150 secum
633 3083 676 3148 ad
691 3083 831 3149 Galliam
854 3086 1054 3170 captiuorum
1077 3085 1315 3153 multitudinem
1332 3093 1365 3144 ²5

140 3192 285 3259 abduxit.
332 3193 551 3258 Theodericus
581 3195 691 3278 itaque
713 3194 913 3277 aliquamdiu
935 3195 1021 3260 intra
1043 3197 1238 3263 munitiones
1262 3217 1316 3263 ex·

140 3303 273 3367 ercitum
295 3302 438 3368 retinens
467 3303 596 3369 demum
625 3303 745 3370 relictis
774 3304 818 3368 ihi
848 3312 950 3370 matre
979 3306 1142 3371 sororibus
1171 3307 1315 3372 uniuersi

141 3413 229 3497 uulgi
253 3411 456 3479 multitudine
478 3413 560 3478 nihil
583 3415 681 3497 plane
704 3412 821 3478 dubins
844 3414 886 3480 dc
901 3415 1078 3500 Epiphanii
1101 3416 1162 3481 uiri
1179 3418 1316 3482 sanctis·

141 3523 212 3589 simi
236 3521 300 3587 fide
325 3541 394 3587 cum
419 3523 582 3608 expeditis
605 3530 800 3588 armatorum
830 3525 941 3590 cuneis
964 3525 1006 3589 ad
1030 3524 1208 3592 Odouacris
1231 3527 1315 3593 ohsi-

207 3864 222 3911 3
249 3868 276 3912 ct
304 3864 332 3912 10
359 3859 518 3914 odoacerll
597 3859 658 3914 belh
682 3859 778 3914 leiel)
887 3866 902 3914 t
928 3867 976 3915 aut
1006 3860 1030 3913 Β
1133 3866 1147 3912 5
1177 3877 1259 3914 nrmra
1280 3861 1314 3923 Β,

139 3951 282 4006 summai)
386 3958 497 4006 rmetn
523 3953 550 4006 B
636 3953 735 4007 adesim
753 3952 781 4007 Β
883 3955 950 4006 Ser'
968 3954 1090 4021 gurgntrb3
1115 3955 1141 4006 iu
1166 3971 1220 4007 ros.
1239 3956 1266 4009 in
1286 3954 1315 4008 ,Β

138 4045 267 4113 nnpheatr
285 4045 311 4099 D
396 4052 425 4099 12
444 4045 523 4100 cul)
611 4050 640 4099 13
660 4061 837 4115 quaecunque
859 4048 973 4117 scrqrsr':
996 4059 1101 4115 queque
1129 4045 1163 4109 Β,
1191 4062 1268 4114 quoq.
1288 4047 1315 4100 I)

138 4138 282 4207 humoqll
354 4144 383 4192 16
403 4145 476 4207 cepit
494 4138 520 4192 Β
590 4141 618 4191 tl
638 4138 676 4192 thr
694 4138 720 4192 Β
791 4143 821 4191 ro
838 4137 1028 4192 interlectrlB
1080 4139 1165 4193 dedrtr
1183 4141 1272 4193 crtuus
1280 4139 1315 4193 1)’

139 4230 221 4285 tndra
238 4231 392 4299 quidamD
470 4235 503 4284 10
520 4236 546 4284 ct
563 4235 596 4283 29
614 4229 780 4285 odoacrrll)
838 4246 892 4302 quq
909 4232 952 4286 rel
969 4230 995 4284 Β
1072 4234 1259 4286 22trcrn1enle
1281 4231 1312 4286 lt

138 4322 360 4391 prrrrrlubadulb
428 4330 459 4376 21
478 4338 615 4391 repperire
634 4323 660 4377 B
712 4325 883 4391 poterantll
952 4328 983 4377 25
1001 4323 1122 4378 rnhmtal
1139 4325 1203 4379 BD‘
1255 4326 1313 4392 gal·

140 4418 187 4473 luti
207 4414 229 4469 11
298 4419 330 4467 'lh
349 4413 514 4468 mrrmercnei
532 4415 556 4468 Il
625 4420 656 4469 rt
676 4416 825 4484 urrruersaq.
845 4415 872 4470 Β
923 4421 955 4471 ’18
975 4416 1085 4470 lcilsrme
1106 4418 1130 4471 Β
