2834 5394
80 229 142 291 sto
580 241 672 290 eruar
695 240 766 286 xxv

78 392 139 460 dus
160 391 245 458 eninr
269 392 318 457 uir
341 399 410 458 orat
431 399 463 456 ct
484 411 584 475 supra
605 411 789 458 mensuram
810 392 997 460 misericors
1031 413 1078 458 ac
1110 395 1208 460 omni
1237 413 1283 459 re

78 505 224 570 uerentia
234 503 352 587 dignus
376 503 572 586 multamque
587 501 683 568 fidem
699 502 840 568 habebat
854 509 920 568 tam
936 523 993 569 res
1009 503 1162 589 publica
1185 526 1283 590 quarn

79 614 248 699 imperium
277 634 354 697 erga
382 614 482 679 illum.
527 633 568 679 ex
596 618 672 679 tunc
701 634 778 697 ergo
806 615 912 698 coepit
940 612 1012 679 dici
1044 622 1083 680 et
1116 615 1284 702 disputari

79 745 177 810 super
199 725 319 791 sanctis
342 723 539 807 imaginibus
561 744 666 790 sermo
690 724 731 788 ab
754 724 902 790 omnibus
924 743 1001 789 cum
1025 725 1176 792 fiducia.

170 834 263 899 Anno
286 835 413 919 imperii
436 835 574 900 Eirenae
596 854 667 900 curu
690 834 757 900 filio
779 834 889 918 quinto
910 833 1069 900 Arabum
1097 836 1174 904 dux
1199 837 1312 922 Moy-5

81 967 134 1014 ses
157 945 354 1031 prouelritur,
392 945 447 1028 qui
476 964 540 1009 uno
563 944 610 1011 eis
632 945 772 1029 praefuit
793 964 888 1010 anno.
933 943 999 1009 hoc
1024 967 1176 1032 quoque
1199 967 1284 1014 anno

81 1057 214 1122 collecto
236 1054 424 1139 imperatrix
445 1055 563 1121 Eirene
586 1054 674 1119 omui
695 1055 814 1140 populo
837 1053 924 1140 apud
948 1054 1184 1140 Magnauran
1208 1059 1288 1125 dixit

81 1165 124 1231 ad
154 1184 209 1231 eos
239 1164 337 1230 ‘scitis
373 1166 488 1232 fratres
516 1164 602 1251 quod
630 1164 741 1231 feeerit
769 1165 890 1231 Paulus
917 1165 1139 1249 patriarcba.
1199 1178 1234 1236 et
1261 1169 1287 1236 si

81 1274 211 1361 quidem
234 1275 379 1359 intuisset,
417 1295 481 1341 non
510 1275 620 1357 utique
647 1282 832 1360 pateremur
861 1275 946 1341 huuc
967 1274 1157 1345 dimittere
1183 1299 1289 1347 sacer·

81 1387 160 1452 dotii
182 1386 332 1452 thronum
353 1385 429 1452 licet
450 1387 660 1451 monasticum
683 1384 829 1451 habitum
858 1385 1030 1452 induisset.
1082 1390 1177 1473 qnia
1200 1410 1287 1473 nero,
1304 1406 1326 1455 u

83 1499 176 1564 sicuti
199 1497 259 1562 deo
282 1496 410 1581 placuit,
434 1495 474 1561 de
496 1496 565 1561 uita
586 1496 747 1580 migrauit,
770 1495 1001 1582 prouidcamus
1025 1497 1217 1567 hominem
1234 1502 1289 1586 qui

82 1628 217 1693 pascere
247 1628 305 1675 nos
334 1606 437 1691 possit
466 1615 497 1672 et
525 1607 696 1673 ecclesiam
724 1605 778 1672 dei
807 1606 1014 1674 didascalicis
1038 1629 1195 1678 seruare
1219 1631 1289 1678 ser·

82 1719 248 1784 monibus?
292 1717 345 1801 qui
368 1716 563 1782 unanimiter
585 1716 735 1782 dixerunt
756 1737 821 1782 non
850 1718 917 1783 lore
944 1717 1047 1782 alium
1076 1721 1156 1787 nisi
1182 1724 1288 1788 Tara-

83 1829 165 1895 sium
187 1850 207 1894 a
229 1828 371 1895 secretis.
416 1832 449 1891 at
472 1827 529 1893 illa
552 1826 594 1892 ‘et
614 1827 682 1894 nos‘
703 1827 749 1893 ait
772 1826 889 1912 ‘ipsum
912 1827 1084 1911 elegimus.
1140 1832 1208 1898 sed
1233 1851 1286 1898 re·

83 1939 181 2004 saltat
203 1944 235 2002 et
257 1937 334 2001 dicit
355 1957 413 2021 pro
442 1957 507 2020 qua
535 1957 634 2003 eausa
661 1956 726 2003 non
755 1938 891 2023 suscipit
918 1937 1116 2005 electionem
1144 1943 1285 2028 imperii
1301 1956 1327 2007 1⁵

83 2054 116 2113 et
135 2047 234 2112 totius
256 2046 378 2131 plebis!

15 2158 66 2224 :V
171 2157 214 2221 At
255 2156 310 2221 ille
366 2153 533 2239 respondit
574 2156 692 2241 populo
743 2157 854 2225 dicens
906 2157 1160 2227 ‘immaculatae
1200 2161 1282 2229 lidei

85 2273 215 2335 nostrae
253 2266 507 2333 Christianorum
544 2265 694 2335 custodes
736 2273 768 2333 et
804 2287 914 2334 eorum
958 2268 1011 2353 qni
1052 2269 1086 2333 in
1126 2273 1280 2354 gloriam

86 2380 139 2446 dei
177 2379 258 2445 fiunt
294 2377 509 2444 aemulatores
545 2376 659 2444 fideles
695 2378 907 2464 imperatores
948 2379 1050 2446 nostri
1094 2386 1277 2464 tamquam

86 2491 227 2556 omnium
248 2491 282 2556 in
303 2488 539 2573 beneplacitum
562 2488 632 2555 eius
654 2495 686 2554 et
706 2489 741 2553 in
763 2488 964 2555 commodum
989 2495 1138 2554 nostrum
1156 2511 1273 2559 curam
1289 2503 1319 2555 te

86 2601 241 2666 faciontes
273 2607 305 2665 ct
338 2600 478 2666 maxime
510 2619 595 2664 nune
623 2599 845 2665 ecclesiastiea
873 2600 1005 2683 negotia
1026 2598 1209 2682 diligenter
1238 2610 1273 2670 et

85 2709 222 2776 sollicite
244 2709 498 2792 considerantes,
522 2730 584 2794 quo
608 2730 751 2776 summus
775 2708 927 2776 sacerdos
949 2710 983 2774 in
998 2709 1059 2774 hac
1075 2711 1173 2792 regia
1188 2714 1272 2780 urbe

86 2840 146 2886 sua
168 2819 388 2903 constitue-er,
411 2819 446 2885 in
469 2839 547 2886 suae
568 2820 698 2905 pietatis
721 2839 772 2885 me
794 2820 936 2884 animum
959 2829 1169 2904 sumpserunt
1185 2831 1219 2889 et
1235 2830 1271 2889 ut

86 2932 258 2996 manifeste
279 2930 359 2995 mihi
382 2929 550 3012 diceretur,
589 2928 676 3013 quod
703 2930 865 2995 consiliati
895 2937 978 3008 sunt,
1015 2940 1267 3015 praeceperunt

86 3059 221 3123 cumque
254 3038 296 3104 ad
329 3036 390 3103 hoc
422 3058 473 3103 me
504 3037 673 3122 indignum
707 3058 780 3106 esse
807 3039 1049 3124 pronuntiarem
1078 3047 1110 3105 et
1137 3042 1268 3108 nullum
1284 3058 1312 3110 2⁵

87 3167 278 3214 eonsensum
302 3146 461 3214 efficerem
491 3155 600 3233 utpote
629 3148 684 3233 qui
705 3149 816 3233 iugum
838 3150 933 3218 huius
955 3151 1104 3217 sarcinae
1133 3159 1269 3235 portare

87 3257 140 3323 uel
163 3257 297 3323 sufferre
319 3277 383 3322 non
406 3276 535 3342 possem
556 3258 728 3341 iusserunt,
759 3279 809 3325 me
831 3259 949 3325 adduci
971 3269 1047 3327 ante
1069 3259 1187 3327 faeiem
1212 3282 1267 3329 uc·

87 3373 187 3435 stram
216 3388 274 3454 pro
298 3387 336 3433 eo
359 3367 445 3454 quod
473 3373 505 3433 et
531 3369 628 3436 huius
650 3369 779 3436 consilii
799 3370 969 3437 unanimes
991 3377 1023 3436 et
1044 3371 1268 3455 comprobato

89 3498 141 3546 res
172 3480 275 3545 effecti
306 3479 387 3546 sitis.
431 3485 464 3546 et
491 3500 576 3545 nunc
604 3480 714 3545 ouiri
743 3480 799 3565 qui
820 3479 916 3547 deum
938 3480 1057 3549 timetis
1080 3488 1112 3547 et
1134 3501 1267 3567 semper

89 3589 175 3656 hune
203 3590 236 3656 in
265 3590 416 3658 cordibus
444 3591 562 3658 uestris
590 3590 719 3658 habetis
753 3592 873 3677 quique
901 3589 1022 3657 Christi
1058 3591 1266 3660 inuocatione
1283 3614 1314 3666 so

90 3701 160 3766 ueri
195 3699 348 3766 uidelicet
383 3700 436 3767 dei
468 3701 571 3768 nostri
602 3701 813 3768 nominamini
847 3700 1032 3783 Christiani,
1066 3701 1118 3767 aio
1151 3701 1264 3770 audite

90 3809 183 3877 breui
214 3830 362 3876 sermone
391 3811 432 3876 ab
467 3811 644 3896 exiguitate
675 3831 714 3878 ac
745 3811 925 3878 humilitate
958 3819 1070 3879 nostra
1092 3811 1262 3880 rationem.

89 3937 150 4003 ego
173 3919 302 4004 quidem
325 3920 476 4004 quicquid
498 3921 561 4006 piis
583 3921 830 4006 imperatoribus
859 3922 979 3990 nostris
1008 3929 1041 3988 et
1068 3941 1127 4006 per·
1154 3924 1268 3990 omnia

91 4029 279 4096 orthodoxis
301 4030 521 4115 responderim
549 4038 581 4096 et
607 4032 642 4096 in
667 4038 842 4117 conspectu
865 4040 971 4099 uestro
994 4032 1148 4098 orationis
1171 4054 1267 4100 meae

160 4282 309 4352 oeeprtD
377 4282 560 4339 5herreueI)
629 4267 815 4339 thbuenel)
887 4285 915 4335 18
934 4283 989 4354 qui]
1008 4294 1060 4352 que
1078 4281 1105 4336 D
1159 4287 1191 4337 32
1211 4285 1269 4340 ler-

90 4373 177 4427 moml
193 4373 219 4427 D
705 4373 707 4377 ’
