2834 5394
195 110 235 171 30
717 119 808 167 minu
830 120 856 165 ιι

192 274 386 358 grauissimo
402 273 577 337 certamine
592 272 663 337 dies
678 272 838 356 utrimque
852 271 1000 337 omnibus
1012 272 1093 336 mori
1108 270 1344 356 torennensis

193 384 323 450 nesciis.
368 382 564 449 introductos
587 391 693 448 autem
716 383 800 448 inter
821 383 1043 448 concurrentia
1064 384 1198 466 agmina
1218 382 1345 467 elephas

193 503 244 561 tos
261 495 362 559 scrinia
378 503 493 574 truces,
510 492 607 557 odore
622 512 749 576 graues,
767 494 850 559 mole
864 492 1025 559 terribiles
1047 500 1082 558 ut
1095 492 1209 559 uidere
1224 491 1346 573 Romani,
1387 503 1398 529 ·’

194 626 277 670 norro
301 604 467 690 pugnandi
482 624 600 687 genere
616 603 824 669 circumuenti
846 610 878 668 et
892 603 994 668 territi
1017 604 1110 688 equis
1125 604 1265 669 maxime
1276 601 1349 689 paui·
1400 605 1401 616 ’

192 716 336 781 tontibus
358 715 563 798 diffugerunt.
602 713 658 779 secl
681 723 851 799 postquam
875 714 1035 780 Minucius
1056 715 1211 796 centaurio,
1234 716 1374 799 quana*

193 828 331 911 legionis
354 826 476 909 primus
499 825 655 904 hastatus,
680 834 861 908 protentum
884 824 918 890 in
934 844 970 890 se
985 824 1101 890 beluae
1123 843 1250 898 uncum,
1272 840 1357 910 quam

192 958 322 1003 rrranum
347 943 472 1016 uocant,
494 934 603 1019 gladio
625 934 769 999 desecuit
791 943 823 1000 et
844 935 1066 1000 conturbatam
1089 935 1235 1001 rrirlneris
1257 934 1360 1000 dolore

194 1048 296 1112 ainerti
321 1047 406 1110 bello
429 1054 525 1129 atqcue
551 1045 584 1110 in
601 1065 677 1111 snos
700 1046 826 1111 saeuire
849 1045 992 1129 conpulit
1013 1045 1146 1129 eiusque
1168 1044 1365 1111 inmoderato

194 1157 342 1223 discursu
363 1156 543 1238 perturbari
567 1175 604 1219 ac
628 1156 811 1240 permisceri
835 1173 985 1239 coepere,
1015 1155 1090 1222 finis
1116 1174 1248 1240 pugnae
1270 1156 1367 1221 etiam

194 1267 234 1333 de
249 1266 406 1332 beneficio
422 1267 524 1331 noctis
547 1266 733 1350 inpositus).
758 1266 923 1331 Laeuinus
938 1272 1046 1330 tamen
1061 1285 1120 1351 per
1135 1272 1262 1331 noetem
1278 1266 1369 1351 iugit-
1387 1252 1412 1309 ¹⁸

193 1376 372 1462 <Romanos
394 1377 496 1443 uictos
519 1377 619 1441 inisse
647 1377 751 1460 turpis
780 1377 855 1459 iuga
877 1375 1036 1460 prodidit,
1067 1396 1201 1461 quorum
1223 1383 1301 1441 tune
1321 1396 1375 1443 ce

193 1488 312 1554 cidisse
335 1489 514 1552 referuntur
536 1486 677 1570 pediturn
702 1485 955 1568 cpiattuordeeim
978 1486 1069 1551 milia
1090 1486 1266 1569 octingenti
1289 1494 1377 1553 octo·

193 1600 293 1682 ginta,
303 1599 388 1681 capti
400 1597 574 1680 octingenti
587 1596 713 1679 uiginti,
729 1597 852 1679 equites
868 1604 976 1662 aritem
986 1597 1073 1663 oaesi
1089 1596 1217 1662 ducenti
1235 1598 1377 1681 quadra‘

192 1710 284 1791 ginta
300 1727 367 1783 sex,
391 1708 475 1789 copti
492 1706 685 1790 septingenti
703 1705 882 1788 duodecim,
906 1708 1001 1791 signa
1022 1706 1144 1773 amissa
1165 1707 1282 1790 uiginti
1299 1707 1375 1773 duo.

194 1817 337 1903 Pyrrhus
357 1819 519 1882 ltornanos
541 1837 621 1899 qums
644 1815 745 1900 cepit>
769 1838 892 1881 surmno
913 1817 1034 1883 honore
1059 1818 1225 1899 mactuuit,
1247 1819 1376 1885 occisos

194 1928 353 2011 sepeliuit
383 1947 463 2010 quos
478 1946 548 1989 cnm
565 1925 703 1991 acluorso
725 1928 857 1993 urdnere
872 1935 904 1993 et
917 1929 997 1992 truci
1011 1929 1101 1993 uultu
1115 1927 1212 1993 etiom
1229 1936 1375 1995 mortuos

193 2038 298 2102 iacere
326 2036 471 2117 uidisset,
494 2036 606 2101 tulisse
633 2035 674 2099 ad
690 2037 813 2102 eaelum
838 2058 952 2104 manus
974 2038 1091 2103 ‹lic-itur
1113 2057 1184 2102 eum
1204 2037 1268 2103 liae
1282 2058 1372 2121 uoce,

194 2168 230 2213 se
245 2148 342 2213 totius
353 2146 515 2211 dominium
529 2146 616 2211 orbis
628 2166 702 2212 esse
713 2148 859 2231 potuisse
874 2149 900 2213 si
916 2149 999 2215 tales
1014 2149 1076 2215 sibi
1089 2149 1208 2214 milites
1220 2150 1373 2233 contigis-

194 2265 276 2324 sent.
307 2255 398 2339 <nam
422 2264 560 2340 quantus
584 2276 601 2322 e
624 2256 754 2323 diuerso
782 2278 934 2324 numerus
957 2259 1115 2326 soeionrm
1136 2258 1254 2344 Pyrrhi
1277 2260 1374 2325 tuerit

193 2370 352 2435 extinctus
376 2368 550 2434 memoriae
579 2367 732 2432 traditum
754 2388 818 2432 nou
841 2376 891 2433 est
912 2370 1053 2434 maxime
1081 2370 1158 2453 quia
1180 2371 1373 2455 scriptorum

193 2487 337 2544 ueterum
362 2499 430 2544 mos
452 2485 502 2543 est
524 2499 564 2544 en
588 2498 626 2542 ea
649 2486 740 2563 parte
763 2496 846 2559 quae
868 2479 982 2544 uicerit
1003 2479 1179 2546 oecisorum
1202 2500 1267 2545 non
1289 2500 1373 2547 eom-

195 2587 347 2653 memlare
380 2607 563 2667 numerum,
603 2607 644 2651 ne
683 2588 838 2654 uictoriae
876 2590 1012 2672 gloriam
1056 2590 1217 2655 maculent
1251 2590 1373 2657 damna

194 2698 342 2777 uictoris,
375 2697 438 2761 nisi
468 2697 547 2761 torto
575 2714 646 2759 cunr
676 2696 758 2761 odeo
786 2699 881 2783 pauci
911 2698 1030 2763 eadunt
1058 2707 1093 2765 ut
1121 2697 1372 2767 admirationem

195 2815 413 2890 terroremque
435 2807 563 2871 uirtutis
585 2813 703 2888 augeat
725 2809 872 2891 pancitas
888 2809 1096 2893 perditorum,
1120 2810 1203 2875 sieut
1216 2810 1251 2874 in
1266 2813 1374 2895 prima

193 2917 315 2983 Persici
339 2917 414 2983 belli
438 2917 665 3000 congressione
688 2917 775 3002 apud
797 2919 1017 2984 Alexandrum
1033 2920 1185 3003 Magnum
1208 2920 1277 3005 fuit,
1300 2922 1410 2987 eumll

194 3028 279 3093 inter
301 3026 539 3111 quadringenta
562 3028 627 3091 lere
643 3028 734 3092 milia
750 3028 888 3095 hostium
916 3030 1084 3095 interiecta
1105 3035 1232 3095 eentum
1255 3031 1373 3115 uiginti

194 3139 319 3221 equites
348 3143 379 3201 et
400 3155 516 3202 nouem
547 3144 670 3201 tantum
699 3137 794 3202 modo
824 3140 858 3205 in
889 3140 1031 3205 exercitu
1060 3140 1130 3206 eius
1162 3140 1292 3225 pedites
1320 3140 1373 3207 de·

197 3249 297 3314 fuisse
320 3247 511 3313 referuntur.

105 3353 181 3418 Xl'l
281 3357 345 3423 Sed
362 3357 505 3442 Pyrrhus
527 3356 727 3422 atrocitatem
751 3357 854 3424 eladis
878 3379 973 3442 quam
997 3360 1057 3424 hoc
1080 3360 1166 3425 bello
1189 3368 1372 3446 exceperat,

196 3512 498 3524 ——-.-—-——-

262 3608 468 3666 telelantoill
536 3609 729 3677 edrffngerent
746 3608 774 3663 Il
841 3608 969 3662 minutius
985 3608 1011 3662 1)
1079 3596 1242 3678 dprotentci
1258 3609 1286 3664 Ι)
1357 3616 1371 3665 7

194 3720 275 3759 mauu
292 3705 319 3759 Ι)
389 3703 490 3758 deleuit
507 3702 534 3756 Ι)
603 3701 809 3757 conturbataD
878 3705 893 3755 8
918 3700 974 3755 erui
995 3701 1022 3755 I)
1092 3706 1226 3771 uespere
1243 3702 1270 3758 Ι)
1342 3708 1373 3758 10

193 3795 299 3850 lebrnul
326 3798 349 3847 li
426 3796 574 3864 11—15<>
600 3794 626 3849 Ι)
651 3796 748 3863 pyrrus
770 3796 868 3864 (pirrus
896 3793 930 3853 Γ)
955 3796 1080 3850 romanos
1101 3796 1172 3849 mille
1207 3798 1377 3866 octingentos

194 3895 264 3957 cep1t
307 3894 405 3957 leocprt
428 3888 463 3944 Bt
500 3888 523 3942 dr
550 3889 597 3942 eol
625 3887 652 3942 B
660 3886 685 3940 V
798 3892 824 3941 lt
851 3887 950 3956 produt
983 3885 1009 3941 Ι)
1096 3892 1127 3942 ¹2
1167 3896 1239 3960 eapti
1284 3896 1372 3945 oeun-

194 3988 267 4049 genti
297 3989 391 4049 mgmtr
427 3999 478 4035 om.
507 3989 536 4035 ut
562 3981 617 4035 nid.
637 3978 664 4034 P
784 3985 814 4034 15
849 3984 921 4048 ceprt
953 3979 979 4033 D
1084 3986 1115 4035 tii
1142 3982 1237 4037 auerso
1263 3982 1303 4047 J),
1334 3984 1370 4038 al’

194 4073 320 4128 aduersos
336 4074 435 4128 odda
506 4079 535 4129 t'l
551 4088 660 4128 maurim
685 4071 711 4125 Γ
784 4076 815 4126 ts
839 4070 912 4127 orb1l
927 4071 1063 4127 dommum
1081 4072 1145 4139 DV,
1179 4075 1277 4130 deinde
1293 4075 1374 4132 furlie

193 4165 228 4221 θ’
299 4170 330 4221 ld
347 4166 436 4222 luerat
459 4167 486 4221 D
587 4170 619 4220 23
641 4156 826 4220 ammiratione
848 4164 875 4220 Ι)
961 4169 992 4219 24
1017 4182 1103 4235 pnmo
1122 4166 1156 4220 θ’
1242 4173 1274 4224 25
1300 4176 1372 4236 eum]

194 4257 281 4316 cml)
