2834 5394
170 258 234 321 360
654 269 746 317 imni
767 268 841 315 xvii

170 425 294 490 iaciunt
316 423 542 507 imperatorem
564 440 604 487 eo
626 420 712 504 quod
734 430 843 485 teneat
864 419 983 502 dogma
1005 421 1160 504 ipsorum.
1204 440 1266 487 nos
1287 441 1345 485 au·

170 542 234 599 teni
255 553 427 619 possumus
458 552 517 616 per
549 530 713 596 orationes
746 538 875 596 nostras
908 529 1047 595 suadere
1080 529 1165 614 patri
1197 538 1254 595 tuo
1284 531 1345 596 ah

170 643 355 709 renuntiare
377 643 512 726 imperio
534 649 566 707 et
587 649 620 706 te
641 659 831 725 promouere
854 648 888 703 ut
903 639 1022 721 ubique
1037 640 1207 705 confirmes
1222 638 1345 722 dogma

172 752 453 818 Manichaeorum!
488 753 543 836 qui
565 750 749 834 repromisit
770 750 831 814 hoc
852 749 958 814 tacere
980 751 1008 815 si
1031 751 1233 834 imperasset.
1269 770 1341 814 cuni

170 871 277 929 autem
299 862 380 928 haec
402 861 552 928 Cahades
574 861 790 942 cognouisset,
819 859 915 925 iussit
941 872 1133 925 conuentum
1154 861 1225 925 fieri
1247 861 1374 943 quasit

170 974 312 1039 facturus
341 972 441 1036 filiuni
470 991 563 1037 suuni
586 970 808 1036 Pthasuarsan
836 971 1061 1054 imperatorem
1090 990 1203 1036 ornnes
1225 970 1342 1037 iubens

169 1081 377 1148 Manichacos
404 1099 470 1145 una
498 1100 569 1146 cuin
599 1081 753 1164 episcopo
780 1099 889 1145 comm
912 1088 944 1146 et
967 1081 1156 1146 mulieribus
1178 1088 1210 1144 et
1230 1080 1343 1147 liberis

169 1190 286 1257 adesse
308 1190 490 1270 concentui,
513 1191 660 1255 similiter
683 1202 714 1255 ct
736 1190 915 1273 principem
937 1210 1104 1273 magorum
1120 1188 1289 1256 Glonazcn
1311 1198 1345 1255 ct

169 1321 282 1384 magos
304 1306 336 1366 ct
357 1300 612 1367 Christianorum
642 1300 829 1384 episcopum
852 1301 1025 1364 Boazanen
1055 1300 1206 1364 dilectum
1235 1321 1256 1365 a
1278 1299 1340 1365 Ca·

168 1409 254 1476 hade
276 1418 386 1495 utpote
408 1410 567 1475 medicum
589 1410 754 1494 optimum.
798 1417 830 1473 ct
850 1410 1036 1474 conuocatis
1062 1409 1263 1476 llanichaeis
1295 1411 1344 1475 ait
1361 1419 1392 1467 ltl

170 1519 306 1604 ‘gaudeo
334 1540 431 1605 super
460 1521 610 1604 dogmate
640 1528 749 1586 uestro
778 1527 809 1584 et
839 1520 912 1584 uolo
942 1519 1020 1584 dare
1043 1518 1118 1583 durn
1141 1519 1217 1583 uiuo
1238 1519 1342 1584 filium

170 1649 276 1696 meum
298 1630 520 1697 l‘thasuarsan
542 1637 577 1696 ut
604 1640 856 1696 consentaneum
889 1637 1042 1709 uestrum,
1080 1629 1138 1695 sed
1171 1639 1343 1713 segregate

169 1747 293 1806 uosmet
324 1740 414 1824 ipsos
447 1742 489 1804 ad
522 1738 742 1824 recipiendum
775 1739 868 1805 eum!
910 1739 964 1822 qui
994 1739 1066 1804 sreti
1095 1738 1213 1803 fiducia
1241 1747 1344 1804 semet

168 1849 258 1933 ipsos
292 1856 554 1931 segregauerunt.
609 1847 759 1913 sahades
801 1855 908 1914 autern
941 1849 1147 1933 praecipiens
1179 1849 1342 1915 exercitus

169 1976 246 2023 suos
269 1957 395 2041 ingredi
417 1978 529 2024 omnes
551 1958 690 2023 concidit
711 1958 830 2041 gladiis
852 1978 923 2022 cum
946 1959 1098 2043 episcopo
1121 1960 1264 2043 ipsorum
1281 1959 1342 2025 suh
1362 1973 1391 2022 15

169 2075 343 2150 conspectu
365 2067 521 2153 principis
542 2087 709 2152 magorum
730 2075 762 2133 et
784 2067 1040 2133 Christianorum
1063 2068 1227 2134 antistitis.

48 2174 150 2241 XXII
256 2176 358 2260 Igitur
380 2196 451 2242 cuni
473 2185 578 2243 terrac
601 2184 705 2244 motus
727 2177 816 2262 apud
829 2176 1033 2242 Antiochiam
1046 2177 1153 2243 adhuc
1168 2186 1341 2256 teneretur,

168 2285 371 2372 Euphrasius
400 2287 572 2372 episcopus
600 2287 734 2353 obrutus
765 2294 817 2353 est
846 2306 866 2351 a
894 2294 999 2353 terrae
1028 2294 1114 2351 motu
1144 2295 1175 2352 et
1197 2295 1342 2353 mortuus

168 2404 218 2465 cit
245 2404 277 2463 et
306 2398 411 2464 onmis
439 2397 554 2464 doinus
583 2405 615 2463 ct
644 2398 784 2463 ccclesia
805 2395 920 2462 cecidit
942 2404 973 2461 et
996 2396 1177 2481 pulcritudo
1199 2397 1342 2463 ciuitatis

168 2509 381 2574 exterminata
403 2514 463 2574 cst.
507 2528 572 2573 non
601 2509 686 2573 enim
714 2508 800 2573 sacta
828 2513 877 2573 cst
905 2506 982 2572 talis
1011 2507 1168 2573 diuinitus
1198 2507 1277 2571 ultio
1306 2509 1341 2572 in
1359 2520 1393 2569 aa

168 2618 235 2683 alia
256 2619 388 2684 ciuitate
415 2637 473 2702 per
503 2637 614 2684 omnes
642 2617 879 2701 generationes.
923 2623 957 2680 at
978 2616 1145 2700 piissimus
1167 2617 1342 2701 imperator

167 2727 310 2792 Iustinus
333 2727 384 2792 his
407 2727 544 2809 cognitis
566 2728 737 2812 plurimum
761 2726 869 2791 animo
892 2724 994 2789 doluit
1017 2726 1062 2790 ita
1086 2733 1119 2790 ut
1142 2726 1251 2791 ablato
1273 2725 1341 2790 dia-

167 2835 295 2901 demate
317 2856 337 2900 a
358 2836 463 2919 capite
492 2856 550 2902 suo
579 2843 611 2901 ct
638 2855 790 2920 purpura.
813 2836 936 2917 lugeret
963 2836 996 2899 in
1026 2856 1119 2901 sacco
1142 2835 1260 2902 sedens
1282 2855 1340 2919 per

167 2944 238 3012 dies
261 2946 386 3028 multos,
417 2946 498 3010 adeo
521 2951 554 3009 ut
577 2946 611 3009 in
633 2944 686 3009 dic
709 2944 790 3010 sesto
812 2943 992 3028 procedens
1015 2944 1057 3009 ad
1080 2947 1250 3012 ecclesiam
1273 2965 1338 3010 non

166 3076 283 3139 passus
316 3056 358 3119 sit
391 3062 518 3138 portare
551 3073 701 3118 coronam
735 3055 787 3118 uel
820 3053 1035 3138 chlamydem.
1094 3076 1188 3140 porro
1225 3075 1338 3122 mense
1356 3072 1390 3121 25

165 3163 270 3247 Aprili
292 3161 436 3228 eiusdem
459 3164 592 3246 quintae
613 3162 800 3228 indictionis
823 3169 975 3246 aegrotus
999 3165 1174 3248 imperator
1195 3166 1339 3231 lustinus

167 3270 298 3338 effectus
329 3272 478 3355 prouexit
506 3270 581 3335 duni
612 3271 716 3337 adhuc
740 3272 863 3337 uiueret
886 3273 918 3336 in
941 3273 1167 3358 imperatorem
1190 3275 1340 3340 Iustinia-

166 3402 242 3447 num
265 3381 384 3448 sororis
407 3400 486 3447 snae
508 3381 610 3446 filiurn
632 3382 687 3465 qui
710 3389 741 3447 et
763 3382 972 3467 coimperauit
1001 3384 1030 3447 ci
1060 3385 1225 3450 mensibus
1248 3393 1341 3468 quat-

166 3499 246 3558 tuor.
291 3510 402 3557 mense
425 3499 531 3556 antem
554 3492 699 3575 Augusto
729 3491 874 3558 eiusdem
905 3492 1036 3576 quintae
1065 3491 1268 3575 indictionis>
1291 3493 1340 3558 Iu-

166 3602 269 3669 stinus
292 3601 372 3665 obiit
394 3601 481 3686 apud
497 3601 809 3685 Constantinopolim
826 3621 897 3666 cum
913 3603 1125 3687 Augustalcm
1148 3602 1339 3685 dignitatem
1355 3619 1391 3670 ao

166 3712 261 3778 annis
283 3712 433 3778 undecim
455 3710 725 3779 administrasset.

171 3850 224 3858 -.

233 3929 505 3984 tabrenunciareD
591 3923 797 3983 lmanicheoru'
817 3927 844 3982 Ι)
929 3927 1125 3982 tliabadesli
1212 3928 1343 3983 sinueris

165 4021 320 4075 manicheos
336 4021 362 4077 Ι)
431 4016 627 4091 sprintipiD
695 4019 879 4075 thabadeD
951 4024 981 4074 11)
1000 4020 1146 4074 manicheis
1162 4021 1187 4075 I)
1251 4026 1279 4074 11
1300 4022 1339 4075 sc·

164 4121 331 4182 gegauerunt
349 4113 387 4167 D¹
473 4113 656 4167 liarhadesll
750 4116 780 4165 18
799 4110 972 4165 eufrasiusI)
1063 4113 1177 4167 11111)
1245 4118 1278 4167 23
1296 4115 1338 4167 lu·

164 4220 226 4272 gere
244 4206 270 4260 1)
355 4210 386 4260 25
407 4200 518 4262 clamide
536 4205 562 4260 1)
651 4208 684 4258 29
702 4202 818 4257 lustinus
836 4234 865 4244 -
885 4209 914 4258 :ll
936 4206 1150 4260 ammimstrasset
1167 4212 1198 4258 ut
1215 4207 1242 4259 ia
1261 4213 1338 4259 tertii

164 4303 227 4350 suut
241 4297 282 4352 I).-
309 4298 346 4351 At
363 4313 427 4352 uero
446 4300 561 4352 rustinus
577 4313 638 4351 cum
653 4297 657 4367 1
673 4293 812 4363 angustale
829 4294 958 4365 digmtate
976 4298 1055 4351 annis
1069 4315 1101 4351 xr
1119 4299 1339 4366 ammifnistrasssr

165 4388 237 4458 apud
256 4390 508 4458 contantinopolim
527 4407 554 4444 in
571 4390 575 4458 l
590 4404 657 4459 pace
676 4394 779 4457 quieuit
797 4387 824 4442 Β
876 4394 904 4443 31
928 4392 1144 4445 amministrasset
1163 4391 1216 4444 BI}
1269 4390 1340 4446 riilii'l
