2834 5394
592 672 665 721 cnr.
688 673 834 720 nun-xv
1218 659 1277 720 251

200 825 320 891 Interea
340 830 445 891 mater
465 826 669 912 imperatoris
691 827 816 893 Helena
842 827 971 893 nornine
1000 826 1034 892 in
1063 826 1184 893 somnis
1214 824 1272 889 ad·
1294 826 1355 890 XV

143 935 234 1000 nomta
257 935 514 1021 Hierosolymam
542 938 729 1023 properauit
756 945 787 1003 ct
816 939 997 1022 sepulerum
1027 936 1157 1018 Christi,
1194 935 1280 1019 quod

148 1044 199 1109 ticet
213 1045 388 1112 diffieilhure
409 1054 519 1113 tamen
541 1047 672 1130 inuenit,
701 1047 850 1114 sordibus
877 1054 1060 1132 coopertura
1088 1054 1120 1111 et
1142 1045 1280 1130 desuper

153 1155 264 1238 tenplum
276 1157 414 1223 Veneris
425 1157 637 1237 aedificatum,
660 1158 715 1222 ubi
737 1159 879 1241 uirgines
902 1158 1049 1223 cantibus
1072 1156 1279 1238 insultabant,

133 1269 271 1353 ipraeeepit
292 1267 416 1334 destrui
438 1268 718 1334 sceleratissimum
742 1270 894 1353 ternplum
923 1269 1092 1353 ipsumque
1114 1269 1279 1353 puluerem

155 1378 250 1444 innatis
267 1378 435 1444 sacrificiis
456 1378 610 1443 uiolatum
639 1378 700 1444 eici
729 1386 761 1443 et
789 1380 900 1462 proeut
929 1400 950 1444 a
972 1380 1102 1445 ciuitate
1125 1380 1278 1464 dispergi.

154 1487 203 1551 enin
216 1488 306 1553 locum
329 1488 462 1573 purgari
491 1488 705 1573 praecipiens,
743 1489 849 1553 statim
881 1491 988 1573 palam
1017 1489 1138 1555 domini
1167 1511 1277 1555 monu-

153 1606 252 1664 neuun
270 1598 430 1684 apparuit.
474 1606 693 1683 apparuerunt
726 1606 757 1664 et
789 1601 874 1664 eirea
906 1599 985 1664 iliud
1019 1600 1176 1666 suffossae
1210 1607 1276 1665 tres

152 1726 227 1775 cruces
244 1718 270 1775 et
290 1710 384 1791 claui,
408 1709 502 1775 simul
518 1717 549 1774 ot
563 1710 672 1773 titulus
688 1709 802 1774 litteris
818 1709 975 1775 Hebraeis
992 1711 1124 1775 Graecis
1139 1711 1277 1777 Latinis-
1321 1766 1324 1772 .

115 1821 194 1900 itque
215 1820 400 1903 conscriptus
436 1816 536 1884 ‘Iesus
570 1820 760 1885 Nazarenus
797 1838 855 1884 ren
891 1818 1100 1885 Iudaeorum'.
1159 1820 1275 1885 dieitur

150 1934 225 1993 auhn
241 1930 311 2011 quia
332 1930 430 1995 etiam
452 1936 594 1994 mortuus
616 1931 718 1994 crucis
739 1937 826 1994 tactu
848 1930 995 1995 surrexit.
1041 1930 1081 1995 de
1104 1930 1165 1994 hoe
1187 1931 1275 2014 ligno

149 2035 239 2120 Sibylla
256 2039 334 2105 dixit
355 2038 443 2124 apud
465 2041 615 2123 Paganes
638 2040 667 2105 ‘o
691 2048 740 2106 tcr
761 2041 889 2106 beatum
912 2041 1033 2124 lignum
1056 2041 1090 2104 in
1112 2061 1174 2122 quo
1197 2040 1276 2107 deus

149 2152 260 2217 eremus
280 2150 346 2216 est’.
390 2157 466 2214 tune
487 2170 564 2233 ergo
588 2171 670 2235 quae
692 2170 769 2215 crux
791 2158 876 2217 esset
906 2151 1037 2234 domini,
1072 2171 1155 2233 quae
1183 2152 1280 2216 tatro-

149 2275 203 2320 nun
221 2260 358 2326 dubitare
386 2267 568 2345 coeperunt.
618 2262 755 2347 proinde
784 2262 943 2327 Macarius
976 2263 1115 2328 ciuitatis
1151 2263 1281 2347 praesul

110 2362 216 2435 ¹⁵hcine
236 2370 316 2436 nodi
344 2378 481 2436 tractatu
509 2370 740 2437 dubitationem
770 2373 873 2438 soluit.
917 2375 1043 2439 mulieri
1065 2392 1204 2457 namque
1226 2392 1280 2437 no·

148 2471 237 2545 bilitate
254 2482 358 2546 clarae
380 2482 477 2564 longa
498 2480 700 2564 aegritudine
715 2483 868 2564 fatigatae
884 2506 981 2549 unarn
995 2485 1122 2549 illarum
1138 2485 1278 2548 crucium

148 2592 343 2656 temeratione
366 2591 606 2676 promptissima
627 2592 786 2658 adhibens
809 2594 957 2659 uirtutem
980 2596 1150 2661 saluatoris
1178 2615 1277 2676 agno·

150 2694 188 2758 uit.
217 2702 387 2767 nonenim
409 2710 442 2766 ut
464 2702 631 2767 mutierem
652 2722 729 2767 crux
745 2704 850 2787 attigit
868 2704 1050 2787 passionem
1066 2705 1277 2770 serenissimae

148 2807 316 2887 argntudnis
344 2812 497 2895 effugabit
526 2818 558 2876 et
586 2812 726 2877 feminae
755 2815 891 2878 salutem
920 2815 1066 2879 restituit.
1112 2813 1276 2878 decianis

109 2914 140 2965 2⁰
150 2914 241 2995 qudem
259 2923 374 3006 quibus
389 2942 503 2986 mannus
518 2921 636 2986 Christi
651 2923 776 2988 inerant
791 2925 982 3007 perforatae,
1007 2924 1087 2987 alios
1102 2924 1134 2987 in
1149 2924 1277 3006 galeam

149 3022 209 3091 nisit
227 3030 437 3116 imperatoris,
474 3031 532 3095 filii
560 3033 675 3116 capitis
704 3033 940 3116 prouidentiam
968 3054 1085 3117 gorens
1113 3040 1147 3097 ut
1174 3034 1280 3097 iacula

150 3129 230 3203 bellica
247 3142 457 3222 submoueret,
486 3143 567 3207 alios
595 3143 686 3208 freno
714 3144 830 3226 equino
853 3145 1038 3227 permiscuit
1065 3152 1096 3209 et
1124 3144 1280 3209 candelam

150 3238 308 3327 hantone
335 3272 437 3335 agens
466 3259 498 3317 et
526 3260 666 3318 ueterem
697 3253 932 3338 philosophiam
964 3254 1156 3339 adimplens.
1203 3255 1279 3318 olim

150 3353 209 3419 enin
229 3361 396 3427 Zacharias
423 3364 618 3426 elamauerat
646 3363 805 3447 propheta
831 3364 940 3429 dicens
972 3364 1013 3428 ‘et
1041 3365 1101 3429 erit
1129 3363 1215 3445 (puod
1244 3363 1279 3428 in

115 3458 212 3529 &freno
228 3479 270 3537 est
290 3481 435 3538 sanetum
457 3471 586 3536 domino
609 3473 836 3557 omnipotenti.
880 3476 1051 3539 saluatoris
1074 3494 1150 3539 uero
1173 3473 1277 3539 erucis

151 3581 238 3651 baden
257 3583 386 3666 quidem
407 3583 549 3666 aliquam
570 3582 636 3647 filio
659 3583 821 3647 distribuit
843 3606 938 3667 anruru
955 3583 1186 3650 Constantinus
1210 3604 1279 3650 sus·

152 3678 236 3762 apim
261 3700 291 3758 et
318 3691 454 3758 eredens
484 3693 603 3757 saluari
625 3693 788 3758 ciuitatem
817 3694 870 3757 ubi
893 3694 974 3758 haec
995 3695 1151 3778 particula
1174 3714 1281 3760 serua-

152 3804 210 3859 ntur
225 3800 251 3867 in
272 3824 331 3869 sua
353 3808 458 3867 statua
486 3804 567 3869 siout
595 3804 693 3868 fertur
722 3804 755 3867 in
787 3804 854 3868 tero
876 3803 1079 3869 Constantini
1102 3805 1205 3888 posita
1229 3825 1279 3869 su-

153 3914 190 3977 bt
204 3911 368 3979 columnam
390 3912 650 3998 porphyreticam
674 3914 713 3978 de
737 3922 810 3978 uoto
832 3914 984 3979 condidit.
1030 3914 1186 3997 reliquam
1204 3934 1280 3978 uero

121 4006 236 4087 ”bidem
264 4024 297 4088 in
328 4029 484 4107 argentea
515 4021 609 4087 theca
641 4025 782 4088 clrnusam
806 4025 945 4089 manuario
980 4025 1117 4088 ciuitatis
1148 4022 1281 4087 tradidit

152 4127 268 4197 8tttttrdoti
286 4140 319 4198 et
341 4133 482 4217 undique
504 4152 704 4217 congregans
727 4135 865 4201 artifices
882 4135 1039 4199 maximas
1054 4133 1120 4199 illie
1135 4139 1279 4196 eruentae·

155 4242 195 4305 (ΨΘ
210 4241 378 4309 aedifioauit
400 4243 561 4309 ecelesias.

154 4395 414 4431 χ--.

200 4522 1283 4597 lmmdtmfflfflpfflmbmmmDfiffiOE

154 4601 205 4659 5⁰
271 4619 452 4675 bhwmdd
540 4621 673 4675 routh
761 4621 985 4690 itoemmmd
1073 4620 1282 4687 tthmeD

154 4693 354 4849 meb
441 4713 840 4782 Nmmhdmst
921 4712 1283 4784 ffimthmm

180 4802 285 4861 mm
