2834 5394
518 671 593 720 cur.
615 671 886 719 xxxllll-xxxvl
1227 656 1289 718 267

154 824 300 910 peregrinis
321 821 607 908 indigentibusque
628 823 790 890 distribui.
834 831 927 910 turpe
950 842 1090 907 namque
1112 830 1163 890 est
1184 828 1219 888 ut
1240 822 1291 886 Iu·

154 934 228 1001 docos
244 932 373 1019 quidem
401 953 465 999 noo
493 933 638 999 abiciant
660 934 719 1001 sed
740 935 847 1019 potius
869 935 1014 1000 nutriant
1035 934 1127 1018 impii
1149 933 1289 1000 Galilaei

153 1050 252 1112 ctsnos
272 1043 396 1129 pariter
417 1062 562 1110 necnon
585 1045 682 1111 etiam
711 1052 848 1127 nostros,
877 1044 979 1111 nostri
1007 1063 1083 1108 uero
1111 1051 1290 1110 nostrorum

154 1155 243 1221 solacio
263 1155 463 1221 deserantur.
507 1161 703 1240 quapropter
731 1154 811 1221 doce
841 1155 938 1221 etiam
967 1154 1154 1220 collationes
1183 1153 1290 1218 iecere

128 1264 272 1348 ePtgauos
292 1263 337 1329 od
358 1264 439 1329 talia
466 1265 648 1331 ministeria
668 1266 938 1349 Pnganorumque
968 1265 1056 1329 uicos
1084 1264 1198 1329 offerre
1226 1261 1290 1329 diis

155 1374 282 1459 primitius
302 1374 429 1457 frugum
450 1393 571 1456 eosque
593 1373 795 1441 huiusmodi
817 1375 995 1441 benefactis
1017 1374 1149 1441 institue
1171 1372 1291 1439 docens

152 1503 195 1550 eos
210 1484 260 1550 loo
279 1504 363 1569 opus
384 1484 460 1549 olim
484 1484 584 1551 tuisse
606 1493 797 1552 nostrorum.
841 1485 1000 1550 Homerus
1028 1485 1113 1549 enim
1136 1483 1198 1549 hoc
1219 1502 1291 1568 pro-

153 1592 196 1658 bet
214 1593 411 1661 introducens
440 1595 617 1660 Eumaeum
646 1596 727 1660 talia
765 1596 945 1660 facientem.
989 1615 1049 1660 nos
1080 1614 1156 1678 ergo
1187 1611 1291 1677 neque

151 1702 216 1771 bono
231 1710 409 1773 nostrorum
430 1704 594 1769 imitamur
615 1703 674 1770 sed
695 1704 769 1770 aliis
792 1705 983 1770 remittimus
1005 1705 1211 1787 neglegentia
1226 1723 1291 1768 non
1320 1760 1323 1766 ,

116 1814 256 1899 stanni,
284 1815 389 1898 magis
410 1822 517 1879 sutem
539 1814 672 1880 deorum
694 1815 910 1880 reuerentiam
939 1821 1137 1897 respuentes.
1183 1815 1211 1879 si
1234 1813 1292 1896 igi-

152 1926 192 1987 tur
206 1923 274 1991 baec
294 1932 328 1990 tc
349 1925 519 1990 facientem
542 1944 603 2008 ego
618 1944 808 2009 cognouere,
831 1925 957 1991 laetitia
971 1925 1086 2007 plenus
1102 1943 1167 1988 ero.
1201 1941 1293 2006 prae·

152 2030 217 2101 sides
234 2036 471 2121 prouinciarum
493 2036 599 2101 rarius
620 2035 707 2100 dorni
730 2036 868 2119 suscipe,
892 2035 1075 2118 frequenter
1098 2034 1146 2098 eis
1169 2034 1290 2117 scripte

151 2146 312 2211 musmitte.
363 2144 619 2228 ingredientibus
652 2145 701 2211 eis
733 2145 897 2210 ciuitatem
938 2143 1141 2211 sacerdotum
1181 2144 1290 2208 nullus

152 2263 275 2321 cannot.
318 2273 455 2337 cumque
476 2253 518 2319 ad
541 2256 663 2339 templa
684 2256 833 2321 uenerint
848 2254 989 2335 deorum,
1014 2256 1098 2319 intra
1113 2256 1229 2319 ianuas
1245 2253 1292 2319 eis

117 2382 140 2432 n
152 2378 221 2429 neno
238 2364 413 2450 praecedat
435 2364 570 2428 militum
592 2372 649 2429 aut
670 2365 749 2431 torte
765 2364 1026 2449 praecedentium
1042 2365 1217 2429 officiorum
1234 2361 1291 2429 sed

151 2472 190 2552 qui
206 2474 336 2540 uoluerit
357 2473 581 2555 subsequatur.
625 2494 697 2539 oum
730 2474 899 2559 adipsum
922 2476 1022 2540 limen
1044 2476 1157 2561 templi
1179 2492 1291 2559 perue-

150 2582 219 2663 nerit
236 2587 384 2669 priuatus
407 2585 534 2650 existat.
577 2592 611 2650 tu
645 2585 731 2650 enim
765 2586 847 2650 sicut
878 2585 963 2650 nosti
994 2585 1080 2649 intus
1114 2604 1149 2649 es
1183 2582 1292 2649 iudex.

151 2685 194 2755 lm
210 2696 291 2760 euim
313 2695 410 2760 etiam
433 2713 526 2760 sacra
548 2696 672 2761 sanctio
694 2695 823 2760 uidetur
844 2694 982 2778 exigere.
1006 2693 1214 2759 oboedientes
1237 2695 1295 2776 igi-

151 2803 187 2865 tur
210 2825 261 2888 pro
294 2805 430 2870 ueritate
463 2805 509 2889 pii
541 2812 624 2887 sunt,
663 2806 856 2870 reluctantes
886 2824 991 2869 uanae
1013 2805 1137 2887 gloriae
1159 2804 1294 2887 compri-

116 2920 258 2979 nnannr.
304 2913 382 2998 quid
404 2915 489 2979 enim
512 2916 654 2999 patiatur
682 2922 736 2979 aut
766 2914 851 2998 qnod
880 2922 1040 2978 mercatur
1062 2915 1217 2978 auxilium
1240 2914 1296 2996 qui

152 3030 256 3089 nobem
280 3023 412 3090 deorum
436 3025 607 3109 propitiam
631 3025 751 3090 habere
772 3024 935 3090 noluerit?
979 3025 1033 3107 qui
1056 3043 1132 3107 ergo
1151 3043 1222 3088 eam
1238 3043 1291 3088 ne-

152 3129 291 3216 glererint,
315 3154 380 3199 nou
403 3136 505 3200 solum
528 3136 599 3201 siue
622 3136 754 3218 querela
775 3155 840 3199 non
863 3142 956 3199 erunt
976 3134 1033 3199 secl
1050 3135 1146 3198 otiam
1163 3141 1293 3199 nostrae

151 3235 356 3327 indignationis
379 3245 531 3330 impetum
555 3246 766 3311 sustinebunt.
811 3264 916 3327 neque
939 3245 1025 3309 enim
1048 3246 1097 3309 ias
1120 3252 1168 3311 ost
1192 3251 1224 3308 ut
1246 3245 1295 3309 illi

153 3362 274 3430 mratm
295 3355 350 3438 qui
373 3354 452 3421 deos
474 3355 623 3420 habuerit
645 3356 802 3420 inimicos.
848 3353 949 3419 surade
978 3357 1006 3420 ei
1029 3353 1159 3437 quidem
1191 3356 1239 3419 cis
1263 3362 1296 3418 ut

118 3457 175 3524 itti
190 3482 249 3530 nea
270 3464 431 3529 uoluerint
452 3465 513 3529 frui
542 3465 685 3546 tuitione,
715 3485 827 3530 omnes
855 3465 949 3529 matri
979 3464 1110 3529 deorum
1141 3464 1295 3530 studeant

155 3566 242 3639 offerre
263 3575 436 3640 culturam’.

215 3682 297 3750 Haec
318 3686 428 3768 itaque
449 3685 571 3752 iaciens
593 3687 766 3770 imperator
794 3684 836 3749 ad
859 3683 1107 3752 destructionem
1139 3685 1296 3754 Olrristia·
1306 3691 1406 3758 XXX

155 3804 239 3859 nomm
259 3813 365 3878 neque
386 3795 539 3861 subiectis
560 3795 743 3880 praeualuit
772 3802 803 3859 ot
831 3802 942 3879 aperte
971 3796 1036 3860 uim
1064 3797 1183 3863 interro
1206 3798 1295 3863 Clui-

158 3895 243 3970 stianis
262 3906 372 3990 palam
394 3905 531 3972 erubuit.
575 3906 658 3971 inter
685 3904 767 3970 haec
795 3913 829 3970 ut
858 3905 899 3970 ad
923 3907 1146 3989 Paganitatem
1177 3910 1296 3975 milites

124 3999 356 4096 ³iibsuescerent
387 4015 509 4080 studuit
531 4015 572 4080 ad
595 4016 735 4099 priscum
759 4016 889 4080 schema
911 4017 1088 4081 reformare
1111 4019 1238 4101 signum
1261 4019 1297 4082 il·

159 4111 198 4182 lud
219 4123 359 4190 lubarum
387 4124 557 4191 sublimius
583 4127 809 4205 Romanorum,
847 4125 933 4209 qrrod
956 4125 1187 4194 Constantinus
1217 4129 1299 4194 siout

160 4231 327 4305 irtediotum
349 4235 454 4301 estin
477 4236 580 4302 crucis
603 4236 736 4301 formam
759 4242 948 4301 mutauerat.
993 4257 1103 4303 uerum
1133 4238 1167 4303 in
1196 4238 1300 4323 publi·

160 4332 193 4400 tit
207 4340 393 4428 imaginibus
414 4344 612 4429 depingebat
632 4346 742 4411 Iouem
765 4347 857 4430 quasi
882 4345 922 4412 de
943 4349 1033 4413 caelo
1062 4347 1125 4413 sibi
1147 4367 1297 4414 coronam

209 4518 361 4588 {peregrum
378 4519 405 4575 Ι)
472 4520 647 4575 tiolatroll
698 4521 930 4576 collocationeil)
999 4521 1154 4576 trioboli
1218 4529 1299 4579 fleu·

160 4611 284 4667 ummo
388 4616 418 4666 to
445 4614 645 4668 reuerentrall
751 4619 779 4668 12
808 4616 939 4682 inserpere
957 4614 983 4668 D
1088 4620 1118 4669 lt
1137 4621 1256 4670 occurrit
1275 4617 1303 4673 l)

162 4694 321 4760 litores-aut
338 4703 366 4761 Ι)
423 4712 455 4761 18
473 4722 546 4762 extre
563 4707 759 4762 obedientsil)
811 4712 843 4761 tt
862 4707 1064 4776 parcereturll
1134 4713 1167 4763 29
1187 4710 1298 4766 subdere

160 4784 294 4853 iubrecnill
362 4803 395 4854 30
411 4800 616 4857 uiuesceretll
