2834 5394
178 274 242 337 410
651 287 744 337 nrum
765 287 866 336 xvuu

176 445 289 523 gastus
317 446 349 504 et
377 439 518 503 moritur.
562 446 769 506 transeuntes
796 447 904 507 autem
927 441 1063 506 Romani
1092 439 1249 526 praedam
1272 444 1355 507 mul·

177 556 243 615 tam
265 555 420 635 oeperunt
441 556 473 615 et
495 548 537 614 ad
560 549 692 635 propria
707 557 889 615 remearunt
904 550 1150 634 errantibusque
1165 550 1353 619 ductoribus

176 660 264 726 ‹tt-in
287 659 446 743 inaquosa
467 657 683 727 incidentibus
706 660 777 725 loca
798 660 1042 744 periclitabatur
1056 660 1226 727 exercitus.
1255 680 1352 747 porro

176 787 247 834 eum
270 768 329 835 iter
351 776 496 853 agerent,
532 776 628 835 noctu
660 769 794 836 ueniunt
821 769 865 835 ad
887 789 1015 835 amnem
1037 770 1196 849 Heliciam
1219 771 1350 837 dictum.
1399 840 1406 849 ,

176 898 247 945 cum
270 899 347 946 uero
369 879 458 946 dumi
486 886 576 947 tram
603 880 718 946 fretum
746 879 888 948 fluminis
917 887 1035 952 essent.
1073 880 1205 946 barbari
1232 881 1267 947 iu
1299 882 1382 949 hiso

174 989 356 1057 absconditi
389 1008 447 1056 eos
479 990 534 1073 qui
566 989 760 1056 hauriebant
789 1010 907 1075 aquam
939 990 1173 1056 iaculabantur.
1230 1011 1351 1075 magna

174 1099 273 1183 igitur
293 1100 444 1167 molestia
463 1099 625 1165 Romaicis
648 1099 764 1165 effectu
786 1101 909 1167 militiis
937 1100 970 1165 in
1000 1101 1121 1182 fugam·
1138 1108 1308 1166 uertuntur
1329 1121 1350 1166 a

175 1208 324 1277 barbaris
347 1209 510 1276 debellati.
556 1228 667 1274 uerum
688 1210 863 1277 Mauricius
886 1210 938 1277 his
960 1210 1079 1275 auditis
1103 1211 1233 1275 Petrum
1255 1231 1348 1295 prae-

174 1326 248 1385 tura
268 1319 410 1405 priuauit
432 1328 464 1386 et
484 1320 629 1387 Priscum
651 1327 832 1405 praetorem
855 1320 981 1386 Thrace
1004 1320 1109 1384 dcnuo
1131 1320 1229 1385 misit.

24 1420 155 1491 XXXV
260 1430 355 1496 Anno
376 1430 502 1516 imperii
518 1430 664 1496 llaurieii
687 1437 779 1496 sento
801 1430 925 1496 decimo
942 1431 1071 1496 Priscus
1094 1437 1225 1514 praetor
1240 1449 1349 1515 egres·
1367 1442 1393 1491 ro

174 1560 230 1608 sus
250 1540 285 1607 in
308 1540 466 1606 Thracem
489 1541 624 1606 uirtutes
647 1540 848 1606 enumerauit
870 1541 1029 1607 exercitus
1061 1548 1092 1605 et
1116 1540 1240 1604 inuenit
1261 1539 1348 1622 quod

173 1670 215 1717 ex
242 1651 291 1718 eis
319 1651 416 1717 luerit
437 1648 606 1715 multitudo
629 1657 828 1734 consumpta.
874 1648 926 1716 bis
955 1656 1062 1715 autom
1093 1650 1230 1734 sumptis
1258 1651 1349 1716 uenit

173 1760 217 1827 ad
238 1760 357 1827 flumen
378 1760 523 1826 Histrum
552 1767 584 1825 et
605 1760 726 1826 Nonas.
758 1756 834 1844 'quo
862 1760 991 1843 cognito
1024 1760 1190 1826 Chaianus
1220 1761 1346 1843 legatos

173 1872 270 1952 misit,
308 1889 440 1937 causam
468 1869 571 1953 ipsius
594 1870 775 1936 sciscitatus
798 1870 969 1935 aduentus.
1013 1871 1141 1937 Priscus
1164 1877 1272 1936 autem
1295 1889 1347 1936 ue-

173 1980 314 2047 nationis
336 1998 372 2045 se
394 1978 524 2044 uenisse
545 1998 646 2046 causa
668 1979 836 2044 fatebatur.
874 1988 925 2045 ast
940 1979 1105 2044 Chaianus
1129 1982 1204 2046 ‘non
1228 1981 1346 2047 iustum
1364 1997 1392 2047 tc

173 2090 230 2156 est‘
250 2089 355 2172 inquit
377 2085 420 2152 ‘in
441 2088 550 2154 alieno
573 2090 642 2153 loco
664 2089 796 2153 denari!
839 2097 970 2154 econtra
992 2090 1121 2156 Priscus
1150 2111 1244 2156 suum
1272 2110 1346 2157 esse

174 2197 302 2265 dicebat
334 2198 438 2263 locum
472 2205 505 2264 et
536 2197 566 2264 ci
600 2197 708 2281 fugam
741 2219 782 2264 es
815 2200 937 2265 oriente
966 2199 1206 2284 improperabat
1227 2200 1345 2284 egisse.

173 2308 331 2375 barbarus
354 2315 461 2374 autem
477 2308 664 2392 Siggidonis
688 2329 777 2375 muro
801 2308 963 2374 destructo
985 2309 1027 2373 ad
1043 2310 1260 2375 Romanorum
1282 2317 1347 2377 ter-

172 2439 242 2485 ram
275 2419 435 2505 proiectus
469 2426 528 2485 est.
589 2439 652 2503 quo
685 2419 812 2502 cognito
843 2419 974 2485 Priscus
1007 2420 1096 2485 ucnit
1129 2419 1171 2483 ad
1205 2421 1345 2486 insulam

171 2530 274 2598 Histri
295 2537 327 2595 et
355 2528 564 2595 dromonibus
592 2529 727 2612 sumptis
756 2527 799 2594 ad
821 2527 1001 2594 Chaianum
1030 2529 1118 2614 apud
1140 2528 1345 2596 Constantio
1361 2545 1390 2594 au

173 2641 237 2704 lam
269 2640 359 2704 uenit
391 2640 504 2706 uolens
538 2660 609 2705 cum
633 2659 671 2704 oo
693 2639 790 2723 loqui.
835 2658 970 2722 cumque
992 2639 1158 2705 Chaianus
1188 2638 1230 2704 ad
1254 2660 1344 2705 oram

170 2748 312 2815 fluminis
342 2749 496 2829 uenisset,
525 2750 655 2816 Priscus
684 2749 785 2815 tristis
814 2750 996 2832 alloquitur.
1042 2749 1207 2815 Chaianus
1236 2757 1344 2815 autem

171 2857 252 2924 dixit
273 2856 316 2923 ad
339 2878 411 2923 eum
434 2858 521 2941 ‘quid
544 2859 603 2924 tibi
625 2859 736 2925 Prisce
757 2878 796 2923 ae
818 2866 922 2924 terrae
945 2862 1061 2924 rucac‘?
1097 2859 1236 2926 hancei
1259 2860 1343 2926 hunc

172 2968 220 3035 uis
248 2969 395 3053 accipere
422 2987 481 3052 per
510 2969 712 3034 mendacium
742 2988 782 3034 ex
812 2968 961 3033 umnibus
984 2970 1074 3034 meis.
1120 2969 1240 3035 iudicet
1262 2970 1342 3037 deus

170 3079 326 3143 interme
350 3085 382 3143 et
396 3078 584 3142 Mauricium
609 3078 834 3162 imperatorem
857 3085 889 3144 et
910 3080 1052 3162 requirat.
1075 3080 1266 3162 sanguinem
1289 3099 1343 3145 ex·
1360 3089 1391 3139 25

170 3187 288 3253 ercitus
302 3186 518 3251 Romanorum
541 3195 573 3252 ct
594 3189 753 3254 exercitus
776 3188 837 3252 moi
860 3187 901 3253 de
923 3189 1072 3253 munibus
1088 3190 1176 3255 eius’
1212 3198 1344 3255 econtra

171 3295 301 3362 Priscus
335 3295 562 3379 ‘Siggidonom'
594 3297 698 3381 inquit
732 3290 904 3363 ‘ciuitatem
939 3298 1039 3363 redde
1071 3300 1244 3365 Ronmanis!
1288 3302 1343 3381 qui

170 3406 217 3470 ait
244 3403 351 3472 ‘unam
380 3406 543 3471 ciuitatem
572 3407 709 3473 anobis
732 3408 858 3473 conaris
880 3409 1051 3492 accipere?
1108 3409 1236 3474 uidebis
1270 3418 1344 3495 post

171 3517 350 3602 paullulum
379 3516 613 3600 quinquaginta
641 3517 789 3584 ciuitates
811 3520 974 3584 Romanas
997 3519 1158 3584 ⁴duaribus
1188 3520 1344 3585 seruitute

236 3862 344 3917 5dumr
363 3862 426 3925 (DJ.-
444 3862 507 3917 dum
526 3862 553 3917 P
619 3861 887 3931 brugulabanturl)
955 3864 1135 3918 'tromarncrl
1151 3862 1177 3916 Ι)
1231 3868 1344 3918 ernau-

167 3954 238 4011 rrcnl
253 3954 280 4011 1)
348 3955 501 4010 9traceD
572 3961 601 4009 10
620 3955 734 4024 egressus
749 3962 843 4026 pretor
861 3972 889 4010 m
906 3956 1036 4011 trucelll
1106 3962 1134 4009 11
1156 3958 1345 4011 numeraurtl)

169 4052 199 4102 Π
219 4050 411 4118 inproperabat
428 4048 455 4104 Ι)
527 4053 555 4102 18
574 4049 710 4104 destructa
729 4055 758 4102 at
776 4049 831 4103 uid.
851 4049 884 4103 θ’
952 4054 984 4103 22
1003 4049 1153 4103 flumrmls*
1173 4048 1237 4113 (uid
1254 4050 1344 4119 fuisse

168 4140 259 4199 lcttI)
324 4141 419 4206 tristis]
438 4157 453 4196 e
470 4142 595 4196 transtris
614 4137 677 4203 (ἀπὸ
697 4144 745 4204 τῆς
762 4138 835 4208 νηός)
855 4157 892 4197 ex
911 4140 1073 4213 ramptano
1093 4144 1224 4200 Grutems
1310 4148 1343 4197 23

154 4234 252 4317 ’pmice
276 4234 406 4305 pmicel)
526 4240 558 4289 24
582 4235 745 4288 mendatium
763 4232 790 4288 Ι)
909 4237 1344 4307 taetarrrcroqmrstom.1)

167 4327 200 4377 ’26
218 4324 344 4381 manul)
445 4330 478 4381 ct
498 4326 711 4397 lrggrdononell
813 4330 847 4382 28
863 4332 955 4392 unam]
979 4328 1076 4384 toul)
1162 4331 1222 4400 post
1247 4347 1299 4386 om.
1318 4329 1345 4385 Β

167 4418 200 4469 29
218 4404 329 4485 pauldld
349 4417 481 4486 (paullum
498 4421 653 4492 serpiturus
668 4420 726 4489 sitit
743 4419 882 4485 librarius)
900 4420 927 4476 Ι)
