2834 5394
353 735 426 783 ear.
449 735 639 782 cvr-uvrru
681 736 774 783 maru
795 736 866 782 xxv
887 737 960 786 eae.
983 741 996 786 1
1200 724 1256 786 561

87 895 136 954 ste
159 886 272 952 tertiae
285 885 430 953 decimae
453 886 638 953 indictionis
660 888 760 954 exiuit
782 897 895 955 contra
909 891 1076 975 Bulgares‚
1100 892 1155 976 qui
1178 898 1261 958 atro

86 999 166 1062 citer
187 998 220 1061 in
243 997 390 1063 eruribus
413 996 569 1064 diuinitus
592 1005 641 1065 est
663 1019 845 1083 percussus,
869 1021 952 1083 quae
975 1001 1099 1068 Graece
1128 999 1263 1088 ἄνθραξ

87 1109 270 1193 appellatur
292 1114 324 1172 et
345 1107 421 1172 bine
444 1108 533 1173 febre
555 1109 760 1176 ualidissima
781 1116 813 1176 et
834 1110 968 1177 medicis
981 1119 1113 1197 propter
1126 1113 1259 1177 nimium

88 1218 270 1284 incendium
293 1218 406 1301 ignota
427 1217 576 1284 detentus
597 1219 837 1305 Arcadiopolim
866 1221 962 1286 rediit
990 1242 1010 1286 a
1033 1223 1186 1289 subiectis
1209 1244 1261 1289 su·

52 1343 148 1414 aper
182 1328 332 1394 humeros
364 1329 398 1393 in
431 1330 513 1393 lecto
537 1329 663 1396 delatus
685 1337 716 1394 ct
743 1332 878 1398 ueniens
902 1331 1114 1416 Selymbriam
1144 1353 1259 1398 nauem

89 1441 256 1522 ingressus
279 1447 337 1521 cst,
360 1458 496 1522 eumque
518 1439 560 1504 ad
582 1439 752 1505 rotundum
776 1442 978 1525 peruenisset
1001 1444 1178 1528 castellum,
1202 1445 1261 1508 mi·

88 1549 270 1615 serabiliter
292 1550 325 1614 in
349 1549 520 1614 chelandio
543 1551 676 1616 moritur
697 1551 843 1618 clamans
866 1560 898 1617 et
920 1551 1031 1618 dicens
1056 1551 1181 1619 ‘uiuens
1204 1553 1261 1618 ad-

87 1659 148 1723 buc
170 1659 238 1743 igni
265 1680 336 1726 sum
365 1660 603 1745 inextinguibili
631 1661 776 1728 traditus'
806 1670 1014 1746 sanctamque
1041 1664 1200 1746 uirginem
1230 1671 1262 1729 et

87 1768 140 1833 dei
161 1769 357 1853 genetricem
391 1768 517 1834 laurlari
551 1772 759 1856 expostulans
792 1791 863 1836 eum
897 1773 966 1838 sinc
996 1773 1126 1839 loedere
1155 1774 1260 1859 ipsius
1342 1820 1345 1827 -

41 1891 71 1940 ιο
88 1880 182 1945 luerit
203 1880 360 1946 inimicus.
406 1881 555 1963 regnauit
576 1887 681 1945 autem
705 1882 880 1964 imperator
901 1890 974 1967 post
995 1885 1097 1967 patris
1113 1884 1163 1949 sui
1179 1904 1261 1949 mor·

88 1999 152 2054 tem
185 1992 280 2056 annis
313 1990 447 2074 triginta
479 1997 630 2073 quattuor
661 1992 828 2059 mensibus
861 1992 986 2060 duobus
1008 1993 1123 2061 diebus
1146 1995 1260 2079 uiginti

90 2121 148 2168 serr
170 2100 268 2166 etita
289 2101 390 2166 uitam
414 2099 564 2168 dissoluit
586 2102 799 2185 sanguinibus
822 2104 930 2169 multis
959 2105 1095 2171 inlectus
1125 2112 1157 2170 et
1187 2104 1261 2171 dae-

89 2232 218 2277 monum
254 2211 513 2278 inuocationibus
545 2232 583 2276 ac
616 2212 793 2294 sacrificiis,
823 2215 1100 2296 persecutionibus
1135 2234 1261 2298 quoque

90 2329 271 2388 sanctarum
294 2322 503 2388 ecclesiarum
526 2330 696 2406 rectaeque
718 2342 756 2388 ac
779 2324 993 2389 immaculatae
1015 2323 1090 2389 fidei
1113 2344 1172 2390 nee
1194 2344 1260 2391 non

42 2440 71 2488 ¹5
89 2439 121 2498 ct
142 2431 370 2497 monachorum
392 2432 667 2517 peremptionibus
690 2441 722 2499 et
743 2433 972 2500 uiolationibus
994 2436 1261 2501 monasteriorum

89 2541 247 2627 malisque
279 2542 380 2608 uariis
414 2562 660 2627 supercrescens
690 2564 755 2608 nou
783 2544 890 2610 minus
919 2564 1015 2625 quam
1039 2546 1262 2613 Diocletianus

87 2654 141 2719 uel
164 2651 289 2737 antiqui
311 2654 450 2737 tyranni.

172 2765 347 2829 Praeterea
375 2763 486 2828 eodem
516 2783 601 2828 anno
630 2770 662 2828 et
690 2761 802 2828 codem
831 2783 942 2828 mense
965 2763 1099 2830 moritur
1121 2772 1151 2829 et
1171 2765 1259 2829 Hab-
1283 2754 1410 2822 LVIIII

88 2873 193 2940 dalias
216 2873 359 2939 Arabum
382 2873 458 2939 dux.
504 2893 575 2938 eum
606 2874 692 2938 enirn
724 2873 818 2937 ambo
842 2871 875 2936 hi
899 2874 988 2938 uelut
1010 2874 1185 2939 acerrimae
1209 2875 1260 2941 be·

39 2993 72 3043 20
89 2984 171 3049 stiae
193 2981 353 3050 diuturnis
375 2985 573 3068 temporibus
596 3003 634 3047 ac
657 2983 804 3049 similiter
826 2983 992 3047 hominum
1013 3003 1116 3067 genus
1133 2984 1261 3068 depasti

90 3095 155 3160 sint
176 3094 292 3160 mortui
315 3102 389 3161 sunt
411 3093 616 3179 prouidentia
644 3092 696 3158 dei
726 3101 756 3159 ct
786 3094 932 3178 optinent
953 3093 1169 3178 principatum
1194 3095 1260 3160 Leo

89 3212 120 3270 et
142 3203 228 3269 Madi
252 3203 309 3268 filii
332 3224 451 3270 eorum.

173 3317 271 3380 Porro
294 3314 406 3379 eedem
437 3334 522 3378 anno
545 3312 718 3396 Adelgisus
740 3313 1026 3396 Langobardorum
1057 3333 1113 3378 rex
1143 3314 1184 3379 ad
1213 3335 1262 3380 re-

88 3427 174 3510 giam
199 3426 335 3490 ueuiens
356 3424 469 3490 urbem
491 3424 677 3509 imperatori
702 3443 736 3490 se
759 3424 915 3508 profugus
938 3425 1080 3489 contulit.

334 3780 479 3844 LIBER
508 3777 784 3845 VICESIMVS
814 3779 1033 3858 QVINTVS

173 3982 268 4046 Anno
291 3982 332 4046 ab
354 3982 576 4048 incarnatione
599 3983 720 4048 domini
750 3981 1036 4068 septingentesimo
1060 3981 1261 4064 sexagesimo
1286 3974 1303 4039 Ῑ

88 4098 201 4156 octauo
224 4091 297 4157 Leo
330 4092 416 4159 filius
447 4093 651 4159 Constantini
685 4094 822 4178 imperat
856 4099 888 4156 et
910 4090 997 4155 Madi
1030 4089 1096 4156 dux
1118 4091 1260 4156 Arabum

89 4201 143 4286 qui
165 4221 281 4267 nouem
304 4201 356 4268 his
380 4203 520 4286 praefuit
541 4205 648 4269 annis.
692 4204 758 4268 Leo
781 4223 858 4267 uero
881 4201 1056 4287 imperator
1078 4201 1184 4286 coepit
1207 4221 1263 4268 ex·

88 4310 189 4397 pandi
211 4313 246 4377 in
268 4312 424 4398 pecunias
447 4333 530 4398 quae
553 4313 616 4379 sibi
638 4313 764 4379 luerent
786 4333 807 4378 a
829 4319 921 4396 patre
944 4310 1108 4386 dimissae,
1131 4311 1264 4395 placuit·

41 4438 72 4488 30
88 4442 150 4506 que
172 4430 238 4489 tam
261 4423 471 4507 optimatibus
493 4444 590 4508 quam
612 4425 749 4509 populo,
773 4431 805 4489 et
828 4423 918 4489 uisus
941 4430 991 4489 est
1012 4420 1054 4486 ad
1072 4422 1170 4487 breue
1185 4429 1264 4488 tem-

159 4690 357 4761 tuulgaretD
409 4689 602 4745 tantbraxll
654 4668 831 4760 5tylibrrdll
889 4688 1052 4744 blederel)
1103 4691 1133 4741 21
1156 4689 1215 4741 tunt
1232 4686 1265 4742 θ’

90 4786 123 4836 24
140 4784 250 4837 exuare*
270 4788 438 4839 crirxxmr·
451 4800 555 4839 merem
573 4799 671 4838 amru·
684 4799 755 4837 xxv·
768 4783 949 4855 seabsm‘ptum
967 4783 995 4836 ia
1015 4781 1040 4836 l>
1098 4784 1130 4836 ts
1149 4786 1222 4852 ceprt
1238 4778 1266 4835 D

90 4880 125 4928 30
144 4879 320 4945 optrmatelD
370 4861 517 4948 populdll

138 4971 254 5013 llrsroam
268 4982 388 5014 nrscrnun
1012 4981 1044 5032 36
