2834 5394
528 752 602 801 car.
625 752 850 802 xvnu-xxm
1216 738 1280 803 ott

104 924 243 987 nequam
266 901 308 970 de
329 903 562 971 contribulibus
582 910 747 990 acceptam
769 905 937 972 uictoriam
958 911 1071 971 contra
1091 904 1281 991 Bithynicu-

104 1016 189 1082 siurn
217 1013 372 1081 Nicaeam
393 1014 551 1100 proelium
579 1022 769 1083 construunt
789 1016 1027 1083 Saracenorum
1047 1014 1192 1082 Amiraci
1214 1015 1279 1083 duo

105 1126 204 1191 Amet
225 1125 347 1192 scilicet
367 1125 402 1190 in
424 1124 555 1193 milibus
569 1123 751 1208 quindecim
769 1125 992 1212 expeditorum
1014 1144 1226 1211 praecurrens
1248 1132 1281 1193 et

105 1236 271 1320 insperate
292 1233 496 1303 circumdans
517 1234 681 1302 ciuitatem
703 1243 736 1302 et
751 1235 924 1303 Muhauias
939 1236 1142 1318 subsequens
1156 1237 1191 1302 in
1205 1236 1280 1303 aliis

73 1345 269 1429 coctoginta
297 1346 439 1431 quinque
467 1344 597 1413 milibus
633 1364 718 1428 qnae
749 1352 824 1432 post
850 1346 984 1412 multam
1012 1345 1215 1414 obsidionem
1248 1352 1282 1413 et

107 1455 334 1538 particularem
355 1456 556 1524 euersioncm
580 1476 741 1522 murorum
771 1455 857 1523 hanc
884 1456 1014 1542 quidem
1042 1476 1109 1523 non
1136 1456 1281 1544 optineo

105 1572 188 1649 runt,
210 1565 295 1632 bene
317 1566 459 1651 acceptis
488 1573 672 1633 sanctorum
703 1567 853 1650 precibus
880 1572 1009 1652 patrum
1045 1566 1088 1633 ad
1116 1566 1213 1634 deum
1234 1564 1281 1632 di·

106 1676 202 1743 rectis
223 1681 257 1742 ct
278 1675 531 1743 sanctificatione
557 1676 696 1743 faciente
723 1675 921 1745 uenerabilis
940 1678 1052 1763 templi
1081 1678 1137 1744 ubi
1164 1678 1200 1744 in
1230 1695 1281 1745 co

107 1785 212 1852 lendis
234 1786 303 1853 suis
324 1785 563 1854 characteribus
584 1788 752 1872 eriguntur
779 1793 812 1854 ct
841 1806 946 1873 usquc
966 1807 1053 1855 nunc
1079 1788 1122 1855 ab
1143 1786 1197 1855 bis
1226 1786 1282 1871 qni
1308 1877 1311 1883 .

60 1907 91 1956 to
107 1895 154 1962 cis
177 1895 293 1962 similis
315 1915 432 1963 sensus
454 1904 529 1964 sunt
549 1895 756 1964 honorantur.

191 2006 366 2072 Praeterea
387 2004 617 2075 Constantinus
646 2006 779 2093 quidam
812 2013 930 2075 strator
957 2006 1135 2075 anabadi
1164 2005 1282 2077 uident
1303 1992 1406 2063 ΧΧῙῙ

106 2115 281 2200 imaginem
303 2114 356 2182 dei
377 2117 551 2199 genetricis
572 2124 721 2200 stantem,
744 2117 984 2203 apprehensum
1006 2115 1150 2202 lapidem
1164 2116 1281 2183 aduct-

108 2246 164 2292 sus
192 2245 264 2292 eam
292 2227 427 2312 proiecit
453 2234 486 2294 ct
513 2229 665 2294 contriuit
692 2234 724 2293 ct
751 2245 824 2293 cum
845 2225 1026 2310 cecidisset,
1054 2227 1202 2294 calcauit.
1246 2231 1281 2294 ct

106 2335 196 2401 uidet
216 2336 250 2401 in
273 2337 394 2404 somnis
422 2344 582 2404 astantem
610 2338 672 2404 sibi
701 2336 866 2403 dominam
887 2343 1031 2405 nostram
1061 2344 1093 2403 et
1120 2337 1283 2404 dicentem

61 2464 90 2514 te
107 2446 203 2513 ‘nosti
225 2468 321 2530 quam
343 2447 454 2512 sortem
478 2449 511 2513 in
534 2469 586 2515 me
606 2467 740 2516 causam
762 2448 860 2514 lucris
883 2454 1044 2533 operatus,
1072 2466 1149 2514 uere
1170 2452 1283 2513 contra

106 2564 203 2642 caput
217 2563 306 2622 tuum
329 2556 390 2621 hoc
404 2557 527 2624 iecisti!
555 2566 686 2642 postera
700 2578 777 2624 uero
792 2558 846 2625 dic
867 2577 939 2624 curn
955 2557 1110 2625 Saraceni
1125 2556 1283 2625 aduersus

106 2687 232 2732 murum
254 2667 514 2749 congressionem
536 2668 679 2735 lacerent
699 2675 732 2734 et
752 2675 902 2752 ageretur
922 2668 1063 2751 bellum,
1086 2686 1217 2738 currens
1239 2663 1283 2733 ad

108 2796 232 2841 murum
266 2781 301 2839 ut
322 2776 412 2842 fortis
435 2777 528 2843 miles
550 2777 663 2843 infelix
683 2779 740 2844 ille
773 2778 886 2844 eicitur
914 2776 1066 2863 alapidc
1092 2777 1284 2845 transmisso

108 2905 150 2951 ex
172 2904 333 2968 mangano
354 2892 387 2951 et
408 2886 578 2950 contritum
601 2893 650 2954 cst
671 2894 767 2971 caput
788 2888 859 2954 cius
888 2892 920 2951 et
947 2886 1048 2951 facies
1070 2885 1202 2968 dignam
1224 2885 1281 2950 im·

60 3017 92 3069 20
108 2995 239 3081 pictatis
262 3013 341 3060 suac
362 2994 604 3060 retributionem
625 2996 819 3081 percipiens.

192 3103 382 3186 Praedaque
404 3105 505 3170 multa
526 3111 559 3170 et
579 3105 705 3172 exuuiis
720 3106 874 3172 Saraceni
896 3105 1039 3173 collectis
1061 3103 1185 3172 reuersi
1206 3109 1282 3171 snnt
1302 3095 1354 3162 X:
1398 3102 1417 3154 'l

108 3214 300 3283 ostendente
321 3214 383 3280 deo
405 3215 439 3280 in
461 3214 522 3281 hoc
544 3215 641 3282 etiam
664 3216 764 3299 impio
785 3216 832 3281 illi
863 3214 948 3301 quod
977 3236 1042 3282 non
1064 3221 1196 3302 propter
1217 3214 1285 3299 pic-

108 3334 207 3392 tutem
237 3332 272 3390 ut
299 3324 355 3391 illc
382 3323 574 3390 diffamabat
609 3326 650 3392 de
680 3324 913 3392 contribulibus
942 3324 1190 3411 triumphauerit
1225 3322 1285 3392 scd

110 3443 241 3522 propter
262 3434 408 3500 diuinum
431 3442 462 3501 et
483 3436 650 3503 ineffabile
678 3435 840 3519 quoddam
870 3435 1024 3501 iudicium
1046 3434 1223 3501 retundens
1245 3452 1285 3499 ac

61 3567 93 3619 25
110 3566 281 3612 remouens
303 3545 398 3612 huius
420 3544 507 3611 modi
530 3546 702 3611 Arabicam
724 3544 943 3612 fortitudinem
975 3565 996 3610 a
1024 3552 1208 3612 sanctorum
1228 3562 1286 3630 pa·

109 3664 194 3721 trum
223 3655 353 3721 ciuitate
381 3656 666 3723 intercessionibus
694 3656 821 3721 illorum
858 3663 990 3741 propter
1017 3653 1286 3739 diligentissimos

110 3764 314 3830 characteres
346 3764 488 3849 ipsorum
526 3766 580 3850 qui
608 3765 807 3831 honorantur
834 3766 868 3830 in
897 3784 937 3831 ea
966 3764 1001 3831 in
1024 3764 1284 3848 redargutionem

111 3894 238 3959 quoquc
266 3892 305 3937 ac
332 3873 584 3959 inexpugnabile
612 3877 742 3961 tyranni
775 3874 928 3941 iudicium
964 3881 997 3941 ct
1035 3875 1089 3958 pic
1120 3873 1286 3957 agentium

112 3982 344 4049 certitudinem.
388 4005 453 4050 non
482 3985 568 4051 enim
595 3987 698 4053 solum
726 3987 811 4051 circa
839 3984 1073 4052 uenerabilium
1101 3983 1284 4048 affectiuarn

62 4115 95 4165 cc
110 4094 288 4179 imaginum
310 4093 531 4160 adorationem
554 4096 684 4161 errabat
704 4096 822 4181 impius
845 4095 904 4162 sed
925 4101 958 4162 ct
979 4094 1067 4159 circa
1082 4091 1286 4159 intercessio-

110 4225 170 4272 nes
192 4204 395 4271 castissimae
423 4203 476 4271 dei
503 4206 677 4289 genetricis
707 4207 913 4289 omniumque
941 4209 1124 4272 sanctorum
1153 4220 1288 4284 quorum

111 4324 143 4382 ct
171 4315 324 4400 reliquias
353 4314 600 4383 scelestissimus
634 4322 670 4381 ut
698 4316 843 4400 magistri
872 4315 943 4381 eius
971 4313 1096 4379 Arabes
1124 4311 1289 4378 abominer

183 4617 473 4687 lbrssthrmenlrumll
575 4616 775 4672 nnrceamb
843 4616 987 4673 amaretll
1084 4618 1247 4685 timpcrate
1263 4615 1290 4666 1)

113 4717 300 4781 ioctmgenta
317 4712 344 4767 D
437 4709 677 4777 tlcaracterrb;D
772 4714 800 4764 11
820 4716 915 4781 prqtca
931 4709 958 4764 D
1009 4708 1144 4763 artaualdr
1162 4707 1189 4762 D
1259 4710 1290 4761 m

112 4804 230 4859 nostram
246 4806 342 4861 cml)
412 4811 441 4859 15
460 4786 574 4874 operatd
591 4802 618 4857 b
690 4808 718 4858 16
737 4802 869 4874 capudI]
934 4806 964 4857 tt
982 4801 1084 4857 faciens
1099 4801 1126 4856 Ι)
1176 4804 1206 4854 m
1226 4814 1290 4872 prq-

114 4896 208 4966 damq·
221 4884 306 4951 multd
320 4897 347 4951 D
415 4901 446 4951 tt
466 4898 619 4953 caracteres
635 4896 660 4952 Ι)
