3142 5056
515 349 623 396 sunus
645 349 885 398 csesuvuoavn
1073 361 1077 370 ’
1223 339 1283 402 671

143 503 176 552 4ο
211 496 424 554 Christianorum
459 498 603 554 multorum
637 513 670 552 ex
754 502 788 553 44
822 497 1023 568 iiimpostores
1048 500 1234 568 comprehensi
1260 506 1288 558 et

108 591 264 646 Palaestina
286 595 313 646 et
331 591 408 662 Syria
424 591 503 660 luga,
528 591 670 647 Saracenis
721 605 750 647 rc
767 591 920 647 examinata
937 592 1033 660 puniti.

109 685 186 739 nimie
210 684 239 738 iu
266 698 312 739 eos
338 684 528 739 saeuientibus.
570 684 671 740 miultae
754 689 787 739 45
822 684 1000 754 Bulgarorum
1026 685 1142 742 uictoria
1164 685 1288 742 Michae-

107 776 204 832 inillis
221 776 289 832 loeis
306 776 437 832 ecclesiae
462 783 490 832 et
507 778 670 833 monestede
720 777 806 847 lisque
829 777 1000 848 imperatouis
1033 794 1094 833 cum
1117 779 1174 834 suis
1200 781 1289 851 turpis

108 869 214 926 deserta
229 869 495 940 martyresquofecti.
513 870 605 926 exules
622 871 669 926 be·
719 870 793 940 fuga.
834 871 953 926 Michael
987 871 1120 942 deponere
1147 874 1288 944 imperium

108 963 188 1032 nigne
206 977 224 1016 o
239 961 373 1018 Michacle
390 963 517 1031 suscepti.
721 965 803 1034 cupit.

141 1060 173 1109 41
209 1053 352 1110 Michaelis
373 1054 508 1124 expeditio
540 1056 672 1112 aduersus
756 1061 790 1110 46
814 1055 870 1112 Leo
887 1057 1185 1126 praetororientaliumt
1200 1061 1289 1116 hosti·

108 1147 248 1217 Bulparos.
721 1149 772 1204 bus
788 1149 894 1204 iamiam
911 1149 973 1204 urbi
990 1150 1207 1220 imminentibus,
1224 1170 1286 1224 per·

142 1245 175 1294 42
210 1239 316 1308 eclipsis
333 1239 361 1294 in
378 1240 442 1296 eolo.
476 1240 592 1296 Michael
610 1257 672 1296 cum
723 1257 821 1298 suasus
846 1241 987 1312 imperium
1020 1244 1126 1316 accipit
1169 1247 1287 1303 Michael

107 1333 226 1388 exercitu
245 1332 451 1398 circumeundo,
477 1333 551 1388 nulla
568 1349 598 1389 re
615 1349 670 1390 me·
723 1349 786 1390 oum
810 1350 895 1390 uxore
918 1340 946 1390 et
970 1337 1040 1394 natis
1066 1340 1148 1394 sumit
1166 1340 1288 1396 habitum

108 1423 230 1480 morabili
262 1431 337 1490 acta,
371 1425 447 1480 uarie
478 1431 584 1496 tempus
608 1427 671 1482 terit
722 1427 908 1483 monasticum.

108 1516 267 1573 consiliariis
284 1532 349 1573 usus
366 1518 431 1572 belli
447 1518 586 1589 imperitis.
756 1525 789 1574 47
824 1521 881 1576 Leo
897 1521 936 1574 lll
953 1522 1100 1592 imperator
1117 1524 1221 1580 LXXV
1237 1541 1288 1596 po·

142 1613 174 1663 4³
210 1608 335 1665 crunnus
359 1625 421 1665 oum
439 1611 495 1666 suis
519 1612 555 1667 ad
572 1613 672 1668 bellum
721 1612 814 1684 pulum
833 1613 990 1680 condinae,
1013 1633 1103 1672 muros
1126 1618 1202 1674 urbis
1226 1619 1288 1675 dili·

108 1703 170 1760 exit
205 1701 288 1760 duces
312 1702 341 1758 in
364 1703 485 1760 exercitu
502 1704 672 1774 imperatoris
721 1713 815 1776 genter
839 1707 1032 1764 circumeundo
1063 1716 1090 1764 et
1118 1725 1184 1767 euos
1209 1726 1286 1768 exer·

108 1796 225 1868 prompti
247 1801 275 1851 et
298 1810 435 1866 pugnaces
461 1813 523 1853 cum
549 1813 581 1854 eo
606 1813 690 1854 cou-.
723 1799 816 1856 tendo.
853 1799 955 1855 crunni
978 1799 1013 1856 ad
1030 1802 1124 1858 urbem
1152 1804 1287 1862 aduentus

107 1889 197 1958 digere
215 1889 353 1958 cupientes
379 1890 414 1945 ab
437 1889 598 1960 imperatore
621 1907 670 1962 per
720 1908 781 1948 cum
800 1893 927 1949 exercitu.

107 1982 273 2038 consiliarios
306 1982 446 2051 impositos
483 1983 669 2052 prohibentem.
754 1989 788 2040 48
823 1985 880 2041 Leo
907 1985 1011 2042 frustra
1045 1988 1148 2045 insidiis
1179 1991 1287 2062 aggredi

106 2075 263 2145 deceptores
286 2074 394 2143 quidam
418 2074 453 2130 ad
469 2082 670 2133 monumentum
721 2084 810 2133 tentet
826 2079 967 2149 Bulgaros.
1003 2080 1104 2136 Cruuui
1121 2084 1211 2140 rabies
1237 2087 1286 2155 qui

108 2167 277 2223 Constantini
300 2167 328 2222 in
345 2168 445 2236 templo
464 2167 539 2224 urbis
557 2171 668 2225 commi·
721 2185 846 2227 reuersus
863 2172 1085 2243 Hadrianopolim
1103 2177 1185 2246 cepit.

106 2260 249 2316 discuntur
266 2260 405 2315 miracula.
