2834 5394
525 722 599 771 cnr.
621 722 913 773 xxxin-xxxvnn
1224 711 1288 773 549

113 873 260 939 uestror’
303 880 337 938 ot
359 873 405 939 illi
428 872 630 939 concorditer
652 873 813 959 abnegato
847 894 885 941 eo
922 873 1053 942 dextros
1074 874 1194 942 dedere
1216 877 1284 942 filio

114 984 183 1049 eins
219 981 402 1049 Habdallae
437 983 645 1050 Muhammad
677 985 731 1070 qni
764 984 1010 1070 nuncupabatur
1041 984 1140 1052 Modi.
1191 1006 1287 1069 porro

113 1093 193 1158 Hise
221 1091 346 1177 absque
373 1114 471 1161 sensu
500 1094 629 1161 domum
657 1101 911 1181 reportonernnt.
954 1095 1041 1160 hune
1073 1102 1181 1161 antem
1213 1102 1289 1182 post

113 1202 241 1268 tertium
263 1202 349 1269 diem
372 1206 651 1271 conualesoentem
675 1204 936 1272 excusationibus
961 1204 1044 1273 fietis
1060 1204 1288 1273 consolabatur

81 1319 240 1378 scentum
263 1313 334 1378 auri
355 1315 486 1381 talentis
510 1315 661 1380 iniuriam
683 1333 943 1400 recompensans.

196 1421 319 1488 Eodem
341 1424 439 1490 etiam
460 1445 545 1490 anno
566 1426 653 1491 misit
667 1426 819 1509 Pogonus
833 1424 983 1492 dominus
999 1424 1174 1509 Bulgarioe
1194 1423 1237 1490 ad
1258 1422 1412 1493 XXXV!

112 1531 336 1617 imperatorem
360 1536 529 1619 postulans
558 1541 593 1599 ut
619 1554 691 1599 eum
719 1555 757 1600 eo
780 1534 861 1600 tocie
883 1533 926 1599 ad
949 1535 1064 1601 taciem
1087 1535 1284 1620 iungeretur.

113 1649 145 1707 et
165 1650 297 1728 accepto
321 1643 420 1709 uerbo
442 1643 611 1711 descendit
632 1642 675 1709 ad
697 1663 770 1710 eum
793 1663 864 1709 oum
886 1643 1055 1711 Bohiladis
1077 1645 1155 1712 suis.
1200 1665 1285 1710 oum·

112 1772 174 1836 qno
196 1752 371 1837 imperator
392 1773 459 1819 una
480 1774 552 1819 enm
566 1753 687 1820 Sabino
710 1752 848 1837 sederet,
871 1753 1014 1838 suscepit
1036 1773 1091 1821 eos
1114 1761 1147 1820 et
1168 1774 1285 1838 expro-

66 1869 96 1918 10
111 1861 219 1927 bronit
251 1862 523 1930 inordinationem
556 1883 666 1930 eorum
697 1871 729 1929 et
760 1863 868 1929 odium
896 1862 1042 1929 habitum
1072 1864 1106 1929 in
1129 1864 1285 1930 Sabinum
1328 1859 1331 1865 ’

112 1970 318 2054 feceruntque
339 1993 453 2057 paoem
477 1981 512 2038 ut
532 1975 715 2057 putabatur.
760 1980 811 2040 ast
839 1975 1014 2060 imperator
1041 1974 1171 2040 mittens
1201 1975 1285 2039 clam

112 2082 146 2147 in
168 2081 354 2166 Bnlgariam
377 2085 463 2168 cepit
484 2084 676 2150 Seuerornm
699 2083 878 2169 principem
893 2083 1089 2165 Solauinnm,
1114 2083 1168 2168 qui
1184 2084 1286 2148 multa

112 2192 146 2257 in
167 2190 294 2258 Thraco
316 2193 436 2260 lecerat
457 2194 554 2260 malo.
599 2192 849 2279 comprehensus
871 2200 980 2260 autem
1001 2201 1052 2259 est
1073 2199 1104 2258 et
1126 2191 1285 2259 Christia-

111 2322 182 2383 nus,
220 2303 275 2384 qui
304 2323 346 2369 ex
368 2302 562 2371 Christianis
591 2303 765 2388 magaritcs
796 2310 827 2369 et
854 2303 977 2388 primus
1000 2321 1219 2369 scamarorum
1242 2302 1285 2368 et·

65 2411 291 2494 senenses,
329 2433 423 2498 quem
452 2413 540 2498 apud
563 2419 709 2480 sanctum
731 2413 889 2479 Thomam
921 2414 1070 2480 manibus
1093 2411 1286 2497 etpedibus

110 2521 339 2591 detruncantes
360 2523 526 2590 adduxere
556 2522 696 2591 medicos
726 2524 781 2608 qni
808 2523 894 2588 huno
922 2523 1032 2588 ninum
1062 2521 1287 2589 inciderunta

110 2630 242 2698 thorace
264 2631 447 2716 pubetenus
469 2634 512 2700 ad
533 2633 674 2701 hominis
697 2632 955 2717 cognoscendam
977 2633 1171 2718 positionem
1187 2639 1285 2716 atque

109 2747 301 2807 structuram
335 2749 366 2806 et
398 2742 445 2808 sio
479 2762 553 2808 eum
584 2741 786 2808 tradiderunt
819 2743 896 2826 igni.
941 2749 1082 2808 actutum
1115 2747 1286 2827 praetereo

108 2851 283 2934 imperator
305 2851 418 2916 exiens
440 2852 482 2916 ab
505 2851 583 2917 urhe
605 2872 676 2917 cnm
699 2853 770 2917 sine
792 2850 940 2918 custodia
962 2851 1141 2917 inuenisset
1163 2850 1204 2916 ob
1231 2848 1286 2916 de-

63 2959 287 3043 receptorium
309 2980 422 3044 pacem
445 2962 600 3042 clusuras,
630 2961 797 3045 ingressus
827 2967 876 3026 est
897 2960 1085 3044 Bnlgariam
1114 2957 1283 3044 usquead

110 3069 227 3135 Tzicos
251 3075 284 3135 et
306 3071 404 3137 misso
427 3071 502 3154 igne
524 3072 558 3136 in
580 3078 685 3138 cortes
713 3090 795 3155 quos
822 3070 965 3155 repperit
993 3089 1065 3135 eum
1094 3070 1209 3134 timore
1236 3088 1285 3136 re-

109 3198 223 3244 uersus
245 3186 295 3245 est
316 3199 387 3244 oum
410 3181 456 3246 nil
480 3182 560 3247 forte
582 3186 753 3267 patrasset.

192 3289 287 3355 Anno
309 3289 436 3374 imperii
460 3291 509 3358 sui
533 3291 686 3357 uicesimo
709 3290 820 3375 quinto
843 3288 1034 3354 duodecimo
1058 3287 1220 3355 kalendas
1238 3287 1368 3355 XXXV
1414 3299 1417 3346 l

107 3398 317 3466 Decembrios
342 3401 528 3468 indictionis
551 3408 685 3484 quartae
713 3401 823 3465 furens
854 3399 973 3484 impius
996 3406 1028 3463 et
1050 3400 1205 3465 scelestus
1227 3399 1285 3463 im·

60 3525 91 3574 aa
109 3515 239 3589 perator
260 3509 418 3578 aduersus
441 3530 553 3577 omnes
575 3513 725 3577 timentes
746 3509 842 3575 deum
872 3529 993 3574 nouum
1015 3513 1283 3594 protomartyrem

109 3616 309 3701 Stephanum
331 3621 477 3687 abstrahi
499 3621 674 3706 praecepit,
707 3638 778 3684 cnm
802 3624 889 3685 esset
911 3619 1076 3684 inclausus
1098 3615 1186 3702 opud
1209 3638 1281 3684 san·

108 3732 193 3790 otum
214 3728 410 3793 Auxentium
442 3730 476 3794 in
507 3730 653 3813 proximo
681 3735 789 3794 monte
818 3728 994 3794 Damastri.
1039 3747 1134 3812 quem
1162 3726 1196 3792 hi
1227 3728 1283 3812 qui

108 3835 299 3903 eruditionis
321 3839 391 3904 eius
414 3840 546 3904 fructum
569 3838 791 3924 percipiebant
823 3845 855 3903 et
885 3838 980 3903 unius
1010 3857 1081 3902 cum
1111 3855 1149 3901 co
1179 3857 1216 3901 ac
1239 3837 1283 3903 si-

108 3945 194 4011 milis
217 3953 309 4011 crant
331 3967 457 4032 sensus,
498 3948 649 4015 scholarii
671 3967 798 4032 quoque
821 3967 859 4011 ac
882 3947 1015 4031 reliquis
1038 3945 1207 4012 ordinibus
1230 3945 1284 4011 de·

61 4075 93 4125 30
110 4055 212 4139 putati
234 4057 429 4142 accipientes
451 4057 631 4143 pedemque
654 4056 756 4142 ipsius
783 4055 918 4121 rudente
947 4055 1086 4138 ligantes
1114 4061 1282 4119 traxerunt

109 4167 312 4248 apraotorio
336 4187 438 4251 usqne
460 4168 503 4233 ad
526 4188 566 4234 ea
588 4187 671 4253 qnae
692 4175 767 4234 sunt
788 4165 922 4250 Pelagii,
960 4164 1016 4229 nbi
1045 4175 1077 4230 et
1098 4163 1281 4248 discerpen-

109 4283 160 4343 tes
182 4295 253 4342 eum
276 4278 479 4361 proiecerunt
501 4278 708 4344 honorabiles
735 4277 838 4363 ipsius
866 4275 1022 4359 reliquias
1051 4275 1085 4338 in
1113 4274 1281 4338 biothana-

173 4561 343 4632 thabldalla
361 4562 387 4615 D
489 4564 560 4616 erle
577 4562 603 4616 I)
706 4559 861 4630 finnlgarre
880 4559 907 4613 D
1009 4564 1037 4612 tt
1065 4573 1160 4629 pacem
1184 4574 1234 4612 om.
1253 4556 1280 4612 D

107 4655 137 4704 12
156 4657 182 4705 ct
197 4656 230 4706 20
248 4633 370 4725 uulgaria
388 4655 414 4709 D
502 4659 533 4708 23
553 4640 645 4724 qmnto
664 4656 692 4708 in
709 4668 762 4706 ras.
782 4654 810 4706 ἐπ
828 4651 855 4707 Ι)
913 4653 941 4706 kt
959 4651 986 4707 D
1071 4650 1280 4718 colaphorum

105 4759 155 4797 om.
174 4743 201 4798 Ι)
310 4752 343 4802 29
362 4746 510 4804 scolamD
611 4752 640 4801 31
661 4747 747 4818 pelngr
767 4744 834 4799 Pet
852 4744 1028 4810 Anastasius,
1046 4743 1178 4814 palagrD
1246 4745 1279 4797 32

102 4817 293 4895 hrathanatorri
310 4840 337 4894 Ι)
