2834 5394
518 678 591 727 cae.
617 681 767 726 rur-viu
1170 661 1232 724 429

57 845 108 902 tor
129 837 216 901 foras
238 856 362 900 murum
386 835 516 917 longum
539 852 608 897 cum
633 832 718 895 omni
742 831 896 912 obsequio
919 830 1007 912 regio
1035 848 1073 893 ac
1096 828 1233 896 muneri·

58 950 120 1014 bus
142 946 253 1012 multis
275 953 307 1012 et
335 946 464 1028 magnis
493 942 536 1008 ad
566 941 806 1027 suscipiendum
836 939 1015 1005 Chaianum
1045 947 1232 1027 recepturus

59 1058 101 1123 ab
129 1076 168 1122 eo
195 1058 377 1122 iuramenta
404 1053 544 1120 faciendi
572 1054 605 1117 in
634 1053 738 1117 uicem
766 1050 957 1135 sponsiones
987 1049 1149 1135 pacificas.
1199 1056 1233 1117 at

59 1188 137 1234 uero
159 1166 317 1232 barbarus
339 1166 395 1231 ille
416 1173 483 1230 tarn
506 1162 736 1248 sponsionibus
759 1181 856 1246 quarn
878 1179 962 1244 quac
983 1162 1088 1226 iurata
1108 1163 1234 1227 fuerant

26 1278 180 1363 aspretis
203 1277 309 1342 subito
332 1277 500 1362 tyrannico
522 1281 634 1340 contra
655 1275 881 1355 imperatorem
903 1272 1064 1356 profectus
1086 1278 1144 1338 est.
1166 1278 1233 1339 stu-

63 1388 209 1475 pefactus
241 1407 318 1470 ergo
347 1387 521 1471 imperator
549 1405 647 1468 super
674 1385 861 1469 insperatae
888 1383 935 1448 rei
965 1383 1129 1449 molimine
1156 1385 1234 1470 luga

60 1500 172 1583 lapsus
193 1497 228 1562 in
250 1497 413 1562 ciuitatem
436 1515 586 1562 reuersus
609 1502 668 1561 est.
712 1495 871 1561 barbarus
898 1500 1004 1559 autem
1033 1495 1121 1560 omni
1144 1497 1232 1580 regio

64 1614 223 1694 apparatu
246 1607 363 1692 adepto
385 1613 417 1672 et
439 1607 631 1692 supellectili
660 1613 692 1671 et
720 1611 875 1690 quotquot
901 1624 942 1670 ex
969 1604 1154 1672 hominibus
1181 1626 1233 1672 ca

60 1738 139 1804 pere
160 1719 263 1803 potuit
297 1717 453 1783 subuertit
485 1718 580 1783 uillas
613 1717 731 1782 multas
764 1715 966 1800 depopulans
995 1734 1035 1780 en
1056 1717 1247 1800 improuiso⁸

11 1853 41 1901 ro
58 1848 117 1915 spe
138 1829 229 1915 pacis
251 1827 414 1912 deceptos.
473 1851 477 1858 ·

143 1941 237 2004 Anno
273 1958 349 2003 uero
383 1938 509 2024 imperii
545 1939 594 2002 sui
630 1936 754 2001 decimo
784 1936 951 2002 Heraclius
978 1934 1021 2001 ad
1051 1935 1231 2002 Chaianum
1253 1943 1317 2010 VH

61 2052 203 2115 Auarum
232 2049 349 2133 legatis
379 2048 486 2114 missis
522 2049 665 2132 queritur
688 2067 785 2133 super
810 2047 862 2112 his
885 2065 968 2128 quae
989 2047 1137 2130 nequiter
1158 2053 1232 2112 acta

59 2161 185 2226 fuerant
207 2160 248 2225 ab
272 2179 310 2224 eo
334 2159 429 2224 etad
452 2178 563 2243 pacem
593 2159 746 2223 hortatur.
791 2157 878 2224 acies
906 2158 1026 2243 quippe
1054 2157 1231 2242 disponens

62 2277 174 2335 contra
194 2270 360 2335 Persidem
382 2269 570 2352 dirigendas
593 2270 713 2353 pacisci
736 2288 807 2334 curn
831 2268 977 2333 Chaiano
999 2267 1137 2332 uolebat.
1175 2268 1230 2352 qui
1275 2324 1282 2335 .

12 2381 215 2458 15reueritus
248 2380 452 2445 dilectionem
485 2381 689 2465 imperatoris
722 2400 757 2446 se
790 2380 991 2466 paenituisse
1019 2377 1231 2464 pollicebatur

50 2499 91 2555 -et
112 2510 224 2577 pacem
253 2491 358 2555 lacero
389 2493 580 2576 repromisit.
623 2498 870 2575 pangentesque
902 2489 1033 2555 foedera
1064 2489 1162 2572 legati
1196 2488 1230 2553 in

58 2621 140 2686 paee
173 2603 295 2667 reuersi
329 2609 411 2666 sunt.
464 2601 577 2667 eodem
611 2623 697 2667 anno
730 2608 884 2685 ceperunt
917 2601 1037 2667 Persae
1068 2599 1229 2683 Ancyram

59 2710 210 2776 Galatiae
233 2712 327 2777 bello.

146 2823 239 2887 Anno
269 2824 395 2907 imperii
423 2822 564 2886 Heraclii
592 2823 759 2887 undecimo
789 2821 901 2886 durum
932 2820 1092 2886 Chosroes
1120 2820 1229 2901 iugum

12 2957 45 3006 20
65 2953 158 2998 sumn
183 2951 278 3016 super
301 2952 411 2998 ornnes
434 2933 579 2998 lromincs
602 2934 677 2998 lecit
698 2935 731 2997 in
755 2934 911 2998 offusione
933 2930 1102 3013 sauguinis
1130 2934 1162 2994 et
1184 2948 1233 2993 ra

62 3043 149 3107 tione
172 3043 370 3108 tributorum.
415 3044 518 3109 elatus
551 3045 636 3107 enim
669 3042 831 3127 triumpho
863 3042 1048 3107 nullatenus
1081 3041 1166 3105 ultra
1197 3040 1232 3104 iu

58 3154 241 3220 constantia
264 3174 337 3220 esse
366 3162 499 3238 poterat.
544 3161 619 3218 tunc
640 3154 810 3220 Heraclius
838 3153 907 3217 nelo
939 3152 992 3217 dci
1022 3158 1171 3234 suscepto
1200 3155 1233 3216 et

59 3283 130 3328 curn
159 3265 323 3329 Auaribus
356 3285 436 3348 parc
471 3272 505 3330 ut
536 3264 671 3349 putabat
703 3271 867 3329 contracta
902 3263 1066 3329 transtulit
1099 3263 1232 3328 militias

58 3375 207 3459 Europae
230 3377 263 3438 in
286 3377 399 3441 Asiam
422 3383 453 3441 et
475 3376 639 3458 cogitabat
667 3375 720 3441 dei
749 3376 974 3459 cooperatione
996 3381 1107 3440 contra
1129 3375 1232 3441 Persi·

10 3505 42 3556 25
59 3484 131 3549 deur
154 3506 338 3570 properare.

143 3597 236 3660 Anno
266 3597 392 3680 imperii
421 3597 470 3662 sui
493 3596 681 3661 duodecimo
710 3616 820 3662 mense
842 3596 946 3681 Aprili
969 3596 1022 3661 die
1044 3602 1158 3680 quarta
1180 3597 1227 3661 in·
1250 3594 1330 3661 VIII

58 3703 197 3771 dictione
233 3708 358 3772 dceima
394 3709 568 3792 imperator
603 3707 774 3773 Heraclius
816 3708 979 3774 celebrata
1016 3708 1231 3774 sollemnitate

61 3815 211 3881 Paschali
236 3839 308 3883 nrox
332 3818 474 3883 secunda
496 3820 577 3883 feria
600 3819 728 3902 uesperi
745 3827 849 3883 motus
865 3825 916 3884 est
930 3825 1041 3882 contra
1054 3816 1230 3884 Persidem.

61 3928 198 4011 sumptis
229 3937 335 3994 autern
364 3938 472 3993 mutuo
503 3929 734 3994 uenerabilium
764 3928 930 3992 domorum
952 3927 1098 4010 pecuniis
1120 3926 1234 4011 aporia

11 4045 43 4095 30
61 4044 222 4103 coartatus
252 4041 376 4122 accepit
404 4041 499 4104 etiam
533 4040 689 4104 ecelesiae
718 4057 856 4122 magnae
885 4039 985 4102 multa
1012 4036 1166 4102 candelas
1189 4037 1234 4101 le·

64 4147 176 4230 rentia,
216 4150 310 4214 simul
341 4148 460 4214 atalia
482 4169 564 4215 uasa
586 4149 826 4215 ministratoria.
871 4147 987 4232 quibus
1010 4145 1157 4213 conflatis
1179 4165 1232 4212 ex-

62 4259 148 4321 arari
171 4259 245 4323 fecit
268 4279 309 4324 ex
330 4259 382 4325 his
404 4280 519 4325 numos
541 4278 658 4324 aureos
681 4268 713 4324 et
734 4264 904 4342 argenteos
926 4258 1082 4342 plurimos
1096 4255 1233 4323 dimisit

65 4387 127 4449 que
160 4369 260 4432 filiurn
291 4391 381 4435 suurn
412 4389 482 4433 eum
507 4369 620 4452 Sergio
643 4370 829 4454 patriarcha
861 4370 894 4435 in
927 4368 1006 4433 urbe
1039 4367 1232 4452 disponendi

76 4548 360 4557 -—--—.--—-.—-

126 4642 186 4692 3m
206 4637 365 4696 rnuroemD
467 4638 599 4693 emolme
616 4638 649 4693 Il'
752 4642 781 4690 tl
809 4642 872 4691 ante
888 4636 1021 4691 heraclius
1036 4636 1099 4691 odd.
1117 4635 1232 4692 mrl'rtD

60 4736 91 4784 16
108 4731 201 4786 federa
221 4732 245 4786 D
314 4737 344 4786 21
365 4733 467 4787 tributa
483 4732 507 4785 lt
523 4732 595 4785 latus
611 4730 638 4785 Il
706 4735 737 4784 at
758 4731 924 4800 loHepmtate
941 4728 968 4783 D
1025 4735 1058 4785 29
1075 4745 1186 4801 apoarra
1202 4731 1234 4785 m'

56 4825 144 4892 fallor
160 4825 194 4880 Β*
264 4831 296 4880 30
314 4827 411 4881 multas
426 4823 482 4880 DP
495 4830 521 4881 et
538 4826 700 4882 Anastasius
768 4831 800 4880 32
818 4825 949 4894 plurimas
964 4822 998 4879 D‘
