2834 5394
91 1215 118 1278 V

141 281 180 342 74
659 296 751 345 mam
772 295 827 344 1111

139 446 274 511 Eumeni
309 445 378 527 regi
411 444 549 509 donatae
576 455 698 513 sunta
736 456 851 515 senatu
884 469 996 516 omnes
1023 451 1126 517 Asiae
1157 450 1311 519 eiuitates

139 576 221 640 quas
242 553 420 622 Antiochus
443 554 528 620 bello
550 556 744 640 perdiderat,
773 565 807 625 et
826 558 963 627 Rhodiis
992 561 1046 644 qui
1068 561 1229 627 auxilium
1251 564 1313 627 Ro

140 667 245 732 rnanis
278 671 390 730 eontra
422 683 530 749 regem
558 667 750 733 Antioehnm
779 668 928 752 tulerant,
963 671 1081 737 multas
1108 671 1210 739 urbes
1238 691 1312 737 eon-

138 783 311 843 eesserunt.
362 775 470 862 Soipio
498 776 632 842 Romam
662 778 766 859 rediit,
802 779 925 863 ingenti
954 781 1059 863 gloria
1086 781 1310 866 triumphauit

137 907 253 954 nomen
275 894 307 953 et
328 887 399 972 ipse
421 886 464 951 ad
480 887 689 953 imitationem
704 888 811 956 fratris
827 889 1056 974 Asiagenis
1083 892 1211 975 aooepit
1233 893 1340 976 quise

136 997 246 1062 Asiam
277 999 413 1078 uicerat,
447 997 541 1062 sieuti
572 998 671 1064 irater
701 999 804 1084 ipsius
830 1007 961 1084 propter
982 1000 1125 1066 Africam
1153 1001 1309 1067 domitam

136 1107 306 1173 Alrieanus
328 1107 563 1191 appellabatur.

224 1216 372 1299 <Interea
393 1218 427 1282 in
449 1217 629 1302 Hispaniae
651 1220 801 1285 ulteriore
823 1220 942 1287 Lucius
956 1221 1114 1288 Aemilius
1136 1223 1309 1306 prooonsul

138 1348 157 1391 a
172 1328 336 1395 Lusitanis
359 1348 429 1393 eum
454 1328 541 1392 omni
563 1330 705 1395 exercitu
727 1349 842 1396 eaesus
863 1329 993 1395 interiit.
1038 1329 1174 1415 deinde>
1189 1332 1310 1399 Lueius

137 1439 278 1505 Baebius
307 1438 341 1503 in
370 1438 562 1524 Hispaniam
592 1439 797 1524 prolioiseens
825 1440 1040 1524 abiguribus
1069 1441 1308 1510 circumuentus
1327 1451 1351 1501 lt

138 1570 209 1615 oum
240 1550 393 1617 uniuerso
422 1550 564 1617 exercitu
592 1550 717 1616 occisus
746 1556 803 1617 est.
847 1550 934 1616 unde
967 1550 1049 1616 adeo
1082 1570 1125 1616 ne
1158 1552 1308 1617 nuntium

136 1661 264 1744 quidem
300 1661 498 1746 superfuisse
528 1667 654 1726 constat
692 1667 726 1726 ut
761 1661 999 1726 internitionem
1040 1661 1147 1746 ipsam
1183 1663 1309 1729 Romae

135 1771 358 1839 Massilienses
380 1772 529 1837 nuntiare
551 1771 743 1837 eurauerint.

220 1880 372 1965 <Fuluius
395 1881 506 1947 oonsul
529 1881 569 1946 de
592 1880 731 1947 Graecia
752 1881 786 1946 in
808 1881 1076 1965 Gallograeciam,
1105 1902 1190 1966 quae
1221 1902 1307 1949 nune

135 2000 184 2057 est
212 1992 358 2071 Galatia,
392 1998 594 2058 transuectus
625 1991 668 2056 ad
697 1991 868 2077 Olympum
899 1998 1037 2056 montem
1065 1993 1232 2075 peruenit,
1265 1991 1351 2058 adu

135 2122 228 2185 qrrem
253 2101 395 2167 uniuersi
418 2101 622 2184 Gallograeci
643 2122 714 2166 eum
737 2103 927 2185 coniugibus
956 2109 988 2167 et
1018 2101 1129 2168 liberis
1157 2102 1309 2187 oonfuge

135 2218 216 2291 rant,
244 2212 355 2296 ibique
376 2211 619 2277 aeerbissimum
642 2213 761 2277 bellum
783 2213 895 2295 gessit.
938 2231 1078 2295 namque
1099 2210 1140 2276 de
1163 2214 1309 2296 superio

135 2321 224 2389 ribus
257 2322 336 2389 loeis
369 2322 495 2405 sagittis
527 2321 705 2405 grandibus
739 2324 828 2389 saxis
861 2322 1040 2406 ceterisque
1069 2320 1144 2387 telis
1165 2321 1306 2388 Romani

136 2434 278 2518 grauiter
300 2434 427 2499 contriti
448 2431 579 2498 tandem
608 2452 710 2516 usque
737 2432 779 2496 ad
802 2452 1008 2516 congressum
1031 2431 1171 2497 bostium
1193 2452 1307 2516 proru-

137 2552 262 2629 perunt.
306 2544 521 2628 qrradraginta
553 2543 643 2608 milia
665 2541 947 2625 Gallograecorum
980 2562 1018 2607 eo
1052 2541 1174 2626 proelio
1207 2542 1307 2609 inter·
1323 2554 1351 2606 tt

135 2655 218 2720 leeta
239 2653 444 2740 reseruntur.)

219 2764 358 2829 Marcius
387 2765 499 2829 consul
526 2762 684 2829 aduersus
713 2763 848 2845 Ligures
881 2762 1042 2847 proleetus
1070 2768 1310 2847 superatusque

135 2879 285 2955 quattuor
314 2873 403 2938 milia
431 2872 565 2937 militum
595 2873 704 2938 amisit
734 2870 785 2954 <et
811 2872 875 2938 nisi
911 2872 1014 2939 uictus
1049 2871 1196 2937 celeriter
1224 2873 1309 2937 rein·

135 2984 237 3065 gisset
257 2983 291 3048 in
320 2990 440 3066 eastra,
471 2982 608 3048 eandem
638 2982 855 3049 intemitionis
883 2981 1016 3064 cladem,
1048 3001 1144 3066 qnam
1159 2982 1305 3050 Baebius

135 3092 253 3156 dudum
276 3093 318 3157 ab
340 3093 444 3159 isdem
466 3093 613 3160 hostibus
635 3100 811 3178 acceperat,
833 3094 1028 3178 pertulisset.
1323 3100 1351 3153 m

219 3202 325 3266 Marco
348 3201 483 3268 Claudio
505 3204 656 3268 Marcello
679 3202 797 3281 Quinto
819 3203 920 3268 Fabio
943 3200 1095 3268 Labeone
1117 3202 1307 3268 oonsulibus

134 3310 304 3396 Philippus
325 3332 392 3395 rex,
423 3315 477 3396 qui
507 3315 629 3396 legatos
656 3313 766 3398 populi
789 3314 924 3378 Romani
947 3312 1150 3377 interiecerat
1171 3318 1306 3396 propter

135 3421 289 3485 Demetrii
311 3422 369 3486 filii
398 3423 448 3489 sui
477 3442 570 3507 quem
597 3425 737 3506 legatum
767 3424 900 3490 miseret
922 3421 1213 3487 uerecundissimas
1236 3440 1309 3505 pre

135 3549 197 3613 ees,
230 3533 359 3598 neniam
381 3534 498 3598 meruit
527 3531 729 3616 eundemque
760 3535 911 3598 continuo
941 3533 1028 3597 uelut
1050 3531 1204 3597 Romanis
1226 3532 1308 3596 arni-

134 3660 204 3706 eum
228 3643 341 3727 suique
363 3642 573 3728 proditorem,
597 3645 693 3708 tratre
721 3663 848 3728 quoque
869 3644 973 3728 ipsius
996 3640 1178 3727 parricidae
1200 3642 1308 3726 patris
1325 3648 1351 3699 3<

135 3753 296 3836 ministro,
326 3753 407 3819 nibil
430 3753 472 3820 de
494 3760 629 3838 utroque
652 3754 804 3820 miserum
827 3753 902 3818 mali
934 3753 1151 3837 suspicantem
1174 3771 1306 3817 ueneno

134 3863 288 3946 necanit.)

201 4051 315 4104 trodul
332 4052 358 4105 B
443 4050 638 4107 3tulernnt1)
706 4051 789 4105 multe
807 4049 861 4105 131>
957 4053 987 4102 10
1006 4049 1099 4104 bebrul
1115 4048 1149 4113 Ι),
1166 4049 1263 4105 beurui
1280 4049 1307 4104 B

132 4142 267 4209 pfierllenl
282 4143 308 4197 Ι)
378 4149 408 4197 12
425 4150 626 4200 rnternreronem
644 4143 671 4198 B
759 4148 789 4197 13
808 4142 1015 4197 curaueruntD
1102 4146 1132 4196 14
1149 4148 1261 4210 gretiam
1280 4142 1307 4198 b

136 4238 165 4287 li
184 4234 423 4289 acerrullrmuml)
507 4241 539 4291 22
559 4235 665 4290 otareul
681 4235 707 4289 B
792 4229 933 4305 231?er
1018 4240 1051 4289 m
1075 4234 1307 4291 mternetronrl'D

134 4325 268 4381 bebrulD
353 4332 385 4381 25
403 4330 438 4383 ab
456 4329 552 4384 om.D
620 4327 762 4382 brideml)
865 4333 897 4382 te
925 4334 1033 4383 contiuo
1053 4328 1086 4383 θ’
1190 4331 1223 4383 30
1248 4327 1306 4383 fra·

133 4430 200 4477 trem
218 4419 245 4475 Ι)
312 4420 462 4488 parricidae
478 4423 590 4494 serapti:
607 4421 779 4491 porrrcrdrum
798 4420 823 4475 I)
