2834 5394
507 719 581 768 oar.
604 715 860 765 xxxxvrm-nu
1203 708 1266 769 557

90 871 195 939 ciente
226 879 259 938 et
291 871 539 959 imperatoribus
571 890 668 956 super
699 889 757 937 eos
785 869 974 956 chlamydes
1002 878 1035 937 et
1061 870 1264 942 Caesaricias

90 981 330 1067 imponentibus
351 983 473 1066 galeas.
517 982 590 1067 pari
619 980 713 1046 modo
742 988 774 1046 et
794 981 942 1046 Nicetam
969 982 1181 1049 nouissimum
1203 984 1265 1050 fra·

90 1099 171 1157 trem
205 1111 315 1158 eorum
346 1091 547 1158 nobilissimo
579 1092 663 1157 facto
697 1092 904 1176 superposuit
935 1091 965 1157 ei
994 1090 1198 1178 chlamydem
1230 1101 1263 1160 et

91 1221 223 1267 auream
245 1222 397 1269 coronam
419 1203 519 1268 etita
540 1209 768 1287 processerunt
795 1201 989 1269 iacmntibus
1011 1202 1260 1287 imperatoribus

57 1323 74 1372 ι
91 1310 258 1397 bypatiam
280 1320 312 1379 et
333 1312 470 1378 trimisia
498 1317 531 1378 et
552 1310 690 1377 hemisia
718 1319 750 1375 et
771 1311 967 1378 numismata
987 1332 1074 1379 noua
1094 1333 1196 1398 usque
1218 1312 1261 1379 ad

88 1443 240 1506 magnam
262 1421 440 1488 eeclesiam.

172 1533 267 1599 Anno
290 1532 416 1618 imperii
439 1529 644 1597 Constantini
667 1531 821 1597 uicesimo
855 1552 941 1598 nono
970 1532 1119 1617 ingressa
1140 1540 1189 1600 est
1209 1555 1259 1600 ur·
1280 1531 1327 1598 LI

90 1644 161 1709 bern
183 1643 302 1709 Eirene
324 1643 366 1709 ab
380 1641 520 1708 Athenis
543 1641 677 1708 ueniens
699 1639 909 1709 dromonibus
931 1650 963 1708 et
984 1642 1167 1710 chelandiis
1189 1645 1260 1730 plu-

88 1753 179 1820 rimis
200 1752 367 1820 adornatis
389 1752 500 1820 sericis
522 1751 632 1837 palliis
655 1757 687 1817 et
709 1752 895 1835 proceribus
912 1752 1002 1820 urbis
1017 1773 1089 1819 cum
1104 1754 1259 1821 uxoribus

41 1868 72 1916 ¹⁰
89 1863 217 1928 obuiam
248 1863 488 1930 occurrentibus
516 1869 548 1927 et
575 1860 844 1946 praecedentibus
872 1883 954 1928 eam.
999 1882 1134 1949 cumque
1162 1865 1259 1950 patri-
1343 1846 1346 1852 Α

90 1972 190 2039 archa
212 1975 356 2041 uenisset
377 1974 420 2039 ad
441 1973 597 2059 palatium
619 1974 652 2038 in
675 1973 845 2038 ecelesiam
868 1972 975 2054 Phari,
1005 1974 1092 2039 facta
1120 1973 1257 2040 suntad

87 2081 225 2149 eandem
245 2084 386 2150 Eirensn
409 2084 529 2150 Leonis
550 2083 754 2167 imperatoris
775 2083 943 2168 sponsalia
964 2091 997 2150 et
1018 2090 1110 2151 sexto
1131 2082 1257 2149 decimo

86 2193 246 2261 kalendas
269 2194 439 2262 Ianuarias
461 2202 615 2260 eoronam
637 2195 741 2260 estin
763 2194 902 2259 triclinio
917 2193 1096 2278 Augustaei
1118 2195 1257 2279 impera·

84 2303 149 2369 trix
170 2303 297 2370 Eirene.
342 2325 425 2390 quae
447 2324 520 2370 oum
542 2303 586 2370 ad
608 2304 783 2369 oratorium
805 2304 908 2370 sancti
924 2304 1081 2389 Stephani
1104 2305 1199 2371 situm
1221 2306 1256 2370 in

39 2423 67 2470 ¹5
84 2413 223 2500 Daphne
256 2414 388 2497 abiiset‚
425 2415 550 2498 accepit
582 2414 769 2499 nuptiarum
801 2435 953 2480 coronam
986 2435 1052 2481 una
1084 2434 1155 2481 cum
1189 2415 1256 2481 filio

84 2524 290 2593 Constantini
313 2526 461 2610 praelato
483 2524 637 2591 uidelicet
658 2525 855 2610 imperatore
876 2526 995 2592 Leone.

165 2636 235 2702 Hoc
257 2637 355 2701 etiam
383 2655 469 2701 anno
498 2636 585 2701 laeta
611 2642 663 2702 est
695 2636 900 2701 commutatio
932 2636 965 2701 in
989 2635 1087 2721 Syria
1106 2635 1182 2700 'uiri
1214 2632 1258 2699 ad

82 2746 186 2811 uirum
209 2752 240 2811 et
256 2745 396 2812 feminae
418 2744 461 2811 ad
484 2747 636 2813 feminam
661 2754 692 2812 et
713 2747 808 2831 pueri
832 2745 980 2812 similiter
1001 2745 1044 2810 ad
1066 2765 1201 2831 puerum
1225 2750 1257 2809 et

81 2856 245 2941 praecepit
271 2855 452 2923 Habdallas
481 2856 552 2922 radi
580 2857 701 2923 barbas
732 2878 842 2922 corum
871 2862 903 2921 et
931 2854 1000 2920 lieri
1029 2855 1255 2919 caulamaueos

31 2975 63 3025 ao
80 2966 178 3033 cubiti
201 2968 297 3032 unius
320 2974 352 3033 et
374 2968 482 3033 semis.

163 3076 258 3143 Anno
288 3076 416 3161 imperii
439 3075 645 3143 Constantini
673 3074 836 3141 tricesimo
864 3073 964 3138 mouit
991 3074 1168 3140 exercitum
1189 3074 1250 3139 Ba·
1271 3071 1333 3138 LII

80 3206 179 3255 uaeas
202 3195 314 3254 contra
328 3188 517 3252 Romaniam
540 3194 571 3252 et
593 3188 710 3252 multos
732 3187 878 3269 captiuos
902 3183 1037 3250 abduxit
1059 3192 1090 3250 et
1116 3183 1254 3250 Romani

80 3305 227 3383 quartam
256 3298 443 3364 Armeniam
481 3296 621 3381 ingressi
659 3296 924 3381 despoliauerunt
959 3315 1041 3361 eam.
1085 3303 1255 3381 praeterea

80 3410 213 3474 moritur
237 3408 354 3475 Salecb
376 3415 408 3474 ct
430 3407 591 3473 translata
613 3414 663 3472 est
686 3405 893 3473 Germanicia
914 3404 947 3470 in
969 3405 1198 3471 Palaestinam.

29 3523 62 3571 25
164 3517 288 3584 Eodem
323 3538 409 3582 anno
452 3517 595 3584 imitatus
631 3515 884 3582 Laebanodraeo
929 3516 1116 3599 magistrum
1160 3535 1253 3582 suum

80 3646 207 3692 omnem
243 3626 434 3692 monachum
472 3634 504 3692 ct
538 3626 733 3692 monacham
766 3627 800 3691 in
834 3625 976 3693 themate
1004 3625 1253 3693 Thracesiorum

78 3743 311 3802 commorantes
334 3735 421 3821 apud
436 3737 602 3821 Ephesum
624 3738 835 3821 congregauit
858 3744 890 3802 et
912 3735 1034 3803 eductis
1058 3737 1155 3803 eisin
1170 3757 1253 3804 cam·

77 3868 153 3930 pum
177 3846 258 3912 dixit
280 3845 323 3910 ad
346 3866 400 3912 eos
431 3846 496 3931 ‘qui
519 3849 587 3912 uult
609 3847 796 3931 imperatori
826 3866 864 3910 ao
886 3847 979 3912 nobis
1003 3847 1154 3913 oboedire
1177 3849 1253 3913 alba

78 3957 231 4022 induatur
254 3964 344 4022 ueste
366 3963 398 4022 et
421 3955 482 4021 bae
505 3957 586 4021 hora
608 3965 714 4023 sumat
737 3975 879 4021 uxorem.
923 3963 975 4021 ast
1001 3958 1055 4039 qui
1070 3957 1130 4022 boc
1146 3958 1252 4022 iacere

25 4077 59 4126 30
75 4067 169 4152 parui
184 4067 365 4152 penderint,
382 4066 499 4150 priuati
516 4066 692 4133 luminibus
707 4067 741 4130 in
757 4066 867 4150 Cypro
883 4064 981 4130 exilio
997 4064 1253 4133 damnabuntur!

74 4317 378 4327 ——-—-.—-

144 4469 352 4541 lclamydelD
440 4452 593 4539 telamyde
611 4450 693 4524 aurea
708 4471 712 4539 l
728 4477 754 4525 et
765 4453 909 4526 eorouriD
985 4467 1164 4524 bemilral)
1232 4472 1247 4522 8

74 4561 227 4618 hiereneI)
299 4567 328 4616 12
346 4562 483 4616 herrenem
501 4562 527 4616 D
598 4567 628 4615 13
646 4563 675 4615 ld
691 4563 718 4617 Ι)
769 4564 892 4633 trrclymo
912 4565 1030 4632 augusten
1047 4563 1074 4618 D
1146 4567 1175 4616 14
1192 4562 1250 4617 her·

71 4669 135 4707 rene
154 4654 179 4709 Ι)
267 4661 295 4710 tl
314 4672 341 4709 ιιι
360 4655 437 4724 Syna
454 4671 504 4709 om.
524 4653 550 4707 D
632 4660 662 4708 19
681 4657 870 4712 caulamaucol
886 4656 913 4711 P
928 4661 954 4711 et
971 4658 1152 4712 Anastasius:
1170 4654 1250 4709 caula

72 4747 231 4812 mucelli,
259 4748 500 4804 camelaucoleod.
522 4746 632 4804 Pitheci
732 4755 765 4804 20
784 4750 878 4803 cubitu
896 4749 923 4805 D
1025 4749 1206 4804 retraetata
1223 4748 1251 4805 D

70 4844 104 4894 26
130 4821 277 4895 tracehorir
296 4842 323 4898 I)
391 4845 423 4896 29
442 4841 556 4897 bancD
652 4845 685 4895 30
708 4843 924 4914 dampnabantur
941 4843 968 4898 b
