3142 5056
295 335 357 396 670
697 341 805 391 mnsx
827 340 1066 391 csrrrruosvrs

296 511 440 564 stuporum
457 493 531 563 apud
548 509 608 548 eum
626 499 795 562 contemptus
813 505 857 546 ec·
909 487 1084 574 contionaria
1101 489 1191 546 adecti
1207 497 1263 545 tarn
1281 491 1486 562 epriuciphus

296 589 438 644 clesiarum
455 601 578 656 quaeque
595 593 703 642 sacratu
719 602 768 654 pru
785 601 858 640 oum·
908 597 989 652 quam
1006 598 1022 638 e
1039 583 1147 653 populu.

295 681 421 736 munibus
432 680 582 736 ducentem.
606 680 781 748 imperatores
797 679 857 733 uni·
942 679 973 730 31
999 675 1141 732 Michaelis
1158 676 1277 732 studium
1294 679 1487 747 componendi

296 790 389 830 ueros
408 781 470 828 ante
488 788 518 828 se
534 779 565 828 ut
577 772 742 842 improuidos
760 771 856 840 arganil.
909 768 1019 824 dissidia
1052 770 1081 825 in
1104 770 1239 838 religione.
1282 771 1346 826 eius
1383 771 1487 840 legatio

329 873 362 922 22
391 865 519 922 Saraceni
536 865 666 921 Romanis
683 864 794 919 multam
811 879 857 934 pe·
909 861 944 917 sd
962 861 1088 918 Ceruium
1105 863 1234 932 Magnum
1251 863 1286 918 de
1301 879 1377 934 pace
1396 873 1428 918 et
1444 865 1487 918 al·

296 961 403 1018 cuniam
421 959 546 1028 eripiunt.
580 957 750 1027 Nicephorus
774 971 858 1025 gnua
908 953 1013 1010 linitate
1031 956 1222 1011 connubenda

295 1055 426 1108 tributum
443 1053 478 1108 ab
496 1051 617 1108 ecclesiis
634 1051 858 1119 monasteriisque
941 1051 974 1103 32
1016 1049 1211 1120 Theuphylacti
1251 1049 1298 1105 dlii
1333 1051 1486 1106 Michaelis

294 1146 498 1218 principumque
515 1145 638 1200 domibus
655 1145 745 1213 exigit.
907 1140 1047 1210 splendida
1069 1143 1217 1198 coronatio.
1252 1143 1442 1200 Manichacus
1459 1153 1487 1199 et

330 1243 362 1294 23
397 1237 531 1308 expeditio
554 1237 701 1308 Nicephori
725 1240 856 1294 aduerm
907 1235 1055 1302 Atingsnos
1073 1236 1224 1306 exstirpare
1246 1241 1366 1292 consum
1395 1239 1486 1308 impc-

295 1331 434 1400 Bulpares.
471 1329 596 1386 Grunnua
620 1347 712 1387 eurum
729 1333 855 1402 princeps
905 1335 987 1383 ratur.

293 1425 396 1480 frustra
412 1439 507 1494 pacem
524 1425 634 1494 expetit.
941 1425 973 1476 33
992 1419 1298 1478 Staurauiimiocrabilis
1306 1439 1396 1478 mors.
1418 1425 1486 1480 ecli-
1556 1435 1557 1486 1

328 1521 361 1571 ra
395 1516 542 1586 Niccpburi
559 1519 674 1574 uenus
699 1525 726 1573 ec
743 1519 857 1574 sautia
906 1515 963 1583 pru
986 1515 1014 1568 in
1032 1513 1088 1569 soie
1105 1513 1188 1570 rma.
1222 1515 1366 1571 uramus
1397 1531 1485 1588 aps
1556 1499 1557 1510 '

294 1615 375 1680 atque
404 1612 520 1666 auaritia
553 1613 685 1666 immanis.
732 1612 856 1667 crunnus
908 1607 973 1662 ditio
992 1608 1019 1662 in
1036 1607 1197 1676 Bulgariam·
1233 1608 1359 1664 simultas
1386 1611 1418 1665 in
1437 1627 1487 1666 ca·

293 1704 382 1758 uictus
408 1705 506 1760 iterum
532 1719 626 1774 poccm
655 1706 770 1773 expetit,
804 1722 858 1776 qua
907 1700 977 1755 stris.

293 1805 391 1866 negata
407 1799 448 1852 ira
465 1797 558 1853 iurene
585 1799 686 1854 exitum
703 1798 857 1868 imperatori
941 1799 974 1850 34
1009 1793 1119 1863 Bulgsri
1135 1792 1321 1850 Romanunm
1339 1795 1488 1852 &cordis

293 1890 450 1959 praecludit.
907 1895 1046 1956 compertu
1068 1887 1211 1942 occasione
1232 1893 1354 1943 utuntur.
1394 1891 1487 1944 multa

328 1987 359 2036 25
395 1982 455 2038 dira
477 1983 658 2040 Romanorum
689 1985 779 2041 clades
807 1985 856 2041 im.
907 1986 997 2035 casua
1014 1985 1042 2034 et
1058 1979 1158 2049 oppida
1174 1979 1334 2034 aliumanis
1352 1981 1465 2036 relicta

294 2080 419 2143 peratore
438 2091 498 2130 cnm
516 2077 640 2132 omnihus
652 2079 856 2146 magnatibusa
941 2077 980 2128 ³⁵·
1010 2072 1179 2128 Conmntini
1196 2073 1245 2126 lilii
1261 2087 1331 2142 quos
1350 2089 1366 2127 e
1385 2083 1487 2131 custo-

295 2167 418 2222 herharis
435 2168 586 2224 interiecto.
611 2169 757 2240 Nicephun'
774 2179 868 2247 caput
907 2165 951 2221 dit
977 2166 1117 2236 subripere
1149 2167 1258 2235 quidam
1283 2166 1420 2222 uolebant
1457 2177 1488 2224 et

294 2259 431 2315 acrunnu
447 2261 562 2315 recisum
572 2267 600 2316 et
608 2277 776 2332 suspensum,
794 2281 857 2320 mux
909 2259 1044 2314 adducere
1070 2259 1106 2314 ad
1124 2259 1270 2314 audiun
1304 2261 1487 2316 aMichaele
1557 2327 1558 2332 .

294 2353 424 2408 nudatum
442 2359 469 2408 et
486 2370 536 2423 pro
553 2356 651 2424 poculo
670 2363 838 2426 usurpatum.
908 2351 1046 2422 deporomi
1062 2353 1128 2408 iuesi
1146 2353 1175 2406 in
1191 2352 1356 2422 Aphusiam.
1390 2357 1487 2424 puniti
1557 2341 1558 2350 ¹

328 2450 361 2502 26
386 2445 569 2518 Nicephorum
586 2457 858 2520 umuesantegressua
909 2451 936 2500 ct
964 2446 1089 2500 cremitae
1114 2445 1222 2514 quidam
1258 2461 1376 2514 quorum
1409 2465 1488 2504 unus

293 2540 470 2609 imperaturos
501 2542 673 2612 improbitate
706 2559 855 2614 superasse.
907 2538 1037 2594 Nicolaus
1070 2539 1105 2593 ah
1131 2539 1300 2608 imperatore.
1345 2541 1486 2610 Atingsni

294 2631 453 2688 stauracius
464 2635 540 2703 graui
550 2636 662 2692 uulnere
679 2645 792 2708 eccepto
810 2640 857 2693 uix
907 2631 1035 2687 hamerici
1051 2633 1079 2686 in
1097 2633 1204 2686 exilium
1221 2633 1283 2687 acti

293 2727 385 2780 saluus
403 2727 502 2781 euadit.
942 2729 976 2779 :ld
1000 2724 1118 2780 Thchith
1131 2731 1226 2780 contra
1238 2723 1413 2781 Christianus
1423 2743 1487 2782 rnu-

328 2824 359 2872 lt
396 2819 553 2875 Stauraoius
570 2820 717 2890 imperatur
735 2838 856 2892 pronun·
908 2823 954 2872 uti
971 2818 1119 2872 exercitum
1136 2817 1182 2872 sed
1200 2818 1326 2872 uincitur·
1353 2819 1485 2873 bellain·

295 2913 379 2967 tiutus
397 2913 607 2982 spoletinorum
617 2915 784 2984 quibusdam.
803 2917 856 2971 Mi·
908 2911 1008 2964 teatina
1024 2911 1094 2964 inter
1110 2911 1250 2975 ΝΜ,
1267 2910 1484 2968 initrMuham·

294 3006 371 3061 chael
389 3005 565 3076 Curupalates
582 3009 617 3062 ab
635 3010 729 3064 amicis
745 3016 856 3078 rogatus
907 3009 963 3058 mai
981 3008 1009 3057 ei
1025 3001 1186 3057 thdailam
1203 3003 1309 3057 iram.
1347 3005 1486 3062 bhunnus

294 3107 325 3154 ut
341 3099 480 3166 impurium
497 3101 640 3168 acciperet,
657 3101 685 3154 id
702 3099 857 3158 iacerenun
907 3095 1084 3165 Bulgssromm
1116 3095 1172 3150 (iux
1194 3097 1351 3166 imperatori
1374 3115 1482 3167 pacem

295 3192 361 3245 uult.
387 3191 519 3245 Stauracii
532 3193 650 3257 morbus,
668 3195 857 3263 quemlmstra
907 3189 994 3244 offert.

293 3289 384 3338 mouet
401 3283 569 3352 Nicephorus
595 3287 751 3353 patriarcba
774 3288 855 3342 male-
941 3287 973 3336 dl
1009 3283 1127 3337 Michael
1150 3297 1244 3352 pacem
1268 3299 1329 3338 cum
1348 3282 1487 3352 Bulgaris

293 3375 367 3431 lactc
392 3377 477 3446 putris
503 3379 635 3447 corrigere
660 3379 752 3449 sicque
778 3380 856 3436 deum
906 3375 998 3431 facore
1022 3382 1050 3430 et
1072 3375 1201 3444 fugitiuus
1223 3375 1334 3431 reddere
1363 3387 1488 3432 recusat

292 3468 408 3538 placere.
907 3485 1054 3540 prunorum
1071 3469 1283 3524 consiliariorum
1296 3483 1390 3523 suasu.
1411 3471 1485 3526 Bul-

327 3567 360 3618 28
384 3562 518 3618 Staurccii
536 3565 747 3621 machinationes
764 3566 856 3622 adim·
907 3577 1033 3632 purorum
1058 3561 1189 3631 irruptio,
1216 3561 1339 3630 undeque
1362 3561 1486 3634 Bulgsri

291 3647 699 3726 periuro‘uxuriacquirondum.
722 3660 856 3728 quomodo
907 3656 1091 3711 mechanicam
1107 3655 1249 3709 militarem
1266 3653 1421 3710 didicerint

292 3749 409 3804 Michsel
419 3749 854 3821 Ourupalatesimperatoriactua
940 3753 972 3804 ³8
1007 3749 1168 3804 Mesembria
1193 3763 1211 3802 a
1233 3747 1357 3816 Bulgaris
1381 3757 1485 3819 capta

292 3841 382 3898 fucrit.
904 3843 1051 3912 imperator
1077 3842 1189 3898 consilio
1214 3841 1307 3896 habitu
1343 3841 1377 3896 dc
1408 3859 1485 3912 pace

325 3940 358 3990 29
392 3935 510 3992 Miohnel
544 3935 691 4005 imperatur
725 3936 855 3992 LXXllIl
907 3951 970 3990 curn
981 3935 1106 4005 Bnlgaris
1123 3934 1250 3990 iacienda
1266 3933 1409 4000 deliberet,
1430 3936 1484 3990 sed

290 4028 334 4084 uir
359 4029 431 4084 mitis
472 4035 499 4084 et
528 4029 654 4085 liberalis.
698 4029 855 4086 stauracius
906 4029 1053 4084 consiliarii
1076 4027 1189 4083 reddere
1213 4027 1340 4098 putamus
1365 4027 1485 4085 dinus-

291 4123 374 4177 sumit
390 4122 511 4177 habiturn
520 4121 706 4178 monasdonm.
730 4123 854 4179 Michao-
907 4120 979 4176 dent

289 4215 323 4272 lis
341 4216 480 4271 coronatio
498 4231 595 4284 magna
614 4213 717 4270 laetitia
734 4221 853 4285 peraota
940 4218 974 4270 39
1009 4219 1127 4270 cometes
1144 4213 1278 4285 apperuit
1312 4229 1378 4270 mcx
1396 4217 1487 4272 triste

327 4313 359 4366 30
394 4309 529 4378 Procopio
550 4309 578 4362 in
602 4309 753 4379 Augustam
776 4325 854 4366 coru·
905 4307 1029 4365 mutium
1053 4307 1165 4362 alatum
1186 4308 1223 4363 de
1247 4311 1329 4376 capta
1354 4305 1488 4365 Mesem-

291 4408 365 4456 nata.
400 4403 470 4457 uarii
492 4401 654 4458 liberalitato
679 4409 707 4459 et
733 4401 854 4473 magnill-
905 4401 966 4458 bria
983 4417 1044 4456 oum
1060 4400 1183 4456 Debeltu.
