2834 5394
515 669 588 716 oar.
612 667 854 714 xxvr-xnvnu
1212 653 1275 717 603

98 843 163 908 que
185 822 379 889 domesticus
403 840 443 887 ex
465 820 566 885 multa
587 819 756 884 inimicitia
776 819 810 886 in
833 820 989 885 alternam
1012 818 1187 884 amicitiam
1202 838 1275 885 cum

100 932 258 999 Michaele
281 931 476 1016 Ouropalate
509 950 638 996 uenere.
682 930 768 995 eirca
798 930 881 997 fines
910 928 1108 1014 Septembris
1142 929 1275 1013 quintae

101 1043 302 1123 indictionis,
331 1040 483 1106 kalendis
504 1049 611 1105 autem
634 1040 826 1107 Octobm'bus
849 1059 984 1124 uespere
1007 1038 1194 1107 stauracius
1217 1039 1275 1105 ad·

102 1160 249 1218 uocatum
272 1151 471 1236 Stephanum
493 1150 704 1217 domesticum
726 1150 996 1235 percunctabatur
1017 1168 1157 1231 quonam
1181 1149 1276 1215 modo

68 1262 292 1328 oMichaelem
326 1260 446 1327 sororis
479 1280 558 1326 suae
590 1261 739 1326 maritum
773 1280 813 1327 ex
847 1260 978 1345 propria
1006 1260 1143 1326 educere
1165 1268 1278 1344 posset

101 1373 197 1438 domo
220 1372 262 1436 ad
285 1371 355 1437 eius
377 1371 486 1436 oculos
508 1370 676 1452 eruendos,
700 1390 763 1454 quo
785 1370 977 1455 perhibente
999 1370 1200 1455 impossibile
1216 1370 1278 1437 hoc

101 1484 169 1549 lore
192 1482 251 1547 hac
274 1481 354 1546 hora
381 1488 512 1565 propter
533 1480 681 1545 uirtutem
704 1500 788 1565 quae
810 1480 896 1544 circa
917 1481 1007 1545 illum
1029 1481 1161 1547 adesset
1182 1491 1215 1547 et
1235 1481 1277 1547 ob

103 1592 313 1657 munitionem
336 1590 397 1656 loci
420 1590 534 1657 domus
557 1591 671 1673 ipsius,
709 1598 802 1674 rogat
837 1590 959 1655 nemini
987 1589 1057 1656 fieri
1086 1599 1164 1655 nota
1193 1611 1277 1675 quae

103 1702 297 1768 dictasunt.
341 1701 452 1766 atille
482 1719 554 1765 cum
577 1700 686 1767 uerbis
707 1700 981 1785 persuadibilibus
1004 1699 1184 1768 inflexisset
1204 1720 1277 1766 eum
1364 1783 1367 1790 ,

58 1827 87 1876 ιο
105 1831 146 1876 ne
175 1811 330 1878 sollicitus
359 1818 454 1893 esset,
492 1831 550 1897 per
579 1816 678 1876 totam
707 1817 833 1876 noctem
860 1810 994 1876 militias
1023 1810 1170 1876 ordinum
1194 1831 1277 1894 quae

105 1928 343 2003 remanserant,
381 1921 510 2005 collegit
543 1921 576 1986 in
609 1919 835 2005 hippodromio
867 1939 933 1985 una
965 1939 1036 1985 oum
1075 1921 1277 2005 principibus

104 2031 244 2116 propriis
266 2029 309 2094 ad
330 2030 603 2114 pronuntiandum
626 2029 764 2097 eundem
779 2023 970 2096 Michadlem
989 2031 1024 2096 in
1039 2031 1277 2113 imperatorem.

105 2160 240 2225 cumque
262 2147 348 2207 totns
370 2147 502 2208 senatus
525 2141 567 2206 ad
590 2141 747 2224 palatium
770 2139 811 2205 de
826 2141 897 2205 luce
911 2141 1064 2222 uenisset,
1087 2141 1173 2205 huuc
1187 2161 1279 2226 prae-

105 2252 295 2315 nuntiarunt
309 2251 545 2335 imperatorem,
569 2269 664 2334 quem
680 2249 867 2315 admodum
883 2250 917 2316 in
940 2251 1211 2334 subsequentibus
1233 2251 1280 2316 in·

60 2376 89 2428 le
106 2360 274 2426 dicabitur.
318 2380 414 2445 porro
436 2359 639 2444 Nicephorus
672 2359 858 2446 patriarcha
888 2360 1041 2445 scriptum
1074 2380 1095 2425 a
1122 2360 1279 2427 Michaele

105 2471 257 2556 propriae
280 2491 395 2536 manus
418 2472 525 2553 exegit
553 2469 594 2536 de
622 2478 710 2537 reeta
731 2470 796 2536 tide
828 2477 861 2536 et
882 2475 917 2535 ut
939 2471 1010 2537 sine
1032 2472 1191 2554 sanguine
1213 2490 1279 2535 ma·

107 2603 169 2646 nus
192 2602 212 2645 a
234 2579 430 2645 Christianis
452 2586 596 2645 seruaret
624 2599 662 2645 ac
691 2580 732 2647 de
754 2581 856 2648 sacris
879 2579 1063 2647 hominibus
1086 2600 1145 2648 seu
1168 2601 1279 2647 mona·

107 2690 176 2756 chis
199 2697 231 2754 et
252 2697 318 2755 toto
341 2689 560 2755 ecclesiastico
583 2690 729 2773 catalogo
751 2710 793 2756 ne
815 2698 1056 2775 percuterentur
1078 2691 1120 2755 ab
1141 2691 1207 2755 illo.

190 2799 285 2864 Anno
307 2799 349 2863 ab
372 2798 594 2864 incarnatione
607 2799 729 2863 domini
751 2800 1017 2882 octingentesimo
1040 2805 1152 2883 quarto
1175 2798 1260 2864 indi·
1275 2785 1339 2851 XX
1379 2795 1389 2847 ¹
1411 2795 1417 2847 ¹

56 2924 90 2975 ao
108 2909 212 2973 ctione
243 2909 356 2992 quinta
383 2908 477 2972 tertio
505 2928 609 2974 nonas
632 2907 780 2974 Octobris
802 2909 961 2974 hlrcuunn
983 2909 1149 2993 piissimus
1172 2907 1281 2973 Ovao·

106 3037 256 3084 racanas
279 3019 461 3102 appellatus
483 3024 533 3083 est
554 3019 728 3101 imperator
749 3019 964 3082 Romanorum
994 3019 1026 3084 in
1055 3017 1279 3104 hippodromio

108 3149 128 3193 a
160 3135 225 3192 toto
258 3135 372 3193 senatu
406 3135 501 3220 atque
534 3127 701 3193 ordinibus
735 3127 789 3211 qui
822 3128 994 3212 imperauit
1025 3129 1121 3196 annis
1144 3127 1279 3195 duobus.

107 3239 295 3304 Stauracius
317 3245 423 3303 autem
446 3236 541 3303 huius
563 3238 795 3303 acclamatione
824 3237 936 3303 audita
958 3239 1067 3304 statim
1089 3257 1211 3303 comam
1235 3245 1280 3303 to-

106 3348 211 3413 tondit
243 3356 274 3412 et
295 3347 491 3414 monachicis
514 3346 729 3413 circumdatus
751 3354 800 3414 est
823 3349 1023 3415 uestimentis
1046 3355 1079 3414 et
1100 3369 1158 3433 per
1180 3349 1282 3415 Sime-

59 3471 91 3521 25
109 3477 201 3522 onem
224 3457 414 3522 monachum
437 3463 608 3540 cognatum
631 3478 722 3522 suum
746 3456 842 3522 ualde
862 3458 1079 3542 patriarcham
1104 3460 1282 3540 implorans

109 3567 164 3650 qui
186 3567 320 3632 ueniens
343 3568 376 3631 in
399 3567 557 3650 palatium
578 3568 712 3632 multum
735 3569 936 3634 Stauraoium
965 3588 1123 3633 unacum
1146 3569 1283 3652 impera—

109 3683 178 3741 tore
192 3674 352 3741 blichaele
373 3676 511 3759 rogabat
532 3696 573 3741 ne
595 3677 777 3744 tristaretur
799 3698 895 3762 super
917 3699 955 3744 eo
978 3677 1064 3762 quod
1086 3679 1280 3759 factumest,

109 3806 174 3850 non
196 3786 282 3850 enim
305 3805 363 3868 per
384 3785 520 3853 insidias
542 3786 601 3852 sed
622 3786 848 3871 desperatione
871 3790 958 3854 uitae
980 3789 1085 3873 ipsius
1107 3787 1140 3851 id
1155 3794 1283 3869 gestum

110 3915 314 3961 asseuerans.
358 3902 392 3959 at
423 3896 479 3960 ille
511 3897 676 3980 nequitiae
703 3906 859 3981 paternae
885 3898 976 3973 rabie
998 3898 1108 3963 furens
1141 3917 1205 3961 non
1228 3897 1285 3961 ad-

61 4017 95 4068 30
111 4006 234 4088 qrrieuit
265 4003 376 4071 dicens
408 4004 452 4069 ad
485 4025 557 4071 eum
591 4005 739 4071 ‘amicum
769 4008 933 4073 meliorem
962 4006 1106 4071 me‘non
1129 4006 1283 4073 habebis.’

111 4115 191 4180 hora
213 4133 289 4178 uero
312 4113 378 4178 diei
400 4122 514 4198 quarta
543 4124 713 4182 coronatus
743 4123 793 4183 cst
814 4117 952 4181 Michael
982 4136 1003 4180 a
1024 4116 1207 4200 Nicephoro
1229 4135 1285 4200 pa·

109 4224 251 4289 triaroha
273 4224 307 4289 in
329 4224 466 4289 ambone
488 4245 626 4308 magnac
649 4227 814 4309 ecclesiae,
846 4227 878 4291 in
902 4246 963 4309 quo
987 4247 1107 4309 magna
1128 4227 1282 4292 exultatio

179 4527 239 4575 tet
260 4528 288 4576 15
307 4521 499 4577 michaheleI)
567 4506 745 4592 lpdtabatur
762 4523 788 4577 0
863 4529 923 4578 bct
943 4528 972 4578 11
990 4512 1184 4578 muchahalbI)
1256 4527 1283 4576 11

111 4620 137 4667 et
154 4619 183 4667 11
205 4615 379 4685 yppodromro
398 4614 424 4668 b
512 4619 539 4669 11
560 4616 638 4671 cul)
720 4621 750 4670 11
769 4601 1010 4685 qudaammoddli
1104 4622 1132 4670 ll
1151 4599 1288 4687 xpiramll

112 4710 144 4759 20
163 4715 255 4774 qurnto
274 4708 300 4761 I)
385 4707 518 4764 michahel
542 4708 569 4771 (h
587 4724 694 4781 semper
717 4710 838 4765 additam
854 4713 882 4765 in
900 4709 925 4764 d.
944 4727 971 4765 a.
989 4715 1085 4765 uiolare
1102 4710 1241 4777 desinam)
1260 4710 1287 4765 b

111 4803 144 4852 21
162 4815 211 4868 per
229 4799 319 4854 obal)
369 4781 538 4871 symcondI)
