2834 5394
171 223 234 288 478
672 233 764 281 urnas
785 231 846 279 nn

171 399 300 463 sbuens
327 390 465 456 classem
494 395 560 452 tarn
589 404 648 472 per
677 390 796 450 terram
825 404 921 468 qaam
948 403 1007 468 per
1032 402 1126 449 mare
1157 392 1287 451 contra
1308 405 1367 454 eos

170 511 276 570 motus
297 507 347 567 est
368 499 428 566 hos
450 498 536 565 bello
558 496 710 581 persequi
731 496 860 577 uolens,
888 501 921 560 et
940 500 1050 560 oontn
1070 492 1239 578 Honglon
1261 504 1366 581 atque

169 612 356 680 Danubium
378 628 436 695 per
456 607 589 693 Epirum
611 605 738 692 pedites
765 605 799 672 in
827 605 928 671 aoiem
950 604 1094 688 dirigens
1115 613 1153 670 et
1176 625 1365 693 perappro

170 724 333 810 pinquans
354 719 439 786 litori
460 736 563 784 naues
585 715 702 784 adesse
724 715 897 802 praecepit.

65 835 150 905 XXI
255 833 355 898 Porro
369 829 528 912 Bulgares
549 826 612 892 hae
632 827 797 893 eeleritate
818 845 875 893 seu
897 824 1038 891 maxima
1052 825 1276 894 multitudine
1289 829 1393 894 uisas

171 961 269 1026 super
290 940 395 1008 salute
416 958 477 1005 sua
505 936 669 1022 desperati
697 935 740 1001 ad
768 934 967 1021 prwdietum
994 935 1201 1020 praesidium
1224 937 1364 1021 fugiunt

171 1059 205 1119 et
230 1069 304 1117 sese
331 1049 580 1132 circumquaque
608 1046 763 1113 muniunt
807 1066 867 1131 per
898 1053 964 1112 tres
989 1052 1096 1110 autem
1127 1056 1164 1111 et
1198 1055 1363 1131 quattuor

170 1159 241 1227 dies
263 1178 304 1225 ex
325 1158 459 1224 huiusee
481 1157 569 1223 modi
589 1156 766 1222 munitione
787 1176 847 1223 noo
867 1157 933 1223 illis
954 1156 1043 1222 exire
1064 1154 1275 1225 audentibus
1299 1178 1362 1224 nee

170 1269 325 1339 Romanis
353 1275 484 1354 propter
516 1266 732 1333 adissentium
763 1265 917 1351 paludum
948 1265 1151 1332 oceasionem
1186 1269 1361 1352 proelium

170 1378 430 1448 oonstntentibus
443 1376 707 1444 animaduerteus
721 1376 846 1461 polluta
857 1395 939 1461 gens
954 1376 1107 1442 remissos
1122 1377 1360 1445 Romanorum
1378 1388 1403 1437 1⁰

171 1490 297 1559 animos
326 1494 470 1555 reereata
497 1493 530 1553 et
558 1487 697 1553 alaerior
724 1486 810 1552 taeta
837 1493 896 1553 est
940 1504 1034 1570 porro
1062 1504 1134 1550 eum
1167 1486 1360 1572 imperator

170 1598 289 1687 pedum
311 1598 454 1665 dolorem
476 1597 592 1663 aeriter
613 1602 777 1681 pateretur
798 1604 831 1663 et
857 1596 900 1663 ad
921 1594 1088 1661 meridiem
1109 1604 1294 1678 eogeretur
1315 1600 1360 1664 ob

170 1709 280 1777 balnei
310 1728 403 1775 usum
430 1726 497 1772 una
527 1724 600 1772 oum
628 1706 770 1791 quinque
796 1705 1003 1772 dromonibus
1024 1713 1057 1770 et
1076 1705 1222 1790 propriis
1246 1705 1359 1775 homi·

169 1818 267 1885 nibus
288 1817 357 1884 suis
378 1816 507 1897 reuerti,
529 1815 673 1883 deseruit
685 1816 894 1899 magistratus
916 1822 950 1883 et
963 1816 1115 1901 populum
1138 1815 1262 1883 iubens
1276 1837 1357 1883 eum

170 1926 295 1993 laneeis
316 1925 520 1992 uibrantibus
541 1925 710 1991 exereitari
732 1932 765 1992 et
779 1926 933 2009 impetum
955 1925 989 1991 in
1011 1944 1068 1992 eos
1089 1924 1197 1990 neers
1218 1934 1254 1992 et
1275 1934 1357 2012 post
1374 1942 1403 1991 ts

171 2054 209 2103 se
230 2054 288 2102 eos
309 2033 473 2100 attrahere
493 2054 515 2100 a
536 2034 713 2102 munitione
740 2041 772 2101 et
793 2035 911 2100 bellum
939 2035 973 2100 in
1001 2054 1056 2100 eos
1077 2052 1211 2100 mouere
1234 2035 1266 2102 si
1288 2037 1355 2102 ior-

171 2144 271 2211 tassis
298 2143 434 2210 exirent.
479 2143 531 2210 sin
558 2149 674 2226 autem,
703 2145 757 2212 uel
784 2144 971 2211 obsiderent
998 2163 1055 2210 eos
1068 2152 1110 2209 -et
1130 2144 1356 2212 obseruarent

172 2273 229 2323 eos
250 2255 285 2320 in
306 2253 547 2323 munitionibus.
588 2260 623 2319 at
650 2274 727 2320 uero
754 2255 789 2320 hi
818 2254 873 2337 qui
900 2260 993 2319 eraut
1014 2253 1173 2338 equestris
1195 2255 1353 2338 militiae,

169 2365 395 2452 imperatorem
415 2363 539 2448 fugisse
565 2363 770 2432 diffamantes
799 2370 948 2448 metaque
976 2363 1124 2449 oppressi
1145 2362 1263 2431 eadem
1285 2372 1354 2432 ter·

170 2475 390 2559 giuersatioue
417 2475 511 2542 abusi
539 2481 614 2542 suut
643 2476 772 2541 nemine
800 2479 1024 2559 persequente.
1066 2493 1161 2558 porro
1183 2472 1352 2557 Bulgares
1368 2487 1400 2537 m

171 2583 232 2650 hoo
253 2585 325 2653 uiso
347 2585 600 2669 insequebantur
627 2591 701 2669 post
727 2591 819 2668 terga
846 2585 989 2669 ipsorum
1019 2589 1051 2648 et
1078 2583 1189 2668 plures
1210 2581 1350 2666 quidem

170 2692 280 2776 gladio
309 2700 529 2778 peremerunt,
563 2694 680 2759 multos
711 2713 789 2759 uero
818 2694 1069 2758 uulnerauerunt
1096 2693 1260 2778 persecuti
1287 2713 1349 2762 eos

170 2801 337 2887 usquead
358 2803 554 2869 Danubium.
588 2821 681 2887 quem
703 2808 908 2869 transeuntes
930 2813 962 2868 et
983 2802 1151 2868 uenientes
1171 2821 1278 2885 usque
1301 2804 1349 2869 ad

171 2930 243 2977 eam
272 2932 356 2997 quae
382 2912 498 2978 dieitur
525 2913 656 2979 Barnun
682 2912 769 2977 eirea
795 2911 878 2978 fines
899 2911 1019 2996 Odyssi
1047 2918 1080 2977 et
1107 2909 1348 2978 mediterraneo

170 3020 239 3085 illio
258 3022 363 3106 posito
384 3028 553 3107 perspecto
575 3020 661 3106 quod
682 3021 717 3087 iu
738 3022 840 3087 multa
860 3023 987 3087 oautela
1007 3022 1204 3100 consisteret,
1227 3021 1263 3085 in
1286 3042 1347 3106 po-
1365 3035 1398 3085 ts

172 3128 361 3195 sterioribus
383 3127 512 3212 quidem
535 3137 666 3215 propter
686 3131 872 3197 Danubium
898 3130 1047 3207 fluuium,
1070 3132 1104 3196 in
1126 3130 1345 3198 anterioribus

170 3243 278 3302 autem
299 3243 332 3303 et
353 3257 394 3304 ex
415 3238 571 3307 lateribus
593 3240 634 3305 ob
656 3241 805 3309 clusuras
819 3248 851 3308 et
865 3241 1032 3306 Pontioum
1047 3260 1136 3307 mare
1151 3243 1345 3325 praesertim

170 3363 243 3412 oum
265 3345 507 3414 dominarentur
528 3358 561 3416 et
581 3350 799 3417 adiacentium
821 3350 1044 3419 Solauinorum
1066 3351 1341 3434 generationibus,

171 3475 255 3542 quae
269 3456 459 3524 dicebantur
473 3468 606 3545 septem,
623 3461 760 3529 Seueres
775 3461 904 3545 quidem
918 3460 1107 3525 ioeauerunt
1119 3460 1161 3525 ab
1179 3462 1342 3526 anteriore

171 3567 301 3635 olusura
314 3569 556 3653 Ueregaborum
578 3569 621 3637 ad
642 3580 751 3655 partes
766 3570 950 3653 orientales,
973 3570 1007 3635 in
1031 3569 1111 3636 loeis
1133 3577 1239 3635 autem
1255 3591 1341 3654 quae
1359 3589 1396 3640 so

171 3684 248 3745 sunt
275 3678 318 3744 ad
339 3678 508 3746 meridiem
537 3687 569 3746 et
590 3678 789 3747 oecidentem
815 3701 918 3765 usque
945 3679 988 3746 ad
1007 3680 1161 3746 Auariam
1193 3678 1344 3748 residuas

172 3794 296 3874 septem
318 3789 545 3870 generationes
568 3810 651 3875 quae
672 3791 732 3858 sub
754 3798 849 3876 paeto
870 3796 972 3857 erant.

242 3968 351 4036 telesti
367 3981 394 4036 Ι)
444 3968 526 4051 quiq.
544 3981 571 4036 Ι)
656 3964 827 4051 3hep1rdl)
899 3979 1036 4035 tuturo
1090 3981 1241 4050 precipiens
1257 3985 1343 4050 (precs

172 4073 201 4126 ia
218 4080 283 4135 ras.)
301 4073 328 4129 Ι)
396 4074 553 4143 euolgaret
568 4089 601 4128 ao
618 4073 645 4128 D
713 4073 906 4128 tmumtronei
922 4071 956 4126 b
1007 4071 1197 4140 audreutrb3D
1251 4077 1282 4126 16
1300 4081 1342 4126 at-

170 4165 341 4221 tbrshereD
425 4165 672 4236 touuulgaretb
773 4163 1025 4235 ‘ttpotttergaD
1126 4165 1343 4220 iisdem]

172 4260 205 4309 tt
223 4256 306 4312 oduiie
322 4257 349 4312 Ι)
417 4262 450 4311 25
467 4258 589 4314 multoD
657 4258 820 4328 aspriora
838 4258 866 4313 ia
884 4257 992 4312 duiura
1007 4259 1036 4312 iu
1052 4272 1107 4311 ras.
1127 4257 1191 4322 (ae.
1208 4258 1297 4326 fuisse
1314 4268 1343 4325 a)

169 4346 243 4399 inl)
1255 4385 1259 4394 .
