2834 5394
183 297 236 345 ml
679 295 869 343 PRAEFATIO

183 448 241 514 illa
261 447 459 514 recensione.
482 445 528 510 ita
551 445 734 512 factumest
755 454 789 511 ut
810 466 896 511 nune
919 466 981 511 uno
997 454 1168 530 conspectu
1185 449 1359 534 Eutropius

185 549 355 634 dupliciter
376 548 588 631 interpolatus
604 553 717 614 auctus
733 549 938 613 continuatus
960 555 1035 613 ante
1050 550 1158 615 oculos
1174 560 1356 634 poneretur.

268 651 309 715 Et
331 648 372 715 de
394 647 558 714 codicibus
573 648 703 733 quidem
719 651 765 716 sic
787 648 915 715 habeto.
955 649 990 712 D
1012 650 1191 732 significato
1215 652 1355 719 codicem

183 751 455 834 Bambergensern
478 751 527 829 (E.
543 750 599 815 Ill.
619 754 667 815 13.
683 750 722 816 Η.
738 770 796 816 nro
813 756 841 833 7,
860 751 982 816 Iaeckii
998 756 1072 819 5111
1089 755 1218 818 saeculo
1234 753 1357 818 decimo

182 856 217 920 iu
250 855 351 919 torma
383 850 543 934 quadrata
574 853 695 917 maiore
726 854 915 937 peregregie
948 854 1109 938 scripturn.
1169 855 1246 920 folia
1283 867 1357 921 suut

182 973 334 1023 cuxxvnr
348 954 418 1020 siue
434 954 661 1036 quaterniones
676 971 825 1018 xxxnnn
848 962 880 1019 et
900 953 963 1019 duo
979 956 1064 1019 lolia.
1087 954 1200 1020 eodem
1217 965 1358 1042 tempore

183 1059 224 1123 ab
248 1056 362 1123 eadem
386 1074 485 1118 uranu
502 1054 651 1137 quotiens
671 1056 831 1139 scriptura
851 1057 1006 1140 primaria
1021 1056 1192 1122 emendata
1214 1068 1262 1124 cst
1279 1079 1358 1124 scm-

183 1178 242 1243 per
263 1156 415 1221 indicaui.
453 1156 605 1221 uersiculi
629 1163 703 1222 sunt
724 1157 836 1223 triceni
859 1158 1006 1240 quaterni
1030 1178 1093 1222 nno
1109 1167 1221 1224 tenore
1236 1161 1355 1244 scripti.

181 1260 215 1325 in
252 1257 436 1324 nominibus
468 1257 609 1341 propriis
642 1277 740 1343 saepe
771 1278 870 1343 supra
902 1259 1032 1325 uocales
1066 1261 1223 1341 uirgulam
1257 1265 1357 1341 (uelut

182 1355 353 1427 marhuan*
375 1359 515 1443 positam
531 1378 605 1425 esse
627 1360 692 1426 illis
714 1380 847 1445 prorsus
870 1359 1060 1426 dissimilem
1083 1361 1356 1446 0011000010οἰ-

181 1464 295 1529 ficatur
330 1465 363 1526 ta
383 1466 438 1524 aut
460 1464 494 1541 a,
524 1460 713 1544 plerumque
742 1481 818 1525 uero
840 1443 872 1539 d)
904 1461 976 1526 ideo
1004 1482 1119 1527 moneo
1147 1466 1261 1548 nequis
1285 1474 1357 1549 post

180 1585 232 1631 me
247 1563 349 1631 sicubi
365 1555 537 1627 muhamad
560 1563 594 1627 iu
609 1561 718 1628 codiee
733 1563 894 1628 inuenerit
908 1583 959 1628 me
980 1565 1062 1629 lalso
1085 1584 1124 1629 ex
1139 1584 1177 1629 eo
1193 1566 1359 1629 nzubornud

180 1674 293 1733 notare
315 1662 496 1730 contendat.
532 1682 593 1747 ego
614 1663 704 1727 illam
727 1664 884 1729 uocabulo
913 1665 1010 1730 alicui
1032 1665 1175 1731 additam
1198 1686 1355 1734 essenon

180 1769 286 1852 magis
309 1766 417 1831 monui
441 1784 536 1847 quam
558 1765 833 1850 interpunctiones
856 1782 876 1849 0
893 1774 924 1832 01
940 1769 976 1847 .);
999 1786 1105 1850 neque
1128 1770 1212 1833 enim
1230 1770 1356 1835 uidetur

181 1875 348 1935 accentum
364 1864 555 1949 significare,
579 1884 650 1931 cunr
666 1886 765 1951 saepe
787 1867 868 1932 talia
889 1868 1096 1933 inueniantur
1111 1866 1267 1952 eharrr‘rn,
1297 1872 1354 1937 sed

182 1970 255 2036 ideo
287 1968 439 2053 apposita
466 1985 539 2033 esse
561 1974 596 2031 01
618 1987 736 2034 nomen
758 1970 922 2054 proprium
953 1970 1161 2052 significetur.
1207 1975 1239 2036 in
1263 1975 1355 2037 initio

181 2073 304 2155 aliquot
326 2070 404 2135 lolia
425 2069 606 2153 perierunt,
634 2070 682 2133 ita
703 2076 738 2134 ut
759 2071 897 2154 primum
926 2071 1042 2135 librum
1072 2080 1103 2137 et
1125 2074 1257 2138 secundi
1281 2075 1355 2140 libri

178 2173 370 2259 particulam
391 2171 531 2254 priorem
555 2180 668 2255 (usque
689 2170 778 2256 adp.
795 2176 915 2253 11111
938 2193 978 2238 ex
994 2172 1122 2238 Gruteri
1138 2175 1286 2241 Palatino
1310 2179 1354 2242 ibi

178 2282 302 2341 tantum
325 2278 570 2357 repraesentare
591 2273 760 2357 potuerim,
783 2274 837 2338 ubi
860 2273 948 2359 prior
977 2274 1182 2360 interpolatio
1211 2298 1293 2360 quae
1321 2280 1354 2342 in

179 2377 213 2441 Β
225 2377 256 2439 V
265 2376 382 2459 legitur
403 2394 424 2439 a
445 2372 622 2457 posteriore
643 2373 815 2459 discrepat.
860 2376 944 2458 quod
966 2384 1075 2443 tamen
1097 2384 1132 2442 ut
1153 2380 1268 2443 euitari
1291 2400 1355 2446 non

178 2479 282 2564 potuit
303 2478 350 2541 ita
370 2494 435 2541 non
455 2475 587 2539 multum
603 2474 777 2542 dolendum
793 2483 857 2542 cst:
880 2480 994 2562 paneis
1017 2479 1102 2544 enim
1124 2482 1158 2544 in
1174 2482 1231 2544 illa
1247 2485 1354 2564 operis

178 2588 271 2667 parte
293 2580 376 2645 alter
399 2576 610 2660 interpolator
632 2576 674 2642 ab
690 2578 792 2643 altero
810 2577 925 2644 differt.
948 2580 1123 2645 tenendum
1146 2582 1242 2664 igitur
1264 2592 1355 2649 csta

178 2704 210 2767 p.
230 2687 256 2762 1,
282 2686 415 2763 iusque
438 2676 481 2741 ad
503 2682 553 2759 11,
581 2682 621 2742 21
642 2679 773 2763 plenam
794 2680 942 2747 lectionis
965 2683 1153 2746 uarietatem
1176 2683 1353 2749 exhibitam

178 2801 252 2850 esse
275 2781 371 2845 ctiam
397 2798 438 2844 ex
459 2777 494 2840 B
515 2784 560 2858 (et
581 2780 658 2845 inde
680 2800 701 2845 a
720 2785 750 2860 4,
767 2784 807 2843 13
831 2781 928 2846 etianr
953 2801 993 2847 cx
1027 2781 1067 2862 ⁷),
1090 2781 1131 2847 de
1153 2784 1301 2849 Palatino
1323 2795 1354 2850 ct

178 2882 393 2950 Arnhrosiano
416 2900 457 2946 ex
477 2899 549 2946 meo
571 2880 700 2946 silentio
720 2880 802 2945 nihil
824 2881 970 2946 concludi
995 2881 1123 2963 dehere,
1154 2886 1289 2952 uncinos
1307 2885 1353 2970 <>

177 2993 382 3052 transuersos
399 2981 453 3065 qui
469 3000 527 3066 per
542 2989 680 3046 ceteram
695 2989 819 3066 partem
842 2980 940 3065 <haee
955 2983 1072 3067 uerba>
1094 2985 1127 3049 in
1144 2987 1212 3051 solo
1229 2988 1263 3050 D
1287 2990 1352 3072 legi

178 3085 370 3169 significant,
394 3083 427 3147 in
450 3081 558 3174 priore
579 3088 671 3166 parte
692 3083 794 3149 uerba
815 3081 873 3147 illa
888 3085 987 3151 solius
1003 3085 1142 3151 Palatini
1161 3091 1352 3157 auetmitate

175 3187 236 3254 uiti
260 3184 414 3250 indicare.

261 3287 295 3349 P
318 3284 478 3369 significat
504 3284 645 3349 codicem
667 3285 860 3350 Palatinum.
905 3285 946 3351 de
976 3307 1014 3351 eo
1042 3288 1124 3355 haec
1154 3300 1228 3357 suut
1251 3295 1353 3359 uerba

177 3388 305 3456 Gruteri
329 3386 498 3465 (historiae
519 3386 684 3469 Augustae
714 3387 898 3472 scriptores,
926 3387 1096 3456 Hanouiae
1122 3396 1212 3471 1611,
1241 3394 1349 3461 adnot.

176 3513 208 3577 p.
233 3494 287 3568 41)
321 3488 462 3552 ‘titulum
494 3492 594 3552 totum
628 3489 873 3572 repraesentaui
903 3495 939 3553 ut
971 3497 1040 3555 erat
1066 3492 1101 3556 in
1133 3498 1353 3580 manuscripto

177 3590 287 3658 codiee
309 3586 528 3655 Bibliothecae
549 3589 728 3669 Palatinae,
758 3589 1023 3673 longobardie-is,
1048 3598 1094 3665 (ut
1115 3595 1232 3678 uulgus
1255 3598 1351 3664 hodie

174 3698 276 3779 putat,
305 3697 341 3756 ut
368 3708 428 3773 ego
457 3688 649 3772 Saxonioisp
684 3689 924 3759 characteribus
953 3701 1100 3777 exarat03
1130 3696 1216 3778 quod
1245 3700 1349 3765 cidem

174 3791 384 3879 responderet
398 3790 492 3855 lectio
506 3792 702 3876 exemplaris
723 3811 786 3874 quo
807 3813 886 3859 usus
901 3795 1120 3878 amplissimus
1135 3798 1349 3884 Bougarsius3

175 3895 240 3978 qui,
272 3901 307 3958 ut
335 3893 401 3957 alia
431 3893 549 3973 omnia,
583 3893 630 3958 ita
662 3894 825 3959 uariantes
859 3915 985 3979 quoque
1015 3898 1190 3982 scripturas
1212 3902 1349 3969 libenter

174 4015 298 4061 meeum
315 3989 582 4058 communicauit.'
610 4015 685 4059 num
712 3994 810 4060 hodie
825 3995 926 4061 codex
950 4001 1090 4083 supersit
1111 3998 1223 4082 ignoro
1245 4023 1351 4087 neque

173 4104 283 4164 tamen
315 4101 371 4160 aut
391 4093 630 4178 Heidelbergae
662 4103 717 4160 aut
749 4096 782 4160 in
816 4096 1012 4163 bibliotheca
1033 4098 1192 4166 Vaticana
1219 4112 1347 4171 exstare

173 4198 314 4264 uidetur:
340 4196 417 4260 certi
441 4194 525 4261 enim
548 4196 629 4260 nihil
652 4197 801 4281 comperi.

258 4299 318 4364 His
351 4295 475 4365 duobus
507 4297 599 4365 libris
635 4299 669 4363 iu
699 4298 899 4365 restituenda
933 4301 1079 4368 oratione
1113 4304 1160 4369 ita
1193 4307 1346 4373 utendum

173 4407 243 4467 erat
264 4398 491 4483 utplurimum
514 4397 746 4483 Bambergeusi
768 4401 963 4469 tribueretur
986 4409 1094 4488 utpote
1116 4424 1158 4471 ue
1180 4408 1348 4476 leuissima
