3266 5082
268 343 330 404 214
788 351 879 400 nmm
900 351 925 398 x

268 510 372 594 magis
400 506 482 592 ipsis
509 505 659 572 conuenit
687 503 803 590 punire
831 521 904 586 eos,
942 502 997 587 qui
1026 501 1089 569 sibi
1123 499 1289 565 immolare
1319 498 1441 578 nolmt,

267 641 363 707 quam
385 617 488 684 uobis.
512 614 571 684 sed
593 634 651 682 uos
673 613 870 681 confirmatis
893 633 1004 680 eorum
1026 631 1106 697 quos
1123 609 1356 698 persequimini
1371 627 1443 675 scn-

266 731 416 810 tentiam,
445 747 541 812 quam
565 724 606 792 de
628 725 721 791 uobis
743 723 881 808 habent,
913 722 1057 789 dicentes
1086 742 1144 788 uos
1172 720 1288 805 impios
1317 724 1350 784 et
1371 719 1443 784 sine

267 840 328 908 deo
350 858 433 907 esse.
477 835 564 903 unde
587 842 619 902 et
641 835 815 920 optabilius
837 834 959 900 habent
986 833 1129 898 animam
1151 849 1271 916 ponere
1300 848 1360 914 pro
1382 826 1443 894 deo

267 971 325 1018 suo
348 956 380 1018 et
402 955 535 1014 mortem
557 946 696 1012 libenter
717 945 867 1030 amplecti
890 965 987 1030 quam
1009 941 1103 1009 uobis
1121 940 1333 1026 adquiescere
1355 946 1387 1005 et
1408 939 1478 1004 ino

267 1067 397 1127 uestrae
426 1057 594 1142 religionis
622 1056 693 1122 iura
722 1055 906 1122 concedere.
951 1054 991 1120 dc
1020 1052 1159 1119 motibus
1188 1057 1296 1118 eutem
1327 1057 1442 1132 terrae,

272 1172 328 1257 qui
356 1171 410 1236 uel
438 1168 514 1235 iacti
536 1172 618 1244 ¹suut
644 1166 697 1232 uel
725 1167 823 1232 etiam
852 1184 937 1232 nunc
964 1165 1065 1244 fiunt,
1088 1160 1263 1229 absurdum
1296 1181 1361 1227 non
1383 1160 1445 1226 erit

271 1299 449 1346 maerorem
471 1283 614 1344 uestrum
637 1277 725 1344 iusta
746 1275 992 1342 commonitione
1014 1272 1123 1358 solari,
1146 1269 1444 1358 quoniamquidem

269 1391 413 1476 comperi
436 1387 522 1474 quod
544 1388 579 1453 iu
600 1387 734 1454 huiusce
757 1386 844 1452 modi
866 1387 963 1452 rebus
985 1384 1027 1450 ad
1041 1385 1167 1450 illorum
1180 1380 1338 1448 inuidiam
1361 1400 1445 1447 com·

268 1520 385 1567 munes
407 1519 502 1567 casus
524 1498 723 1577 transfertis,
752 1497 786 1563 in
808 1516 871 1579 quo
893 1496 941 1562 illi
964 1493 1093 1577 quidem
1116 1494 1270 1560 maiorem
1292 1491 1445 1558 fiduciam
1464 1500 1494 1550 1⁰

270 1611 435 1696 accipiunt
455 1608 543 1695 apud
565 1607 669 1692 deum,
693 1627 751 1675 uos
774 1613 881 1673 autem
902 1607 937 1673 in
958 1605 1046 1670 omni
1067 1611 1225 1689 tempore,
1249 1623 1312 1687 quo
1334 1601 1376 1669 de
1398 1609 1446 1668 ta-

271 1722 357 1788 libus
379 1719 546 1804 ignoratis,
569 1726 692 1785 ceteros
715 1716 844 1802 quidem
866 1716 945 1783 deos
966 1715 1149 1800 neglegitis,
1172 1715 1290 1779 cultum
1307 1713 1445 1779 ucroin·

271 1831 416 1898 mortalis
447 1830 517 1914 dci,
548 1848 642 1914 quem
666 1827 843 1894 Christiani
866 1828 988 1909 colunt,
1018 1825 1181 1911 expellitis
1210 1830 1243 1890 ct
1264 1822 1444 1890 deturbetis

269 1960 372 2026 usque
407 1939 450 2006 ad
477 1947 610 2006 mortem
648 1939 786 2004 cultores
815 1937 903 2004 illius
937 1936 1165 2003 obseruantiae
1200 1939 1443 2019 persequentes,

270 2070 367 2136 super
395 2049 512 2134 quibus
540 2048 670 2134 plurimi
699 2069 740 2115 ex
767 2048 945 2134 prouinciis
980 2047 1103 2114 iudices
1138 2046 1235 2112 etiam
1263 2044 1494 2111 uenerabili1⁵

270 2160 356 2245 patri
379 2166 489 2225 nostro
512 2160 718 2244 scripserant.
763 2157 881 2241 quibus
904 2159 1093 2242 rescriptum
1116 2163 1166 2223 est
1187 2156 1229 2222 ab
1251 2176 1290 2222 eo
1313 2162 1347 2221 ut
1362 2153 1448 2220 nihil

270 2270 401 2336 omnino
422 2269 592 2335 molestiae
613 2269 748 2335 huiusce
770 2267 857 2333 modi
879 2267 1063 2334 hominihus
1077 2273 1270 2351 generarent
1287 2265 1445 2333 nisiicrte

269 2387 481 2464 arguerentur
502 2378 627 2464 aliquid
649 2378 823 2445 aduersum
845 2379 982 2444 Romani
993 2378 1085 2462 regni
1108 2385 1226 2445 statum
1238 2377 1353 2442 moliri.
1386 2375 1445 2442 scd

269 2496 300 2556 ct
320 2490 401 2556 mihi
421 2491 485 2576 ipsi
517 2489 631 2557 dehis
664 2509 760 2572 quam
783 2489 913 2574 plurimi
934 2489 1127 2567 retulerunt,
1156 2488 1273 2571 quibus
1301 2507 1361 2572 ego
1389 2508 1445 2572 pa·

269 2607 394 2668 ternam
421 2608 550 2667 secutus
580 2601 773 2667 sententiam
802 2599 875 2684 pari
905 2598 1124 2666 moderatione
1152 2598 1314 2683 rescripsi.
1358 2596 1446 2681 quod
1461 2597 1494 2650 ²⁰

269 2711 372 2792 siquis
405 2711 550 2795 persistit
580 2711 714 2777 huiusce
737 2708 825 2775 modi
847 2709 1031 2776 hominibus
1063 2709 1187 2794 absque
1215 2709 1281 2774 ullo
1311 2708 1445 2774 crimine

269 2839 399 2886 mouere
422 2821 560 2904 negotia,
583 2821 639 2886 illc
661 2819 790 2904 quidem
813 2820 867 2904 qui
890 2818 1016 2886 delatus
1038 2840 1096 2905 pro
1119 2820 1180 2885 hoc
1197 2818 1444 2899 nomineiuerit,

267 2930 456 2998 absoluetur
483 2931 581 2996 etiam
609 2931 637 2996 si
665 2930 817 3014 probetur
845 2928 880 2994 id
908 2949 981 2996 esse
1010 2928 1096 3015 quod
1121 2929 1152 2995 ei
1174 2930 1330 3012 obicitur,
1354 2927 1444 2994 Chri-

267 3039 403 3108 stianus.
446 3041 475 3107 is
503 3047 610 3106 autem
640 3039 696 3124 qui
722 3040 844 3105 crimen
873 3039 1034 3123 obtendit,
1073 3059 1148 3106 reus
1185 3059 1311 3126 poenae
1339 3039 1443 3123 ipsius

268 3169 365 3232 quam
393 3149 525 3233 obiecit,
554 3150 682 3216 crisim.
726 3151 894 3235 proposita
919 3150 1043 3236 Ephesi
1070 3150 1200 3236 publice
1228 3151 1262 3216 in
1284 3159 1445 3215 conuentu
1462 3153 1495 3205 ²5

267 3260 386 3327 Asiae!

166 3362 247 3430 XIII
352 3369 415 3435 Per
436 3369 523 3435 idem
544 3375 671 3454 tempus
692 3372 813 3437 Itomae
841 3371 1027 3456 agnoscitur
1048 3371 1207 3438 Arrianus
1228 3370 1444 3456 philosophus

268 3478 527 3546 Nicomediensis
549 3486 679 3564 praetor
699 3499 760 3546 nee
781 3501 846 3547 uon
869 3470 900 3547 et
921 3481 1083 3549 Maximus
1101 3481 1230 3566 Tyrius,
1253 3480 1444 3566 Apollonius

269 3591 395 3658 Stoicus
426 3589 678 3672 Chalcedonius,
711 3589 874 3658 Basilides
910 3591 1204 3678 Scythopolitanus.
1256 3591 1310 3658 isti
1347 3592 1445 3657 ctiam

271 3701 419 3784 magistri
441 3701 609 3768 Verissimi
632 3700 784 3768 Caesaris
806 3701 988 3768 extiterunt.
1032 3702 1130 3785 igitur
1151 3702 1334 3768 Antoninus
1356 3699 1445 3787 apud
1462 3705 1495 3756 ³⁰

271 3810 386 3878 Lorias
409 3811 487 3876 uilla
508 3811 640 3896 propria
666 3811 797 3878 milibus
819 3831 975 3898 passuum
998 3812 1039 3877 ab
1062 3813 1141 3878 urbe
1169 3810 1339 3878 duodecim
1362 3811 1445 3878 febri

271 3941 446 4006 paucorum
467 3921 592 3987 dierum
614 3929 687 4005 post
708 3922 795 3988 uitae
818 3941 937 3988 anuum
964 3923 1238 4008 septuagesimum
1262 3923 1443 4007 septimum,

270 4032 400 4117 imperii
422 4031 610 4097 uicesimum
632 4032 760 4097 tertium
783 4039 991 4118 consumptus
1020 4031 1086 4117 est>
1113 4039 1210 4118 atque
1238 4033 1322 4100 inter
1350 4032 1445 4099 diuos

342 4297 572 4354 9commumlD
674 4303 708 4354 nt
735 4299 847 4370 pcneD
933 4304 964 4355 25
992 4317 1020 4355 rn
1037 4317 1089 4356 cnr.
1106 4299 1134 4357 P
1236 4305 1269 4356 29
1289 4301 1444 4371 lcrthopoh·

270 4391 393 4447 tenelli
496 4395 528 4446 32
556 4407 626 4447 anno
656 4391 852 4462 septuagesimo}
871 4391 1024 4464 leptimoD
1110 4398 1142 4448 33
1161 4395 1287 4450 mcclrmo
1315 4399 1400 4451 tercio
1418 4393 1446 4450 D

272 4481 338 4539 dccl
354 4483 381 4538 B
