3236 5074
259 295 318 358 108
777 306 870 354 nrnsr
891 305 915 351 v

256 479 352 544 quam
374 459 403 527 si
424 459 588 540 uicissent,
610 457 800 524 consuluere
822 456 986 524 consulem
1007 461 1043 522 ut
1064 457 1091 523 si
1110 457 1268 524 inuiolata
1282 459 1434 527 eastitete

256 568 438 653 uirginibus
461 568 563 635 seems
584 587 623 633 ae
644 566 696 634 dis
719 566 926 633 seruiendum
948 574 1049 651 esset,
1079 567 1179 634 uitem
1202 567 1265 634 sibi
1286 587 1433 637 reserum

255 685 337 746 rent.
389 679 497 762 itaque
525 697 596 743 oum
624 677 727 764 petita
746 697 813 742 non
834 677 1105 762 impetrauissent,
1128 678 1276 762 paruulis
1297 679 1366 746 suis
1388 679 1430 745 ad

257 809 339 858 sexa
359 788 491 855 eoulisis
513 794 648 854 eunotae
669 807 742 855 sese
756 788 840 854 lerro
855 805 894 854 ao
908 786 1084 873 suspendio
1097 795 1313 874 peremerunt.
1350 789 1431 856 haee

256 897 297 965 de
319 898 486 983 'liguminis
507 903 540 965 et
560 897 777 965 Ambronibus
798 904 891 983 gesta
912 904 996 964 sunt.
1177 907 1179 914 '
1446 905 1467 956 5

188 1009 237 1074 111
342 1011 505 1074 Teutones
532 1014 639 1073 autem
674 1014 706 1075 et
733 1007 854 1073 Cimbri
883 1007 1018 1093 integris
1047 1007 1150 1092 eopiis
1175 1007 1308 1093 Alpium
1335 1008 1429 1076 niues

257 1119 379 1185 emensi
401 1118 517 1184 Italiae
546 1118 647 1204 plana
666 1127 894 1204 pemaserent,
932 1138 1067 1202 quorum
1098 1117 1181 1184 adeo
1210 1117 1321 1185 feritas
1343 1124 1429 1184 erat:

255 1228 334 1294 laeti
360 1228 467 1315 perire
494 1228 528 1293 in
556 1228 657 1311 bello,
694 1228 728 1293 in
755 1227 867 1293 morbo
896 1246 966 1292 oum
995 1228 1162 1310 lamentis,
1198 1228 1320 1294 amisso
1347 1226 1430 1294 duee

256 1337 368 1404 uiuere
388 1337 545 1404 inlicitum
567 1339 616 1406 eis
636 1337 817 1404 uidebatur.
848 1338 946 1421 igitur
966 1356 1038 1402 eum
1060 1338 1160 1423 plana
1179 1338 1295 1403 Italiae
1316 1356 1430 1421 perua-

258 1447 377 1515 sissent
405 1455 437 1514 et
462 1448 509 1513 ibi
536 1467 608 1514 oum
637 1446 775 1532 rigidum
802 1467 906 1531 genus
933 1448 990 1514 diu
1017 1447 1241 1515 blandioribus
1263 1447 1352 1512 auris
1374 1450 1484 1532 po-10

257 1559 338 1625 oulis
370 1557 452 1625 olbis
480 1577 518 1624 ae
543 1558 683 1624 lausoris
711 1558 923 1640 emolliretur,
959 1557 1081 1624 Marius
1109 1559 1221 1642 quinto
1254 1557 1366 1623 eonsul
1399 1566 1433 1622 et

258 1667 391 1735 Catulus
420 1667 594 1734 aduersum
623 1687 679 1735 eos
701 1667 802 1734 missi.
846 1667 900 1733 die
927 1666 971 1733 ad
997 1688 1140 1753 pugnam
1166 1674 1199 1734 et
1219 1687 1333 1752 eampo
1354 1665 1432 1732 dato

256 1778 452 1846 Hannibalis
481 1778 582 1846 seouti
609 1777 775 1862 ingenium
800 1778 836 1843 in
863 1777 983 1844 nebula
1004 1777 1193 1863 disposuere
1213 1797 1367 1863 pugnam,
1395 1777 1431 1842 in

258 1891 326 1957 sole
345 1892 538 1974 pugnarunt.
567 1889 673 1975 prima
688 1889 717 1955 si
732 1887 861 1973 quidem
876 1888 1075 1973 perturbatio
1091 1890 1257 1956 Gallorum
1271 1888 1331 1953 luit
1345 1885 1430 1972 quod

256 2001 437 2066 Romanam
458 1997 561 2064 aciem
582 1998 674 2082 prius
695 1997 858 2065 offendere
880 1997 1071 2084 dispositam
1101 2019 1197 2084 quam
1221 1998 1338 2065 adesse
1361 2015 1431 2066 sen·
1450 1995 1483 2046 ¹⁵

259 2109 368 2191 serint,
391 2127 526 2192 eumque
549 2107 622 2172 ilieo
645 2105 806 2175 uulnerati
827 2109 953 2192 equites
974 2116 1060 2176 retro
1081 2109 1115 2175 in
1138 2129 1214 2177 suos
1242 2113 1433 2193 eogerentur

257 2227 421 2303 totamque
443 2217 680 2284 multitudinem
701 2219 895 2304 indisposite
927 2218 1033 2285 adhue
1055 2219 1285 2286 aduentantem
1306 2224 1432 2284 oontur-

257 2329 371 2395 barent
398 2334 431 2394 et
459 2328 607 2394 solcum
635 2334 730 2394 uento
759 2335 847 2396 ortus
876 2349 917 2395 ex
945 2329 1084 2396 aduerso
1106 2329 1300 2410 emicuisset,
1339 2328 1430 2394 uisus

258 2458 369 2506 eorum
391 2438 500 2524 puluis
522 2438 666 2524 oppleuit
688 2444 720 2504 et
741 2438 895 2524 splendor
916 2439 1091 2506 hebetauit.
1125 2441 1171 2505 ita
1192 2440 1376 2505 factumest
1397 2445 1432 2502 ut

258 2555 350 2616 tanta
371 2567 409 2614 ao
423 2554 489 2614 tam
505 2548 658 2616 terribilis
674 2549 842 2616 multitudo
857 2549 992 2615 minima
1005 2551 1222 2616 Romanorum
1244 2546 1348 2631 clade,
1372 2566 1432 2613 sua
1448 2548 1483 2600 2⁰

258 2666 366 2726 autem
388 2659 503 2724 ultima
516 2659 723 2726 intemitione
741 2660 938 2726 eaederetur.
969 2658 1326 2744 centumquadraginta
1341 2657 1432 2722 milia

259 2788 368 2834 eorum
389 2773 464 2833 tune
487 2768 522 2835 in
536 2769 622 2835 bello
637 2788 744 2853 eaesa,
768 2771 940 2854 sexaginta
953 2770 1044 2835 milia
1065 2777 1160 2855 eapte
1174 2765 1348 2851 dieantur),
1371 2769 1432 2834 Ro

259 2877 347 2943 mani
374 2877 494 2944 milites
531 2897 571 2944 ex
598 2883 734 2964 utroque
761 2880 903 2946 exercitu
931 2881 1064 2947 trecenti
1086 2879 1258 2966 perierunt.
1301 2878 1365 2942 tria
1400 2884 1432 2943 et

259 2987 392 3073 triginta
407 2985 547 3053 Cimbris
571 2988 666 3072 signa
680 2989 810 3056 sublata
824 2995 907 3055 sunt.
936 3010 977 3056 ex
999 2989 1051 3058 bis
1074 2990 1233 3057 exereitus
1251 2988 1346 3054 Marii
1367 2985 1431 3052 duo

259 3097 445 3182 reportarit,
470 3094 578 3163 Catuli
601 3099 760 3167 exereitus
782 3100 916 3184 triginta
937 3120 1045 3166 unum.
1090 3100 1148 3168 sed
1170 3100 1212 3166 ab
1234 3110 1344 3166 eorum
1365 3117 1432 3162 mu·
1447 3105 1483 3158 to
1609 3087 1610 3098 ’

258 3209 393 3274 lieribus
414 3209 598 3292 grauiorum
620 3199 726 3294 pse'ne
754 3231 849 3295 quam
879 3210 921 3275 ab
950 3210 1032 3296 ipsis
1056 3230 1198 3296 pugnam
1220 3207 1356 3274 Romani
1378 3225 1432 3273 ex·

257 3318 343 3406 perti
365 3326 449 3386 sunt.
492 3317 556 3386 hae
577 3319 715 3386 etenim
738 3320 892 3404 plaustris
916 3321 951 3386 in
974 3320 1101 3384 modum
1124 3327 1301 3387 easmorum
1323 3317 1430 3402 dispo·

259 3429 330 3497 sitis
358 3429 452 3514 ipsae
478 3428 619 3514 desuper
647 3438 889 3515 propugnantes
911 3430 968 3494 diu
989 3430 1143 3497 obstitere
1165 3428 1331 3495 Romanis.
1374 3425 1431 3494 sed

258 3559 331 3605 eum
358 3540 400 3605 ab
428 3541 475 3605 eis
503 3559 588 3605 nouo
617 3539 726 3606 caedis
748 3560 866 3624 genere
887 3547 1146 3606 terrerentur-
1167 3539 1323 3606 absoissis
1345 3537 1431 3604 enim

258 3669 328 3715 oum
363 3649 450 3715 erine
472 3649 646 3717 uerticibus
667 3648 837 3717 inhonesto
865 3651 946 3718 satis
975 3651 1108 3716 uulnere
1135 3655 1246 3735 turpes
1274 3647 1432 3732 relinque·
1448 3656 1484 3708 so

259 3759 376 3826 bantur
397 3793 437 3804 —
455 3760 579 3842 ‚serrum
608 3761 693 3845 quod
721 3761 755 3826 in
786 3760 896 3828 hostes
919 3767 1140 3845 sumpserant,
1177 3760 1211 3824 in
1234 3777 1271 3826 se
1293 3773 1433 3842 suosque

327 4062 411 4116 adul
426 4061 453 4117 D
521 4063 745 4132 uperhemerunt
761 4061 788 4117 l)
881 4066 912 4115 to
930 4076 988 4116 auru
1003 4061 1108 4132 poculrl
1124 4059 1253 4117 eurull)
1315 4063 1345 4113 ta
1364 4058 1432 4112 ban·

259 4154 356 4209 mbalrl
370 4155 564 4212 bannrbabll)
618 4161 648 4210 14
665 4153 859 4224 pugnarentD
917 4159 948 4209 15
967 4153 1148 4211 lenieruntl)
1208 4159 1239 4209 19
1256 4153 1390 4209 babrtamt
1406 4149 1435 4204 D

260 4248 405 4303 lioooB
507 4247 831 4304 23.2ltrre&mB
913 4247 1156 4319 lteymbrrlBD
1257 4239 1435 4302 rann-a

259 4343 397 4408 ruptone
415 4339 442 4394 B
499 4356 595 4411 penam
614 4344 667 4411 qui
684 4340 711 4396 D
770 4355 861 4410 pugne
879 4340 932 4396 BD
1017 4345 1050 4396 29
1069 4341 1176 4398 ablerbl
1192 4339 1219 4395 B
1304 4343 1337 4395 30
1354 4337 1434 4393 mbo-

259 4433 340 4488 neltrl
355 4432 383 4488 B
451 4437 479 4487 31
502 4449 530 4488 ιιι
547 4449 597 4489 om.
616 4434 644 4490 B
695 4434 805 4504 lualque
823 4433 851 4488 B
