2834 5394
207 234 270 298 sis
612 250 717 301 trnsx
739 251 986 304 cremnosvrr

203 398 303 455 bellurn
329 397 496 453 transierunt
520 399 767 470 Carthaginienses·
852 406 885 459 ³⁴
919 404 1021 475 iugens
1033 404 1244 466 Romanorum
1257 411 1393 468 uicaria

205 508 259 563 que
275 492 374 561 ingenti
391 492 492 561 proelio
505 494 573 548 mari
586 494 768 566 nincuutcly·
817 494 922 553 Punica
951 498 1046 554 classe
1075 503 1162 572 apud
1188 506 1320 574 Aegates.
1356 523 1394 576 par

204 601 257 657 pes
273 586 341 640 urhe
353 596 433 655 capta
446 584 696 657 iniestisquesignis
703 588 768 644 Gar·
816 589 926 655 undem
942 592 1019 647 inter
1037 593 1298 667 Carthaginienses
1315 606 1340 654 et
1354 599 1393 655 Re

205 680 307 749 thagiui
324 679 495 734 circumlatis.
816 696 911 739 manos
928 685 1006 740 inita

237 778 271 829 ti
305 774 374 827 alter
405 772 545 827 consulum
572 788 634 828 cum
656 774 767 831 uicmics
850 780 884 832 ³5
912 777 1086 835 urthoma
1097 782 1218 841 Tiberis
1237 788 1396 843 inundatione

202 868 290 923 classe
302 866 414 921 Romam
432 865 509 929 redit,
526 866 766 924 alterdtiliuslle·
815 885 931 941 moxque
963 871 1098 929 insecuto
1137 877 1278 935 incendio
1309 890 1397 937 tanmn

201 962 281 1031 galus
298 961 326 1013 iu
343 959 436 1013 Africa
452 966 573 1014 remanet
588 960 688 1015 bellum
705 977 766 1032 per·
815 978 871 1019 noa
887 964 1043 1036 absumpta.
1082 968 1200 1026 bellum
1220 973 1339 1030 Faliscis
1353 977 1397 1030 m·

201 1069 324 1124 sequeus.
357 1052 450 1120 ingena
467 1054 651 1109 eiusuictoria
667 1054 702 1111 de
717 1056 766 1111 tri·
814 1062 880 1111 tum
922 1057 1056 1115 bellatum
1080 1069 1114 1116 et
1140 1065 1231 1121 uaria
1254 1075 1331 1124 sorte
1351 1086 1398 1125 mn

203 1148 254 1203 bus
271 1147 529 1215 Carthaginiensium
552 1147 675 1202 ducibus.
708 1162 765 1203 ser·
815 1148 901 1205 Gallis
916 1150 1032 1221 Alpinis.

201 1255 269 1311 peria
292 1240 375 1293 mirae
399 1239 588 1307 magnitudinis
610 1241 647 1296 ad
663 1242 765 1312 Bagra·

201 1333 263 1389 dam
281 1349 298 1387 a
316 1332 418 1401 Regulo
435 1348 589 1403 oppressus.
1075 1351 1130 1416 111

235 1434 270 1483 ts
304 1427 476 1496 Xanthippus
491 1426 765 1484 Lacedaemoniorum

203 1521 551 1589 rexaCarthagiuieasihus
569 1522 681 1577 accitus.
708 1520 764 1577 Ro·
851 1527 862 1575 l
898 1521 1014 1578 Romani
1036 1527 1232 1598 perlegales
1251 1535 1400 1591 Ptolom

207 1632 347 1671 manorum
378 1615 470 1682 iugens
501 1613 592 1669 clades
614 1622 643 1669 et
669 1614 764 1683 Reguli
813 1615 869 1686 regi
890 1616 1005 1687 Aegypti
1029 1620 1175 1678 auxilium
1205 1627 1334 1684 offerunt
1361 1631 1400 1686 ad.

204 1710 357 1780 captiuitas.
402 1709 573 1777 septuaginta
604 1709 764 1778 interpretes
813 1723 908 1765 uersus
949 1710 1118 1767 Antiochum
1159 1718 1270 1789 Syriae
1312 1741 1399 1794 regem.

202 1805 353 1873 scripturae
369 1817 471 1856 sacrae.
813 1800 936 1859 Hieronis
954 1802 1091 1860 aduentus
1111 1807 1245 1869 Romam
1264 1817 1303 1871 ad
1321 1818 1400 1873 ludos,

234 1902 268 1949 to
303 1895 417 1949 Romani
451 1895 521 1948 binis
555 1895 663 1964 proellis
696 1894 765 1950 mari
813 1895 954 1951 Sardiniae
972 1899 1134 1955 auctoribus
1154 1902 1272 1963 Poenis
1296 1911 1400 1966 rebellio

198 1987 432 2055 Carthaginienses
444 1988 555 2042 uincuut
567 1986 764 2056 classisqueui·
814 1988 945 2060 Sardique
966 1990 1073 2045 subacti
1098 1999 1129 2047 et
1152 2005 1304 2067 oppressi,
1341 2005 1401 2060 cu.

198 2080 289 2135 ctricis
318 2081 460 2134 remeantis
488 2081 565 2134 triste
585 2080 762 2150 naufragium.
812 2082 1023 2152 thaginiensihus
1041 2099 1124 2153 aegre
1142 2092 1235 2147 venia
1254 2095 1332 2151 deta.
1361 2097 1400 2152 la.

198 2189 323 2229 nummus
346 2181 487 2241 superiteus
511 2174 624 2242 primum
659 2173 763 2228 Romae
812 2190 864 2230 nus
886 2176 1001 2232 clausus.
1040 2177 1218 2240 Hamilcaris
1248 2188 1341 2246 Poeni
1363 2192 1400 2247 in·

197 2267 327 2337 signatus.
352 2266 511 2321 Hamilcaris
533 2266 618 2322 Poeni
629 2266 761 2322 seueritas
811 2269 915 2325 teritus.
948 2269 1047 2325 bellum
1064 2271 1224 2343 IRyricum.

200 2360 759 2431 inh'umidsscthlauritanoaquodliben-
844 2366 861 2416 t
894 2362 960 2417 urbs
992 2364 1131 2434 sacrilegis
1166 2374 1326 2433 sacrificiis
1352 2394 1399 2448 per

199 2462 242 2510 ter
264 2455 399 2525 Remulum
416 2456 567 2525 suscepisse
583 2454 744 2510 dicerentur.
812 2454 952 2525 pontifices
968 2455 1114 2511 lunmmta.
1147 2460 1322 2537 cisalpime
1336 2472 1397 2527 (Μ.

231 2554 261 2602 st
300 2550 394 2604 classis
421 2550 560 2604 Romanae
587 2549 615 2603 in
641 2547 762 2604 Africam
811 2547 864 2603 liae
887 2548 1001 2604 deiectio
1026 2554 1053 2604 et
1070 2550 1220 2611 Gallorum
1249 2563 1338 2619 etium
1366 2581 1398 2620 ex

196 2650 369 2695 transuectae
394 2652 419 2695 et
444 2660 504 2697 cum
534 2644 636 2712 ingenti
660 2641 761 2712 praeda
811 2641 931 2696 ulteriori
963 2644 1082 2697 exercitu
1102 2645 1210 2714 ingenti
1246 2654 1396 2713 aduentus,

197 2734 333 2787 redeuntis
360 2736 452 2791 iuielir
471 2738 566 2790 iterum
584 2735 760 2804 naufragium.
812 2733 930 2789 Gaesati.
956 2735 1138 2790 Romanorum
1158 2743 1241 2809 apud
1251 2747 1395 2804 Arretium

198 2835 294 2890 Cottae
318 2832 435 2889 consulis
452 2831 481 2884 in
498 2829 588 2884 Sicilia
612 2829 645 2884 de
663 2829 760 2884 Siculis
811 2825 892 2882 foeda
908 2827 980 2897 luge,
999 2830 1120 2899 quamuis
1137 2831 1289 2895 immensis
1309 2845 1394 2912 copiis

195 2936 222 2984 et
240 2929 337 2983 Poenis
357 2926 492 2981 [uictoriae.
524 2923 624 2978 Metelli
642 2922 760 2978 consulis
811 2926 906 2975 contra
923 2921 1056 2977 exiissent.

196 3021 336 3090 praecium
360 3019 475 3073 uictoria
498 3017 530 3071 de
556 3016 759 3083 Carthaginien·
844 3018 859 3067 3
895 3016 1042 3070 secuudum
1059 3031 1120 3071 cum
1141 3016 1230 3075 Gallis
1250 3028 1392 3092 proelium

195 3113 270 3166 silius
288 3110 360 3180 upml
378 3111 548 3163 Panormum.
810 3104 1046 3179 Romanorumque
1068 3110 1201 3166 uictoriae
1224 3124 1254 3168 et
1279 3122 1392 3176 Aemilii

229 3208 260 3257 32
297 3204 393 3256 Atilius
405 3202 520 3270 Regulus
534 3207 597 3255 ante
609 3201 758 3271 quinqueu-
810 3200 928 3254 consulis
951 3204 1109 3273 triumphus.
1151 3204 1301 3265 Gallorum
1328 3231 1389 3269 cor·

193 3296 267 3350 ulum
292 3302 387 3364 captus
412 3294 524 3347 Romam
547 3293 644 3347 missus
662 3309 678 3347 a
696 3294 761 3348 Car·
812 3308 880 3364 pora
903 3299 930 3348 et
953 3297 1041 3350 animi.
1077 3296 1175 3351 bellum
1206 3316 1273 3355 cum
1301 3305 1387 3376 Ligu-

194 3389 405 3459 thapiniensilius
420 3385 608 3456 adpetendam
622 3402 716 3456 pacem
734 3395 762 3442 et
812 3387 887 3442 ribus
913 3387 1119 3461 Insubriumque
1145 3389 1290 3449 Gallorum
1330 3401 1387 3455 cla.

194 3485 362 3553 captiuorum
390 3482 621 3551 permutationem.
656 3480 759 3535 iseum
810 3479 865 3536 des.
906 3482 1030 3551 prodigia
1064 3499 1112 3552 per
1140 3483 1253 3538 Italiam.
1291 3496 1386 3547 seme

194 3578 307 3633 Romam
335 3577 469 3639 uenisset,
499 3574 637 3629 dissuadet
663 3590 758 3644 pacem
809 3580 883 3629 motu
894 3575 1013 3643 grauiter
1025 3591 1157 3631 concussa
1167 3575 1248 3632 Caria
1261 3589 1291 3634 et
1305 3584 1383 3640 Rho.

193 3670 321 3739 iurataque
350 3670 428 3724 fidem
453 3670 544 3723 datam
568 3669 757 3737 Carthaginem
808 3667 867 3722 dus.
902 3667 1001 3722 colossi
1017 3670 1103 3724 ruina.

193 3763 281 3818 rediit.
302 3764 348 3817 ulii
366 3763 549 3817 crudelissimo
568 3762 699 3830 supplicio
716 3759 756 3815 al·
841 3764 857 3813 4
892 3760 963 3814 Galli
985 3776 1002 3814 a
1020 3761 1152 3817 Flaminio
1170 3765 1281 3819 consule
1301 3768 1381 3825 uicti.

193 3855 281 3910 lectus
300 3857 384 3924 periit.
807 3852 929 3907 Marcelli
952 3855 1070 3910 consulis
1096 3856 1234 3925 praeclara
1258 3858 1383 3917 uictoris

225 3952 257 4002 ³3
293 3948 432 4002 Romanae
442 3948 535 4002 classis
545 3948 647 4017 aliquot
657 3947 756 4014 clades,
808 3946 842 4001 de
875 3945 960 4000 Gallie
996 3948 1139 4018 opimaque
1172 3948 1259 4018 spolia
1286 3954 1382 4011 relata

193 4041 325 4095 aPoeuis
344 4040 379 4095 ud
390 4042 546 4111 Lilybaeum
564 4047 591 4094 et
607 4040 703 4094 iterum
722 4040 757 4095 ad
807 4054 869 4108 rege
896 4039 1016 4108 ipsorum
1032 4040 1192 4097 Virdomaro
1218 4042 1377 4102 interiecto.

191 4132 348 4202 Drepanum
373 4141 529 4204 superatae,
554 4148 617 4187 mor
640 4140 666 4187 et
688 4147 757 4187 nau·
807 4130 989 4188 Mediolanum
1001 4140 1190 4203 expugnatum.
1216 4135 1378 4194 bellumHi-

193 4225 279 4294 lragio
293 4224 755 4296 deletaequamuismilitibussaluia.
805 4224 926 4281 amioum
976 4222 1079 4281 Fabius
1112 4228 1251 4283 censemus
1286 4230 1377 4290 filium

192 4317 296 4372 Punica
314 4320 407 4373 classis
425 4320 530 4374 ltaliam
547 4319 660 4375 inuadit
804 4330 885 4373 som
900 4314 967 4360 Μ
982 4316 1166 4377 'flmmeum
1183 4320 1288 4377 occidit.
