2834 5394
46 1144 183 1216 XXIIII

208 108 270 173 258
717 122 810 169 maru
831 122 870 168 m

204 274 425 340 Domitianum
445 273 643 359 praetectum
670 272 804 340 orientis
832 272 959 338 occidit.
1008 272 1051 338 oh
1078 292 1176 354 quam
1204 290 1274 338 rem
1297 271 1395 337 Con-

205 386 343 451 stantius
365 383 554 469 indignatus
576 383 724 449 euocauit
752 403 835 448 eum.
880 384 936 465 qui
968 402 1041 448 cum
1073 388 1280 448 contemnere
1315 403 1388 447 nom

204 497 336 577 ualeret,
359 496 516 581 pergebat
537 493 580 559 ad
602 494 793 578 principem.
837 513 973 578 cumque
1001 499 1114 559 eontm
1140 493 1284 559 insulam
1306 492 1391 557 Fal-

202 624 376 673 conensem
408 605 561 687 uenisset,
599 623 673 670 eum
706 605 772 669 illio
801 604 1011 670 Constantius
1041 604 1208 689 praecepit
1236 603 1388 668 interimi

202 736 289 782 anno
312 716 439 800 imperii
462 716 512 782 sui
536 715 672 799 septimo
694 721 728 779 et
748 715 934 781 consulatus
949 713 1052 799 ipsius
1067 713 1155 779 Galli
1169 733 1259 779 anno
1273 713 1391 779 tertio.

202 827 254 891 uir
274 834 392 891 natura
413 826 500 891 ferus
522 832 555 890 et
575 824 618 890 ad
639 823 844 909 tyrannidem
866 825 998 909 pronior
1013 825 1041 891 si
1057 845 1115 891 suo
1131 824 1202 888 iure
1216 824 1389 908 imperare

204 934 377 1018 licuisset.)
420 936 572 1017 solusque
599 935 735 1018 imperio
757 935 901 1000 Romano
933 954 971 1001 eo
998 942 1142 1020 tempore
1164 933 1382 1000 Constantius

202 1046 353 1130 princeps
377 1053 408 1111 et
429 1044 593 1128 Augustus
616 1045 684 1110 fuit.

286 1157 397 1236 <Nunc
419 1156 515 1240 igitur
537 1156 579 1221 de
600 1154 736 1220 Claudio
758 1155 884 1220 Iuliano
906 1175 1013 1240 pauca
1034 1154 1171 1220 dicenda
1194 1161 1273 1220 sunt
1294 1154 1372 1219 eius-

201 1286 264 1351 que
296 1286 417 1350 genere
445 1285 484 1331 ac
513 1265 687 1350 disciplina
715 1275 746 1330 et
775 1286 838 1349 quo
860 1265 955 1331 modo
978 1267 1103 1331 cenent
1123 1264 1166 1330 ad
1188 1264 1368 1348 imperium.
1385 1261 1411 1316 tl

200 1375 431 1444 Constantinus
453 1376 508 1460 qui
529 1376 722 1460 Byzantium
750 1395 808 1441 suo
830 1377 960 1441 nomine
982 1375 1300 1459 Constantinopolim
1322 1393 1370 1458 ap

199 1488 343 1573 pellauit,
382 1486 465 1552 duos
493 1485 609 1551 habuit
637 1505 678 1551 ex
707 1485 820 1551 eodem
842 1492 944 1570 patre,
981 1506 1048 1551 non
1069 1505 1111 1551 ex
1132 1484 1249 1551 eadem
1271 1492 1369 1549 matre

199 1617 372 1682 germanos
396 1617 529 1681 quorum
552 1617 635 1662 unus
650 1596 833 1661 Dalmatius
856 1597 938 1661 alter
952 1594 1161 1662 Constantius
1184 1595 1368 1660 uocabatur.

199 1708 409 1775 Constantius
446 1714 554 1771 autem
589 1705 672 1771 duos
705 1705 819 1771 habuit
850 1712 944 1772 natos
972 1705 1103 1771 Gallum
1135 1712 1167 1770 et
1197 1704 1368 1771 luhanum.

197 1825 271 1902 post
300 1824 433 1882 mortem
457 1815 662 1882 Constantini
677 1815 866 1882 conditoris
889 1815 1270 1900 Constantinopolitanae
1297 1814 1368 1878 ciui·
1386 1816 1411 1864 ¹⁵

196 1926 273 1993 tatis
295 1926 370 1992 dum
393 1926 512 1991 milites
534 1927 692 1991 iuniorem
708 1926 904 1991 Dalmatiam
920 1925 1143 2010 peremissent,
1165 1933 1243 1990 tunc
1266 1932 1300 1989 et
1319 1924 1371 1990 isti

196 2035 347 2101 defuncto
369 2035 435 2100 iam
457 2042 550 2120 patre
578 2055 682 2120 paene
704 2037 817 2102 mortis
839 2036 1016 2121 perieulum
1038 2054 1110 2099 cum
1131 2036 1299 2100 Dalmatio
1321 2055 1370 2101 su·

197 2146 393 2228 stinuerant3
416 2146 479 2212 nisi
504 2147 632 2211 Gallum
655 2145 785 2230 quidem
807 2144 986 2230 aegritudo,
1015 2165 1100 2228 quae
1127 2145 1305 2230 putabatur
1325 2145 1371 2210 in·

198 2257 371 2338 euitabilis‚
393 2256 575 2335 liberasset,
598 2257 759 2321 Iulianum
781 2275 859 2322 uero
882 2263 974 2322 aetas
995 2255 1168 2322 infantilis:
1192 2254 1370 2321 eratenim

199 2388 359 2434 annorum
381 2373 461 2432 octo.
506 2386 641 2450 eumque
664 2366 706 2431 ab
728 2367 777 2432 eis
798 2367 906 2433 feruor
927 2366 1157 2449 imperatorum
1178 2365 1369 2449 quieuisset,
1385 2366 1411 2415 Ν

195 2476 310 2543 Gallus
332 2477 419 2542 cirea
439 2477 605 2561 Ephesum
627 2475 715 2561 apud
742 2476 889 2543 doctores
918 2483 996 2556 erat,
1032 2475 1090 2540 ubi
1117 2475 1217 2541 etiam
1245 2494 1268 2540 a
1296 2494 1370 2559 pro-

192 2586 393 2671 genitoribus
421 2587 648 2670 possessiones
680 2585 831 2652 babebat.
875 2606 970 2670 porro
992 2586 1139 2651 Iulianus
1161 2603 1312 2651 crescens
1334 2586 1368 2650 in

193 2695 362 2762 auditoriis
385 2695 765 2781 Constantinopolitanae
793 2697 899 2778 urbis,
928 2696 1142 2762 exercebatur
1169 2695 1203 2760 in
1231 2695 1369 2762 basilica

192 2807 248 2872 ubi
271 2804 417 2872 doctores
441 2813 542 2886 erant,
572 2805 685 2871 habitu
712 2807 840 2890 priuato
862 2806 1041 2891 procedens
1064 2805 1271 2889 habebatque
1293 2825 1369 2890 pae

191 2915 353 2999 dagogum
383 2917 563 2981 eunuchum
591 2916 722 2981 nomine
744 2915 962 2999 Mardonium,
998 2917 1244 2999 grammaticum
1272 2917 1367 2981 Nico
1384 2914 1411 2963 ‘²⁵

191 3025 272 3089 clem
301 3025 532 3103 Laeonensem‚
570 3026 729 3091 rhetorica
755 3044 833 3091 uero
860 3025 991 3109 legebat
1018 3025 1106 3110 apud
1127 3025 1297 3091 Ecibolum
1318 3046 1367 3092 so

190 3133 342 3218 phiatam.
387 3135 569 3200 eratenim
598 3136 744 3201 Iulianus
771 3136 814 3202 ah
841 3136 933 3201 initIo
962 3134 1178 3202 Christianus.
1228 3154 1368 3220 cumque

190 3244 328 3309 lectione
350 3244 527 3327 proficeret,
552 3251 584 3310 et
605 3245 692 3310 fairra
713 3265 772 3330 por
793 3247 947 3330 populum
968 3244 1126 3311 uolitabat
1153 3245 1232 3330 quia
1252 3253 1366 3328 posset

190 3355 288 3421 etiam
313 3374 380 3420 rem
404 3354 565 3440 publicam
587 3355 778 3438 guhemare.
823 3354 909 3440 quod
937 3354 1012 3420 dum
1034 3356 1132 3422 latius
1154 3355 1363 3440 panderetur,

188 3466 410 3532 aestuationes
432 3464 560 3531 induxit
581 3465 768 3550 imperatori
790 3465 989 3531 Constantio.
1035 3485 1132 3549 quam
1155 3465 1289 3531 obrem
1310 3467 1365 3533 ab
1381 3467 1411 3517 ³¹¹

247 3780 596 3837 ‚aeonumnonuabreth
648 3782 850 3838 imterhrmrD
906 3782 1366 3856 9-261‚3<>D:moxruhumee·

188 3875 287 3939 larem!
298 3876 333 3929 ad
340 3875 508 3944 gahalmrrrt
515 3875 664 3943 patruelem
674 3876 748 3929 tuum
755 3876 818 3945 galh
833 3877 838 3944 Ι
852 3875 907 3930 tim
919 3876 1019 3932 tradite
1031 3877 1367 3933 mmatrrmomumsorore

186 3982 246 4021 eum
263 3969 366 4029 'multa
381 3967 480 4036 oppida
496 3967 604 4022 barbari
622 3971 814 4036 expugnassent
830 3986 833 4027 ι
849 3970 903 4023 aha
920 3968 1197 4040 obbderent·ub1que
1207 3968 1274 4024 feda
1281 3971 1366 4026 ualu-

185 4061 237 4126 tasi
247 4061 313 4114 silet
323 4074 531 4128 romanumque
548 4075 689 4129 imperium
706 4077 761 4114 non
778 4061 861 4115 dubia
877 4077 930 4115 iam
946 4062 1099 4117 calamitate
1108 4068 1219 4118 nutaret
1230 4078 1327 4133 aquo
1337 4063 1366 4118 B

188 4151 345 4205 ilhrzantui
362 4151 388 4205 Ι)
457 4157 488 4207 16
505 4153 665 4223 phemrilent
681 4151 708 4206 Ι)
770 4157 800 4207 18
817 4153 979 4208 inabitahrhi
992 4152 1019 4208 Ι)
1081 4160 1114 4210 '22
1132 4155 1318 4225 pulteshomm
1335 4159 1369 4212 nt

182 4242 313 4313 sollorB‘
357 4247 389 4296 23
408 4243 527 4306 nudibus
542 4244 569 4299 h
620 4250 652 4300 26
669 4244 811 4314 legabatD
862 4249 895 4300 28
913 4246 1084 4304 nohtaretl)
1136 4253 1170 4303 3⁰
1187 4249 1320 4306 obitinmt
1338 4249 1367 4306 D
