2834 5394
533 670 606 718 cae.
629 672 766 720 rur-mr
1172 652 1234 714 279

36 820 268 892 Theodosius
296 822 446 908 quidam,
482 824 533 890 uir
559 825 650 892 fortis
678 844 720 891 ex
747 823 909 908 Hispania
936 823 1103 906 prouincia
1129 841 1234 905 genus

40 936 194 1015 ducens,
215 939 308 1018 pater
322 934 509 1010 Theodosii.
533 936 588 1019 qui
610 942 683 1018 post
704 934 839 1019 imperio
861 934 1011 1019 praefuit,
1034 933 1159 1000 occisus
1174 938 1233 998 est.

43 1048 128 1113 boc
156 1061 232 1128 ergo
263 1045 380 1111 timore
411 1045 540 1129 plurimi
575 1065 635 1112 sua
664 1045 796 1110 nomina
823 1051 1037 1126 mutauerant,
1074 1053 1232 1126 negantes

50 1171 149 1242 quae
169 1154 260 1238 prius
281 1152 473 1222 habuissent
500 1175 572 1220 curn
600 1155 779 1221 iuramento
802 1162 836 1220 ut
858 1155 1003 1239 pericula
1024 1152 1233 1220 declinarent.

27 1284 41 1333 e
151 1263 279 1330 Interea
297 1265 460 1331 Auxentio
480 1266 620 1332 Arriano
642 1264 877 1331 Mediolanensi
904 1264 1058 1350 episcopo
1080 1263 1229 1328 defuncto
1251 1243 1296 1309 Vl

59 1374 313 1442 Valentinianus
335 1394 517 1442 conuocaus
540 1377 719 1462 episcopos,
744 1376 839 1442 lruius
854 1374 941 1440 modi
957 1373 1044 1459 apud
1060 1392 1117 1439 eos
1134 1371 1234 1438 uerba

63 1488 189 1551 loeutus
209 1492 260 1551 est
282 1485 395 1553 ‘nostis
417 1497 530 1571 aperte
551 1485 668 1552 eruditi
691 1487 811 1570 quippe
833 1485 953 1552 diuinis
976 1484 1123 1569 eloquiis,
1158 1502 1234 1566 qua-

69 1597 133 1660 lem
152 1602 295 1679 oporteat
316 1615 390 1663 esse
412 1596 594 1681 pontificem
617 1604 649 1661 et
670 1598 747 1680 quia
768 1617 833 1662 nou
856 1596 949 1661 decet
971 1614 1043 1661 eum
1067 1593 1166 1659 uerbo
1183 1612 1232 1658 so-

77 1706 138 1769 lmu
164 1704 221 1771 sed
252 1705 351 1772 etiam
384 1707 628 1773 conuersatione
659 1707 841 1790 gubernare
878 1706 1039 1772 subiectos
1072 1711 1104 1768 et
1136 1703 1234 1768 totius
1274 1769 1276 1775 ,

48 1822 73 1871 tt
86 1822 171 1879 semet
189 1816 294 1901 ipsum
316 1816 509 1883 imitatorem
532 1817 659 1884 uirtutis
681 1816 852 1883 ostendere
875 1824 1053 1899 testemque
1068 1813 1234 1879 doetrinae

91 1927 343 1993 conseruationem
376 1926 493 1992 bonam
527 1926 657 1993 babere.
717 1929 814 1992 talem
848 1926 957 2010 itaque
991 1925 1024 1990 in
1057 1921 1234 2007 pontificali

97 2035 250 2102 comtituite
274 2035 354 2103 sede
375 2038 426 2103 cui
449 2045 481 2103 et
502 2058 571 2117 nos,
595 2038 650 2122 qui
672 2038 890 2121 gubernamus
905 2035 1085 2121 imperium,
1110 2034 1235 2099 sincere

98 2152 179 2209 nona
197 2147 307 2232 capita
328 2148 564 2215 summittamus
592 2157 624 2215 et
651 2149 722 2215 eius
752 2147 874 2213 monita
895 2147 972 2212 dum
994 2154 1157 2228 tamquam
1180 2141 1235 2205 bo-

101 2250 174 2321 uines
202 2256 434 2341 deliquerimus
466 2261 649 2325 necessario
686 2259 785 2324 ueluti
822 2257 964 2323 curantis
1000 2254 1237 2320 medicamenta

68 2364 300 2450 tesmeipiamusl
344 2367 404 2434 hoe
426 2388 498 2433 eum
520 2368 657 2436 dixisset
684 2369 868 2452 imperator,
906 2367 999 2453 petiit
1027 2363 1170 2450 synodus
1202 2369 1236 2427 ut

102 2475 176 2555 begis
195 2478 264 2561 ipse
287 2477 474 2544 decerneret
496 2480 629 2564 sapiens
651 2488 683 2545 et
704 2480 777 2564 pius
800 2481 954 2544 existens.
999 2484 1032 2542 at
1055 2476 1110 2541 ille
1127 2475 1236 2559 ‘super

101 2583 145 2647 tcs'
162 2588 257 2671 iuquit
286 2589 345 2656 ‘est
372 2590 447 2655 talis
475 2590 598 2670 electio,
627 2610 686 2656 uos
714 2590 800 2654 enim
827 2589 934 2671 gratia
955 2588 1068 2653 diuina
1089 2585 1181 2671 potiti
1204 2591 1237 2648 ct

101 2688 138 2755 illo
153 2697 317 2783 splendore
338 2699 497 2784 fulgentes
528 2700 643 2766 melius
673 2700 818 2784 poteritis
848 2699 984 2781 eligere!
1027 2706 1102 2762 tunc
1132 2714 1236 2761 sacer-

10 2842 14 2847 ·
101 2797 164 2871 dotes
187 2810 309 2893 egressi
338 2809 378 2876 dc
407 2811 585 2894 episcopali
614 2810 691 2876 sede
719 2810 910 2875 tractabant.
955 2827 1065 2873 uerum
1094 2805 1236 2870 ciuitatis

68 2906 265 2987 abrbitutores
287 2926 322 2984 ut
343 2921 464 2986 assolet
486 2921 640 2986 turnultus
662 2921 833 2999 faciebant,
864 2920 920 2983 alii
944 2919 1037 2996 lrune,
1067 2916 1124 2980 alii
1146 2915 1236 2978 illum

100 3037 184 3095 ornare
209 3037 366 3115 petentes.
412 3032 466 3114 qui
499 3032 585 3095 euim
615 3042 708 3096 eraut
736 3030 776 3096 de
804 3030 934 3094 Arriani
956 3027 1108 3092 Auxentii
1138 3032 1236 3106 secta,

101 3132 206 3205 similem
229 3142 292 3206 sibi
315 3141 386 3207 fieri
408 3141 646 3222 concertabant,
669 3162 794 3207 rursum
819 3139 987 3205 orthodoxi
1011 3138 1060 3204 sui
1076 3136 1236 3220 dogmatis

100 3236 187 3314 bbere
207 3251 391 3317 nitebantur
413 3253 609 3337 episcopum.

157 3359 242 3427 Hauc
272 3362 465 3429 seditionem
493 3363 692 3443 Aurbrosius,
730 3362 781 3425 cui
809 3370 883 3426 turre
913 3357 1106 3444 praesidalis
1135 3357 1238 3422 fuerat
1261 3357 1321 3422 vll

69 3470 153 3533 ”tura
170 3473 356 3553 commissa,
388 3493 587 3557 cognosceus
611 3482 643 3538 et
665 3480 810 3537 rrretueus
833 3470 953 3554 nequid
977 3468 1087 3533 turbae
1110 3486 1238 3533 consur-

98 3588 170 3662 llret,
190 3583 231 3648 ad
255 3584 423 3649 ecclesiam
446 3584 582 3650 festinus
604 3583 750 3649 accessit.
796 3590 829 3646 at
851 3581 897 3645 illi
914 3588 1063 3646 cessante
1078 3578 1238 3644 seditione

99 3698 268 3759 ttumuuem
291 3692 449 3760 dederuut
477 3714 587 3759 uocem
617 3702 762 3777 petentes
793 3700 826 3757 ut
849 3699 958 3776 pamm
980 3690 1089 3773 gregis
1112 3687 1238 3753 ordina-

100 3804 163 3864 tttur
180 3804 382 3878 Aurlrrosius
416 3806 471 3887 qui
493 3803 635 3881 noudum
658 3805 761 3868 fuerat
784 3803 976 3886 baptizatus.
1022 3800 1082 3865 boc
1105 3800 1240 3883 impera-

100 3908 134 3967 ¹⁰r
149 3930 331 3994 agnoscens,
361 3924 494 3998 repente
518 3914 609 3979 iussit
632 3922 664 3978 et
686 3913 843 3996 baptizari
867 3920 899 3977 et
920 3920 1083 3994 tamquam
1107 3908 1239 3992 dignum

69 4012 175 4085 illitum
195 4023 340 4089 ordinari
362 4025 559 4108 episcopum.
603 4031 738 4089 nouerat
761 4023 846 4088 euim
869 4023 939 4087 eius
962 4021 1129 4087 certiorem
1153 4019 1239 4082 oruni

101 4128 213 4199 llndere
242 4135 441 4200 uoluntatem
470 4144 502 4200 et
529 4135 626 4200 totius
656 4136 786 4218 regulae
814 4133 944 4197 decreta
966 4129 1135 4196 subtiliora
1157 4127 1240 4192 arbi-

101 4234 175 4306 tatus
193 4245 290 4309 etiam
313 4244 458 4310 diuinum
481 4246 514 4310 in
538 4265 576 4311 eo
592 4265 665 4312 esse
681 4245 841 4309 decretum
858 4242 934 4307 dum
949 4242 983 4307 in
998 4240 1068 4305 eius
1084 4238 1241 4304 electione

102 4342 172 4415 elbun
199 4374 276 4439 pars
309 4340 470 4421 contraria
502 4365 703 4421 consonaret.
748 4356 776 4420 is
809 4374 886 4437 crgo
921 4351 1003 4417 sacri
1037 4349 1241 4432 baptismatis

103 4445 163 4523 dono
184 4465 301 4549 potitus
322 4467 462 4550 gratiam
485 4485 612 4551 quoque
635 4465 729 4530 simul
752 4463 894 4547 suscepit
916 4460 1133 4544 episcopatus.
1178 4479 1240 4541 quo

106 4632 369 4669 ..κη’-,η

153 4733 350 4790 ltbeodolrolnf
364 4734 418 4789 BP
502 4738 649 4803 trmpprro
668 4732 694 4786 b
779 4742 866 4784 nuou
884 4728 978 4783 (natal)
1051 4731 1078 4781 lt
1098 4728 1200 4782 frueera
1219 4727 1246 4781 P

106 4811 129 4865 ²⁴
141 4827 302 4887 lrtiedabfl)
369 4832 402 4884 26
419 4828 464 4883 rlle
484 4827 509 4883 l)
576 4831 608 4881 34
627 4826 698 4880 donu
717 4826 806 4894 potrus
822 4824 848 4879 l)
