2834 5394
166 236 232 300 436
654 246 747 295 nram
767 247 855 294 mn

167 410 200 470 et
227 421 292 467 non
321 408 370 468 est
397 419 468 465 oum
498 417 536 465 eo
566 399 600 464 in
629 397 810 464 conflictum
838 417 1031 482 congressus
1059 405 1240 482 expectans
1264 398 1354 464 uniri

167 512 368 580 Sarbarnzae
391 517 423 577 et
444 510 491 575 ita
512 508 704 576 constituere
726 508 894 594 proelium.
938 509 1067 593 cognito
1081 516 1189 575 autem
1203 509 1350 576 Romani

166 622 369 691 Sarbarazae
390 621 512 706 impetu
535 619 577 686 ad
599 626 718 685 metum
740 619 888 686 conuersi
910 626 985 686 sunt
1007 626 1038 687 et
1060 617 1103 684 ad
1124 617 1228 703 pedes
1246 618 1350 705 impe

166 732 284 800 ratoris
305 752 376 796 cum
398 731 540 797 lacrimis
562 728 768 814 prociderunt
790 729 929 796 scientes
950 729 1047 814 quale
1069 728 1112 794 sit
1131 729 1256 794 malum
1279 750 1347 796 non

166 842 280 910 cedere
312 862 441 909 seruum
473 840 594 907 domini
627 839 847 906 uoluntatibus
880 847 912 905 et
941 839 1173 924 paenitentiam
1205 846 1376 922 agentcss

166 971 265 1037 super
286 951 559 1018 inoboedientiam
582 970 673 1016 suam
696 968 793 1032 quam
814 949 962 1034 nequiter
984 956 1256 1035 perpetrauerunt
1277 949 1346 1016 edi·

166 1061 283 1127 cebant
312 1060 452 1126 ‘manum
480 1068 569 1126 tuam
597 1059 641 1125 da
662 1059 792 1126 domine
812 1060 1000 1144 priusquam
1023 1080 1195 1146 pereamus
1216 1060 1344 1127 miseri.

166 1169 309 1238 cedimus
332 1171 417 1237 eninr
439 1171 496 1237 tibi
518 1172 551 1237 in
573 1170 827 1256 quibuscumque
847 1170 1071 1254 praeceperis?

77 1268 144 1338 XX
251 1283 342 1346 Tunc
363 1282 538 1367 imperator
558 1280 751 1348 accelerauit
766 1279 918 1364 congredi
933 1299 1004 1345 cum
1020 1280 1224 1365 Sarablagga
1237 1281 1345 1365 prius·

167 1412 263 1477 qnam
286 1392 430 1458 uniretur
451 1393 570 1478 populo
587 1391 790 1458 Sarbarazae
806 1398 837 1457 et
852 1390 960 1457 multis
975 1390 1214 1458 incursionibus
1229 1399 1345 1458 contra
1367 1399 1392 1450 1⁰

166 1521 239 1569 eum
268 1503 359 1568 factis
391 1510 484 1570 nocte
512 1521 550 1567 ac
579 1501 630 1567 die
659 1501 743 1567 huno
772 1501 806 1565 in
829 1500 1033 1566 formidinem
1055 1500 1178 1586 pepulit
1199 1495 1233 1568 'et
1256 1510 1343 1568 retro

165 1613 310 1697 utrisque
333 1612 477 1680 dimissis
499 1619 611 1678 eontra
633 1611 799 1678 Cbosroen
822 1611 975 1676 uelociter
996 1612 1161 1678 insecutus
1183 1617 1243 1678 est.
1278 1612 1343 1679 duo

165 1742 243 1789 uero
266 1742 307 1789 ex
329 1722 483 1790 llomanis
511 1721 554 1788 ad
577 1722 696 1789 Persas
728 1741 764 1788 se
798 1721 966 1788 conferunt
998 1729 1030 1788 et
1063 1722 1260 1806 persuadent
1295 1725 1344 1791 eis

166 1832 299 1900 credere
321 1834 484 1899 Romanos
507 1851 547 1897 ex
569 1830 740 1897 formidine
762 1831 884 1915 fugere.
928 1833 1063 1915 contigit
1085 1840 1192 1897 autem
1222 1852 1280 1900 eos
1311 1840 1343 1900 et

166 1941 265 2006 alium
287 1941 401 2007 audire
424 1961 583 2008 rumorem
606 1941 687 2008 Sain
709 1941 831 2008 scilicet
853 1942 1012 2026 praetoris
1027 1942 1198 2008 Persarum
1220 1942 1343 2010 aduen·
1362 1954 1389 2006 15

166 2055 232 2116 tum
256 2069 327 2115 cum
349 2051 415 2116 alia
436 2052 552 2117 militia
573 2052 607 2117 in
628 2052 795 2117 auxilium.
840 2058 872 2118 et
900 2052 960 2117 boc
982 2059 1145 2135 comporto
1168 2052 1342 2138 Sarablag-

164 2180 225 2245 gas
248 2167 280 2226 et
294 2160 495 2229 Sarbarazas
517 2160 726 2228 decertabant
740 2163 925 2228 Heraclium
948 2162 1103 2246 instigare
1124 2161 1166 2228 ad
1182 2164 1342 2247 proelium

164 2271 351 2356 priusquam
367 2271 552 2356 perueniret
566 2271 644 2338 Sain
668 2278 700 2338 ct
720 2272 755 2338 in
770 2292 806 2339 sc
821 2272 1009 2340 transferret
1024 2272 1176 2338 uictoriae
1190 2273 1342 2356 gloriam.

164 2381 333 2449 credentes
354 2401 481 2468 quoque
504 2389 535 2449 et
562 2384 707 2468 profugis
735 2389 949 2468 properarunt
976 2382 1134 2449 aduersus
1156 2383 1342 2449 Heraclium

164 2500 196 2559 et
217 2494 517 2579 appropinquantes
540 2492 568 2559 ci
592 2501 699 2561 castra
721 2493 831 2558 metati
852 2499 928 2558 sunt
955 2494 1101 2559 uolentes
1131 2493 1163 2558 in
1194 2513 1268 2559 eum
1299 2494 1342 2561 si·
1358 2511 1388 2563 to

167 2603 233 2668 mul
255 2622 327 2668 cum
350 2622 445 2668 mane
468 2603 598 2669 irruere.
629 2610 679 2670 ast
702 2603 872 2669 Heraclius
894 2603 1055 2687 profectus
1077 2625 1097 2668 a
1119 2623 1259 2688 uespera
1280 2604 1343 2671 iter

165 2712 239 2778 fecit
260 2732 318 2796 per
340 2718 439 2777 totam
462 2721 587 2780 noctem
610 2719 643 2779 et
664 2713 776 2797 procul
799 2711 930 2779 effectus
953 2714 995 2778 ab
1018 2714 1065 2780 eis
1088 2714 1219 2779 inuento
1235 2713 1343 2781 berbi·

164 2821 233 2888 fero
255 2841 369 2908 oampo
392 2828 500 2889 castra
523 2829 662 2889 metatus
684 2821 788 2888 estin
810 2839 858 2886 eo.

62 2924 145 2991 XXI
251 2933 351 2998 Porro
374 2933 505 3000 barbari
527 2931 751 3000 existimantes
772 2950 844 2997 eum
867 2951 908 2997 ex
935 2932 1105 2999 formidine
1135 2933 1254 3018 fugere,
1293 2933 1341 2999 in·

164 3043 341 3126 composite
365 3044 592 3127 sequebantur,
615 3048 650 3107 nt
672 3040 981 3125 comprehenderent
1001 3043 1101 3109 illum.
1139 3044 1210 3127 ipse
1232 3052 1341 3110 autem
1359 3058 1390 3111 25

164 3168 334 3216 occurrens
356 3151 404 3218 eis
426 3152 544 3217 bellum
572 3152 646 3217 iniit
673 3151 831 3219 aduersus
853 3151 926 3219 illos
963 3160 995 3219 ot
1023 3152 1227 3237 apprehenso
1256 3155 1340 3221 colle

164 3258 303 3344 quodam
331 3279 501 3327 nemoroso
530 3269 783 3346 coaceruatoque
805 3263 924 3347 populo
953 3263 1083 3348 inipso
1111 3264 1339 3348 cooperatione

165 3367 218 3436 dei
237 3370 395 3437 barbaros
418 3371 514 3437 uertit
551 3377 583 3437 et
612 3391 671 3458 pcr
693 3373 802 3439 fauces
832 3373 890 3440 bos
919 3373 1082 3440 insecutus
1104 3372 1342 3440 multitudinem

166 3500 207 3547 ex
235 3481 286 3548 bis
314 3481 479 3566 copiosam
508 3481 636 3548 occidit.
680 3481 767 3549 cadit
794 3488 901 3548 autom
937 3491 968 3549 ct
1005 3483 1225 3567 Sarablaggas
1262 3502 1341 3550 ense

165 3592 355 3659 uulneratus
377 3592 411 3659 in
434 3592 541 3660 dorso.
586 3598 711 3658 etcum
734 3592 768 3658 bi
789 3592 873 3659 inter
895 3612 1018 3678 agones
1041 3603 1159 3676 essent,
1194 3594 1342 3679 peruenit
1359 3606 1391 3657 oo

166 3702 263 3768 etiam
286 3702 364 3768 Sain
395 3721 466 3768 cnm
496 3703 640 3770 exercitu
661 3723 719 3770 suo
756 3711 789 3770 et
814 3704 876 3772 hoc
904 3725 1000 3771 uerso
1030 3705 1205 3788 imperator
1240 3711 1272 3769 et
1300 3723 1342 3770 ex

166 3810 219 3878 bis
248 3812 355 3879 multis
384 3813 499 3880 occisis
536 3813 677 3896 reliquos
706 3814 865 3898 fugientes
894 3814 1056 3900 dispersit.
1101 3813 1186 3899 oepit
1213 3833 1341 3898 quoqne

167 3927 199 3987 et
221 3929 412 4008 apparatum
435 3924 584 3990 saroinae
605 3923 758 4009 ipsorum.
796 3944 891 4010 porro
907 3924 1107 3991 Sarbarazas
1129 3924 1238 3990 unitus
1261 3924 1341 3990 Sain

238 4199 445 4267 laggrolfufll
514 4203 573 4253 tet
594 4203 622 4253 l'l
641 4199 773 4270 probol)
849 4198 1051 4255 5rccederef)
1121 4200 1256 4255 9larban
1274 4199 1342 4256 &D

170 4289 372 4359 llutrrulqd)
426 4290 615 4346 ldieomd')
685 4297 715 4346 15
734 4299 761 4346 et
780 4296 810 4346 18
828 4296 900 4347 etal
921 4298 948 4346 et
966 4296 997 4346 33
1017 4289 1134 4347 lahrnD
1196 4292 1341 4347 lfdcfar·

166 4379 290 4434 barusn
359 4385 393 4436 lo
411 4385 584 4437 occurrentes
600 4382 633 4437 ΙΙ
702 4388 733 4437 ll
752 4386 900 4454 nemorolfa
919 4385 952 4439 Jr
