2834 5394
555 40 633 91 s'„

527 681 601 729 cun.
625 681 706 728 xvr-
719 681 821 729 xv1111
1191 669 1254 732 497

76 831 163 897 tiosa
186 829 315 915 quidem
338 832 429 916 ligna
451 831 493 897 ab
516 851 554 897 eo
577 832 707 899 sublata
729 852 829 918 supra
850 852 996 901 mensem
1018 835 1136 921 posuit,
1174 836 1255 922 phy-

77 941 165 1006 laeta
194 960 271 1007 uero
299 943 333 1008 in
361 942 444 1007 collo
472 962 532 1009 suo
554 941 733 1028 suspendit.
777 961 877 1029 puero
899 951 1008 1010 autem
1029 945 1116 1012 toras
1139 945 1254 1013 educto

79 1057 113 1116 et
133 1050 307 1136 dispoliato
338 1071 500 1136 supraque
529 1052 629 1118 limen
657 1071 802 1138 expanso
830 1059 940 1137 guttur
966 1054 1037 1122 eius
1058 1055 1163 1123 instar
1183 1057 1254 1125 onis

80 1167 231 1227 secarunt
262 1168 294 1226 et
326 1162 411 1228 hunc
444 1163 477 1227 in
510 1164 630 1248 templo
663 1171 845 1230 sanctorum
874 1163 1130 1250 Anargyrorum,
1168 1165 1254 1252 quod

42 1271 237 1336 cucumae
273 1279 420 1355 uocetur,
459 1273 589 1359 sepeliri
626 1274 831 1339 mandarunt.
889 1274 1140 1360 comprehensus
1176 1296 1254 1342 uero

79 1388 251 1464 praeterea
280 1388 312 1446 et
340 1382 585 1450 Bariobacurius
614 1384 738 1468 primus
766 1383 921 1468 patricius
949 1390 981 1449 et
1002 1403 1109 1452 comes
1131 1385 1255 1454 Obsicii

78 1491 290 1576 interemptus
312 1498 371 1578 est.

166 1601 264 1666 Porro
285 1601 383 1668 Helia
411 1622 477 1668 una
504 1622 575 1668 curn
605 1602 652 1669 eis
675 1602 729 1686 qui
752 1608 845 1668 erant
867 1622 975 1669 secum
997 1604 1194 1672 ascendente
1215 1606 1250 1673 in
1272 1599 1387 1667 XVIII

80 1711 268 1777 Damastrin
292 1718 324 1778 et
344 1712 388 1778 ad
411 1732 576 1780 sermones
599 1732 670 1778 cum
693 1730 731 1777 eo
754 1712 808 1796 qui
836 1712 903 1776 illic
932 1721 1002 1778 erat
1029 1715 1172 1781 exercitu
1200 1734 1256 1782 ue·
1283 1797 1286 1804 ,

28 1825 62 1876 ¹⁰
80 1821 190 1887 niente
212 1821 410 1907 uerbumque
431 1822 623 1908 inpunitatis
650 1822 770 1908 populo
799 1823 854 1905 qui
884 1828 952 1887 erat
980 1841 1051 1888 cum
1074 1825 1255 1892 IustinIano

80 1931 257 2018 praebente
279 1933 472 2016 sequestrati
495 1939 569 2000 sunt
591 1933 737 1999 uniuersi
760 1940 793 1998 et
807 1931 1026 1999 discesserunt
1040 1954 1060 1999 a
1076 1933 1254 2000 Iustiniano

81 2024 184 2109 solum
217 2041 303 2107 hunc
335 2043 523 2110 deserentes
559 2048 591 2109 et
624 2040 666 2107 ed
699 2048 808 2127 partes
843 2042 1014 2128 Philippici
1046 2043 1253 2111 confluentes.

79 2158 155 2216 tunc
185 2152 370 2235 praedictus
400 2152 513 2219 Helias
542 2151 735 2235 spatharius
771 2152 877 2217 lurore
912 2171 1044 2220 currens
1073 2154 1154 2219 collo
1183 2155 1254 2221 eius

81 2262 286 2348 apprehenso
307 2263 449 2349 pugione
471 2262 535 2347 ouo
557 2268 629 2328 eret
649 2262 811 2330 accinctus
834 2264 1014 2349 amputauit
1034 2270 1131 2348 ceput
1151 2264 1255 2350 ipsius

36 2374 64 2424 ¹⁵
81 2377 113 2438 et
140 2391 198 2457 per
218 2373 399 2439 Romanum
422 2372 631 2458 Spatharium
658 2371 702 2437 ed
723 2371 939 2458 Philippicum
967 2373 1065 2440 misit.
1116 2381 1149 2439 at
1177 2392 1255 2439 uero

81 2481 280 2567 Philippicus
303 2504 362 2568 per
383 2481 521 2549 eundem
544 2481 752 2567 Spetharium
775 2483 837 2548 hoc
864 2483 906 2548 ad
936 2483 1153 2551 occidentales
1181 2504 1255 2569 par·

80 2601 129 2658 tes
151 2612 253 2675 usque
273 2597 408 2660 Romam
431 2592 620 2660 transmisit.
664 2600 833 2677 praetcrea
860 2594 1050 2678 priusquam
1079 2595 1255 2678 imperaret

81 2708 152 2769 erat
183 2701 315 2784 quidam
344 2704 509 2769 inclausus
537 2704 571 2768 in
601 2704 797 2769 monasterio
821 2703 997 2770 Callistrati
1027 2704 1196 2788 praeuisor
1223 2710 1256 2770 et

81 2812 275 2894 haereticus,
299 2812 354 2896 qui
376 2811 564 2880 ascendenti
587 2812 630 2878 ad
646 2832 681 2880 se
696 2813 877 2899 Philippico
899 2813 981 2878 dixit
1004 2812 1182 2897 ‘imperium
1206 2819 1256 2878 est

33 2940 66 2989 ιο
83 2921 142 2985 tibi
164 2921 358 3005 repositum!
402 2925 511 2989 atille
532 2922 678 2988 turbatus
700 2930 759 2989 est.
804 2929 836 2987 et
856 2922 902 2987 ait
924 2923 1088 2990 inclausus
1111 2922 1150 2988 ‘si
1174 2923 1255 2990 deus

82 3030 171 3095 iubet
192 3039 227 3096 tu
249 3051 344 3115 quam
367 3031 497 3099 obrem
520 3032 735 3098 contradicis?
785 3031 846 3097 hoc
868 3038 974 3097 autem
1003 3031 1075 3096 dico
1097 3031 1155 3097 tibi
1178 3033 1256 3117 quia

81 3147 174 3207 sexta
196 3140 339 3226 synodus
362 3144 446 3208 male
467 3144 555 3208 iacta
570 3151 629 3210 est.
668 3143 695 3208 si
712 3162 788 3226 ergo
804 3141 1026 3227 imposueris,
1049 3141 1133 3207 hanc
1147 3142 1255 3227 proice

80 3259 111 3316 et
133 3251 290 3316 efficietur
318 3252 487 3338 imperium
516 3253 574 3318 tibi
607 3253 688 3318 torte
721 3259 817 3336 atque
851 3252 1063 3335 longaeuum!
1107 3251 1255 3335 quicum

81 3361 261 3427 iuramento
284 3361 461 3449 spopondit
483 3363 513 3428 ei
538 3382 573 3429 se
595 3363 656 3428 hoc
678 3363 845 3428 facturum.
890 3380 961 3425 cum
977 3369 1084 3427 autem
1100 3361 1255 3428 Leontius

32 3488 65 3539 25
83 3472 262 3537 IustInieno
284 3473 503 3552 successisset,
526 3472 673 3538 ascendit
693 3471 893 3556 PhilippIcus
915 3470 957 3536 ad
980 3471 1170 3549 inclausum,
1199 3470 1254 3555 qui

80 3580 159 3646 dicit
179 3582 209 3646 ei
232 3584 284 3647 ‘ne
306 3582 456 3649 lestines:
479 3583 535 3648 fiet
556 3582 633 3647 tibi.‘
676 3600 812 3666 cumque
834 3587 865 3646 et
881 3581 1071 3649 Absimarus
1093 3581 1252 3666 imperas·

80 3697 138 3772 set,
160 3712 273 3758 rursus
296 3691 442 3758 ascendit
464 3691 508 3757 ad
530 3713 613 3758 eum.
657 3693 709 3757 oui
730 3692 785 3757 ille
807 3692 922 3757 iterum
945 3693 992 3757 ait
1015 3689 1066 3758 ‘ne
1083 3693 1252 3773 acceleres,

78 3800 158 3866 illud
180 3802 264 3867 enim
287 3803 502 3887 praestolatur
523 3803 572 3868 te.’

164 3912 262 3976 Porro
284 3931 355 3976 cum
371 3912 571 3998 Philippicus
593 3912 654 3977 hoc
676 3909 868 3995 quibusdam
891 3910 1004 3976 amicis
1026 3911 1094 3976 suis
1116 3908 1253 3974 fidenter
1275 3905 1408 3975 XVIIII

31 4039 62 4089 co
79 4021 194 4086 fulsset
214 4022 392 4106 confessus,
430 4021 473 4086 ab
501 4021 549 4088 eis
570 4021 743 4086 Absimaro
771 4021 952 4085 nuntiatum
975 4025 1025 4085 est
1046 4020 1102 4102 qui
1123 4038 1254 4084 caesum

78 4137 111 4194 et
131 4136 259 4196 tonsum
281 4139 379 4216 atque
400 4132 513 4198 ferreis
535 4130 673 4197 uinculis
688 4132 854 4215 alligatum
870 4131 956 4196 hunc
970 4130 1003 4194 in
1019 4127 1253 4214 Cephaloniam

78 4241 207 4306 exulem
230 4241 325 4308 misit.
357 4262 428 4307 cum
451 4249 558 4308 autem
580 4241 781 4308 Iustinianus
804 4242 971 4326 imperium
994 4240 1183 4324 accepisset,
1206 4257 1254 4304 re·

78 4352 206 4416 uocauit
228 4372 310 4417 eum.
356 4359 480 4418 etcum
503 4359 665 4436 regnaret,
688 4352 762 4416 fecit
784 4348 1067 4437 pseudosynodum
1090 4349 1254 4434 episcopo·

149 4643 156 4689 1
180 4636 214 4691 ab
232 4651 264 4691 eo
282 4636 398 4706 lignal)
501 4637 623 4691 tcomel
639 4634 781 4701 obscur-l)
804 4636 937 4704 (obloquu
958 4636 1038 4689 ctiam
1063 4631 1103 4698 P,
1130 4631 1256 4704 Boupor-

76 4731 178 4795 slonus,
197 4732 367 4796 Anastasius)
462 4716 648 4785 descedente
672 4746 700 4783 ιιι
724 4729 876 4798 damaltryn
904 4727 931 4782 D
1036 4732 1061 4780 ll
1082 4723 1255 4804 precenteD

80 4827 109 4876 14
129 4821 263 4892 capudll
333 4821 461 4878 181ml)
511 4822 699 4878 lrallrltratrl)
760 4827 793 4877 26
811 4819 1003 4892 optimas-ull)
1070 4824 1103 4876 30
1119 4803 1255 4876 erola

121 4916 241 4959 Eunoen
254 4927 373 4959 ursorum
1015 4925 1046 4976 32
