2834 5394
10 39 1012 335 u

493 156 501 163 .

569 674 642 723 cnr.
664 675 762 722 n-vr
1170 662 1229 725 591

56 836 149 895 rante
171 827 345 894 luminibus
361 827 489 912 priuare
504 825 686 893 Bardanem
702 831 735 891 et
755 833 829 910 post
849 826 975 892 lacinus
997 824 1039 891 ad
1061 826 1231 893 ecclesiam

56 935 177 1024 fugere.
208 958 271 1020 quo
293 938 377 1002 lacto
398 944 463 1002 tam
478 935 664 1022 patriarcha
685 942 717 1001 et
739 942 869 1002 senatus
892 956 986 1019 quam
1009 955 1121 1003 omues
1136 936 1232 1002 deum

56 1055 207 1115 ttmentes
228 1047 345 1112 acriter
367 1046 546 1112 doluerunt.
576 1055 627 1113 ast
648 1047 823 1129 imperator
843 1045 1060 1128 nequissimus
1073 1045 1232 1130 Nicepho

57 1180 112 1225 rus
141 1177 211 1222 cum
247 1157 437 1223 iuramentis
472 1176 584 1222 omnes
618 1156 775 1241 primores
802 1156 1031 1240 Lycaonenses
1064 1155 1232 1222 simulatus

25 1282 41 1332 5
58 1267 247 1352 exquirebat
261 1267 295 1332 in
311 1287 378 1348 eos,
401 1272 436 1331 ut
450 1266 633 1350 putabatur,
656 1267 789 1346 ulturus,
813 1266 922 1331 omnia
936 1265 1111 1332 secundum
1127 1272 1232 1332 osten-

56 1378 209 1443 tationem
247 1383 279 1441 et
305 1376 387 1441 nihil
416 1375 591 1443 secundum
627 1374 722 1440 deum
751 1376 866 1459 iugiter
893 1394 1003 1459 agens.
1048 1375 1230 1440 eratenim

57 1489 133 1553 illuc
154 1487 328 1571 praecipue
350 1505 422 1549 cum
444 1486 580 1569 reliquis
601 1484 934 1571 praeuaricationibus
950 1491 982 1551 et
996 1485 1129 1550 huiusce
1144 1483 1233 1548 modi

56 1617 182 1681 quoque
211 1595 328 1662 mentis
360 1594 482 1660 idioma
513 1614 571 1679 per
601 1594 687 1678 quod
716 1593 867 1661 uidelicet
894 1602 927 1661 et
956 1600 1032 1660 ante
1060 1593 1230 1678 imperium

56 1708 173 1772 multos
195 1704 337 1787 seduxit,
361 1723 471 1769 uerum
494 1712 603 1770 tamen
624 1705 659 1769 in
678 1703 847 1769 ridiculum
876 1704 1056 1770 habebatur
1077 1702 1138 1768 boo
1160 1705 1232 1769 eius

12 1833 40 1882 ro
57 1814 178 1900 liquido
213 1813 389 1881 scientibus
423 1813 564 1880 studium
596 1813 643 1878 ita
674 1820 709 1879 ut
738 1812 939 1899 impudentia
970 1792 1086 1878 multa
1103 1832 1231 1897 semper
1328 1794 1331 1801 ¹

58 1926 201 2009 caligosa
236 1930 268 1988 et
299 1924 422 2008 polluta
449 1923 549 1989 iacies
578 1923 648 1989 cius
688 1930 764 1989 tunc
792 1923 1026 1991 inaccessibilis
1054 1923 1146 1989 lieret
1173 1941 1231 2006 per

57 2035 128 2101 dies
157 2039 280 2117 septem
302 2052 340 2097 eo
362 2032 473 2099 dolose
502 2032 587 2098 iutra
614 2033 794 2098 cubiculum
817 2033 1056 2119 imperatorium
1078 2033 1230 2099 eiulante.

57 2164 132 2210 nam
155 2150 188 2208 et
209 2142 399 2208 naturaliter
421 2130 462 2207 ei
481 2142 655 2208 muliebres
677 2142 814 2208 aderant
842 2144 995 2208 lacrimae
1017 2163 1098 2226 quas
1121 2143 1230 2208 multis

57 2253 169 2338 prauis
197 2260 228 2318 et
250 2251 559 2337 pseudochristianis
581 2252 691 2319 inesse
713 2252 824 2337 procul
847 2252 945 2318 dubio
975 2259 1100 2319 constat
1121 2272 1230 2336 quam·

11 2376 38 2425 15
56 2383 152 2447 quam
173 2361 328 2446 plurimos
349 2382 415 2427 non
436 2361 574 2427 latuerit.

140 2473 251 2537 Mense
273 2491 350 2536 uero
372 2471 517 2556 Augusto
541 2490 612 2535 cum
634 2471 792 2553 aduersus
814 2469 939 2537 Arabes
962 2470 1099 2552 exisset,
1122 2489 1228 2535 occur·
1250 2469 1278 2533 V

56 2583 96 2647 rit
118 2583 166 2648 eis
188 2581 274 2666 apud
298 2581 421 2646 Crason
443 2580 606 2663 Phrygiae
636 2586 668 2644 et
694 2580 774 2645 inito
802 2580 887 2646 bello
916 2587 1085 2664 superatur
1108 2581 1230 2647 multis-

57 2711 119 2774 que
147 2690 277 2755 amissis
306 2689 537 2774 propemodum
566 2690 695 2773 etipse
728 2689 821 2754 uiuus
850 2690 931 2754 foret
958 2690 1137 2775 capiendus
1165 2689 1229 2755 nisi

56 2800 237 2884 principum
268 2797 397 2881 quidam
431 2797 597 2862 fortissimi
628 2798 714 2863 hunc
741 2819 761 2862 a
792 2799 987 2864 necessitate
1016 2798 1071 2864 uix
1100 2798 1229 2864 saluere

10 2922 40 2971 20
56 2908 325 2993 praeualuissent.
369 2926 455 2970 auno
487 2905 614 2990 imperii
642 2906 817 2990 Nicephori
846 2907 939 2971 tertio
963 2908 1124 2973 simultate
1145 2907 1230 2972 facta

57 3018 90 3083 in
112 3015 245 3082 Perside
267 3015 434 3082 descendit
448 3014 591 3080 Arabum
604 3014 673 3080 'dux
688 3015 914 3099 pacificaturus
929 3034 993 3082 eos.
1027 3015 1229 3101 Nicephorus

57 3135 164 3192 autem
187 3127 292 3210 spatio
315 3134 441 3210 reperto
456 3124 642 3190 aedificabit
655 3125 818 3210 Ancyram
834 3124 983 3192 Galatiae
1006 3132 1038 3191 et
1053 3125 1228 3193 Thebasan

56 3246 87 3302 et
109 3235 302 3302 Andrasum.
333 3235 422 3301 misit
443 3235 540 3300 etiam
564 3241 596 3299 et
618 3253 739 3316 cursus,
764 3236 819 3318 qui
841 3241 1043 3300 reuertuntur
1063 3234 1144 3300 nihil
1158 3256 1229 3321 pro·

55 3347 200 3411 ficientes
223 3345 320 3410 sede
343 3351 453 3409 contra
475 3344 581 3428 potius
604 3345 759 3428 plurimos
782 3343 974 3410 amittentes.

10 3473 39 3522 25
140 3456 234 3520 Anno
256 3454 384 3539 imperii
397 3453 574 3539 Nicephori
596 3461 709 3537 quarto
732 3455 831 3520 mouit
847 3454 1020 3520 exercitum
1035 3454 1145 3519 Aaron
1159 3453 1227 3519 dux
1249 3456 1295 3521 VI

55 3565 198 3629 Arabum
220 3564 376 3630 aduersus
391 3564 581 3628 Romaniam
603 3563 638 3628 in
659 3565 777 3629 uirtute
791 3565 885 3648 graui
907 3570 1118 3630 trecentorum
1141 3563 1229 3630 uide·

54 3675 130 3739 licet
152 3673 273 3737 milium
301 3679 367 3737 tam
394 3672 660 3758 ablaurophoris
688 3692 784 3754 quam
807 3674 902 3757 Syria
931 3679 963 3738 et
989 3674 1175 3739 Palaestina
1197 3680 1230 3740 et

55 3784 161 3867 Libya
189 3790 378 3847 coaceruata
406 3789 437 3846 et
465 3802 536 3847 eum
565 3783 709 3848 uenisset
731 3784 861 3868 Tyana,
892 3783 1077 3848 acdificauit
1098 3783 1227 3847 domum

55 3892 279 3974 blasphemiae
311 3910 388 3958 suae
421 3899 453 3957 et
480 3891 633 3958 obsidens
660 3891 746 3975 cepit
773 3899 847 3956 tunc
875 3892 1058 3957 Heraclium
1088 3900 1229 3957 castrum

10 4015 39 4064 30
56 4001 142 4085 quod
164 4010 233 4066 erat
261 4001 356 4066 ualde
385 4002 540 4066 munitum
568 4008 601 4066 et
622 4000 796 4066 Thebasau
826 4008 858 4065 et
886 4001 1095 4085 hlalacopean
1127 4007 1159 4066 et
1181 4000 1228 4066 Si-

55 4111 241 4196 deropelum
264 4118 296 4178 et
316 4111 509 4177 Andrasum.
541 4111 627 4177 misit
649 4118 754 4175 autem
777 4129 903 4176 cursum
922 4110 1093 4192 sexaginta
1107 4109 1230 4174 milium

55 4222 245 4287 bellatorum
268 4227 300 4287 et
322 4219 489 4286 descendit
510 4241 612 4305 usque
634 4219 677 4285 ad
691 4221 853 4304 Ancyram
869 4226 901 4284 et
915 4218 977 4283 hac
992 4220 1064 4285 uisa
1078 4240 1229 4286 reuersus

56 4337 113 4397 est.
158 4343 211 4397 ast
232 4331 407 4415 imperator
421 4329 622 4415 Nicephorus
644 4337 730 4396 metu
753 4336 784 4395 et
799 4329 1059 4414 impossibilitate
1081 4328 1230 4396 (letemus

127 4584 323 4673 lbarldam'rl)
404 4611 433 4659 12
451 4605 632 4660 heiulantell
689 4610 714 4658 11
735 4604 843 4658 thrason
860 4602 1006 4672 phrrgrell
1044 4602 1088 4658 ’21
1108 4603 1228 4673 phdaD

56 4681 276 4754 23andaraiirD
367 4704 398 4753 25
417 4697 548 4753 haronD
633 4702 664 4751 11
683 4697 832 4767 phaleitma
849 4695 873 4748 a
890 4693 1005 4765 lybral)
1091 4700 1124 4751 ³0
1143 4695 1226 4751 malo·

57 4790 201 4860 cepeanll
270 4797 299 4847 31
318 4772 530 4848 transmaria
