2834 5394
543 120 615 166 eun.
639 121 759 165 x-xnr
1174 106 1236 167 395

61 270 167 334 debat.
214 270 370 335 Mart-inus
404 278 509 334 antem
544 272 627 334 eirea
650 272 744 335 llean
780 271 940 333 ciuitatem
975 272 1106 334 effeetus
1142 279 1172 334 et
1204 273 1236 336 in

62 378 243 443 Chaianum
272 400 311 444 ex
341 382 504 464 insperato
527 380 693 446 incurrens
718 381 833 445 multos
856 381 983 445 uirtutis
1007 381 1075 446 eius
1099 382 1237 446 extinxit

61 489 106 553 ita
138 498 173 555 ut
203 491 258 554 ille
292 491 427 556 salutem
461 511 551 556 suam
585 492 661 573 suga
689 497 849 556 mercatus
879 491 929 556 sit.
974 490 1132 557 Martinus
1157 511 1235 556 uero

60 598 197 665 uictoria
228 601 371 684 gloriosa
401 607 554 685 percepta
582 601 624 664 ad
654 609 834 684 praetorem
864 601 1086 666 reuertcbatur
1113 600 1168 665 ubi
1199 621 1235 668 se

31 709 256 794 opromiscrat
285 728 341 776 coa
370 717 622 794 expectaturum.
675 710 894 777 Comentiolus
925 716 1033 775 autem
1064 710 1235 777 tormidine

60 839 196 904 pressus
217 819 482 904 Marcianopolim
512 819 618 886 rediit.
664 822 719 904 qui
749 841 814 885 non
844 821 1047 886 inuenientes
1076 841 1149 886 enm
1171 822 1236 886 eel-

59 930 209 1013 lcgernnt
231 930 391 996 exercitus
414 950 490 996 suos
519 937 550 994 et
579 950 637 1013 per
665 938 770 994 artum
799 931 902 995 locum
925 930 1019 994 Aemi
1042 937 1150 996 castra
1171 951 1237 996 mo·

59 1045 147 1105 nent.
191 1045 226 1104 at
246 1059 323 1104 uero
338 1040 496 1106 Martinus
520 1039 635 1107 uidens
657 1040 838 1105 Chaiannm
860 1046 1080 1106 transeuntem
1102 1039 1237 1106 fluuium

60 1148 104 1214 ae
126 1154 306 1234 praetorem
330 1148 438 1215 rediit.
484 1149 600 1217 Castus
629 1151 727 1216 etiam
749 1149 886 1216 transito
908 1149 1040 1214 flumine
1062 1151 1237 1236 appropin-

16 1277 45 1327 te
60 1278 168 1343 quens
188 1257 241 1324 his
263 1259 318 1343 qni
340 1266 628 1344 praecucurrerant
649 1260 792 1324 Auarum
815 1259 937 1343 optinet
957 1279 1109 1343 pugnam.
1140 1280 1258 1343 porro·

59 1367 138 1433 uani
160 1367 327 1434 cuiusdam
349 1369 517 1436 daemonis
546 1369 851 1454 repromissionibus
874 1368 1028 1452 deceptus
1051 1387 1116 1432 non
1138 1367 1237 1433 rediit

60 1477 104 1543 ad
124 1484 315 1564 praetorem.
359 1485 553 1564 posteraque
576 1479 629 1544 die
651 1488 764 1545 tenens
786 1480 942 1544 transitus
965 1465 1132 1543 Chaianus
1162 1497 1235 1543 con-

60 1589 157 1656 clusit
178 1606 260 1653 eum.
306 1588 461 1654 scinditur
486 1590 583 1672 igitur
612 1590 750 1674 populus
774 1597 806 1654 et
828 1589 1069 1672 unusquisque
1091 1595 1126 1653 ut
1146 1589 1236 1655 uires

62 1697 206 1763 habebat
227 1717 285 1783 per
306 1718 439 1764 nemora
461 1699 612 1782 fugiebat.
656 1699 826 1784 capiuntur
848 1698 956 1783 itaque
978 1697 1110 1782 quidam
1127 1698 1236 1763 abar·

16 1825 47 1875 ts
63 1806 156 1874 baris
174 1814 206 1872 et
227 1807 373 1873 indicant
395 1809 449 1873 ubi
471 1810 576 1875 latitat
599 1809 716 1875 Castus
739 1815 771 1874 et
795 1808 854 1874 hoe
876 1815 970 1892 capto
993 1808 1184 1874 exultabant
1205 1815 1238 1874 et

62 1917 276 1984 laetabantur.

147 2026 314 2093 Chatanus
343 2048 423 2094 sane
446 2049 504 2114 per
527 2029 692 2094 nreridieru
723 2029 783 2092 iter
812 2049 913 2111 agens
943 2034 1053 2094 contra
1076 2028 1236 2094 Thracem
1260 2015 1341 2080 ΧῙῙῙ

61 2144 215 2223 properat
245 2138 423 2221 longosque
456 2160 563 2205 muros
597 2139 729 2222 accepit.
774 2144 826 2203 ast
848 2137 1100 2203 commentiolus
1123 2139 1179 2222 qui
1201 2138 1236 2204 in

62 2246 156 2314 siluis
176 2246 269 2313 Aemi
291 2246 440 2312 latitabat
461 2268 531 2312 eum
548 2249 686 2312 Martino
709 2247 810 2311 exiuit
832 2255 864 2310 et
885 2247 1080 2331 perueniens
1097 2246 1138 2311 ad
1155 2246 1238 2310 Cha·

13 2373 47 2424 ae
62 2358 176 2423 lanum
200 2359 394 2441 imparatum
417 2359 541 2422 inuenit
569 2377 607 2423 eo
636 2356 721 2441 quotl
743 2356 886 2420 Auarum
917 2354 1087 2420 multitudo
1117 2354 1238 2421 diffusa

62 2473 150 2533 esset
171 2486 229 2550 per
250 2467 409 2533 Thracem
438 2475 470 2532 ct
496 2469 602 2553 prima
630 2466 743 2548 uigilia
771 2464 873 2529 noetis
903 2470 1056 2549 properat
1077 2463 1237 2532 aduersus

61 2577 162 2641 illum.
207 2583 355 2660 essetque
377 2579 518 2662 profecto
541 2599 560 2642 a
583 2597 618 2643 se
641 2597 721 2659 opus
744 2576 860 2658 ingens
883 2580 1044 2659 patratum
1060 2574 1123 2640 nisi
1140 2594 1237 2641 euen-

60 2693 114 2752 tus
136 2686 267 2770 quidam
290 2687 417 2751 falleret
439 2687 508 2753 eius
531 2694 674 2752 conatus.
720 2706 783 2750 uno
813 2685 934 2769 quippe
962 2683 1127 2750 animante
1156 2705 1238 2751 onus

63 2795 269 2863 subuertentc
291 2795 421 2879 quidam
450 2795 579 2861 domino
609 2797 784 2861 animantis
813 2796 971 2859 acclamat
1002 2815 1083 2860 onus
1111 2795 1254 2876 erigere,

14 2906 170 2990 lupatria
202 2925 281 2969 uoec
314 2905 424 2971 dicens
460 2905 561 2972 ‘torna
592 2914 686 2971 torna
717 2904 834 2971 frater!
878 2911 910 2970 et
932 2904 1082 2970 dominus
1105 2901 1236 2985 quidem

62 3016 171 3082 mulae
198 3034 294 3080 uoces
322 3016 454 3081 minime
483 3016 643 3082 sentiebat
673 3014 731 3081 sed
761 3016 872 3100 populi
902 3015 962 3078 hoe
993 3013 1104 3079 audito
1126 3014 1236 3082 hostes

61 3124 229 3190 imminere
251 3125 474 3192 existimantes
496 3127 529 3191 in
563 3126 672 3209 fugam
707 3126 854 3191 eorrrrersi
889 3132 963 3191 sunt
999 3123 1103 3190 ‘torna
1135 3125 1236 3191 torna'

63 3235 213 3301 maximis
236 3236 369 3302 uocibus
392 3237 619 3302 exclamantes.
665 3234 830 3300 Chaianus
861 3242 967 3300 autem
990 3235 1154 3318 ingentem
1177 3235 1237 3299 for·

63 3343 217 3410 midinem
250 3345 382 3412 indutus
415 3346 543 3431 penitus
577 3344 720 3428 fugiebat
753 3352 785 3409 et
817 3344 1009 3409 uidebantur
1045 3344 1174 3408 barbari
1206 3351 1239 3410 et

15 3464 49 3516 te
63 3454 200 3519 Romani
230 3455 264 3517 in
287 3454 391 3520 uicem
414 3455 525 3539 fugere
547 3455 674 3520 nemine
697 3462 920 3538 persequente.
964 3460 1134 3536 praeterea
1156 3452 1238 3518 Cha-

64 3563 158 3630 ianus
192 3564 327 3648 sumptis
350 3566 522 3630 uirtutibus
544 3564 690 3648 Apiriam
712 3564 875 3629 ciuitatem
905 3561 1033 3627 obsedit
1060 3563 1238 3627 inuentum·

65 3693 126 3756 que
147 3675 257 3739 Busan
279 3674 370 3741 urbis
392 3675 639 3757 manganarium
662 3672 842 3737 interlicere
865 3671 1037 3753 nitebatur,
1067 3672 1121 3753 qui
1143 3691 1238 3757 pecu·

65 3784 137 3849 nias
167 3783 304 3866 rogabat
332 3785 362 3848 ei
390 3786 508 3851 multas
537 3783 692 3868 praebere
721 3783 749 3848 si
779 3781 842 3848 sibi
872 3781 970 3847 uitam
999 3781 1143 3847 donaret.
1189 3782 1237 3847 illi

131 4067 192 4116 tet
210 4066 240 4116 19
258 4063 353 4117 emrI)
448 4069 477 4118 11
499 4064 574 4132 nani]
602 4060 732 4117 castell)
831 4067 861 4118 18
879 4064 947 4134 pasl
956 4066 1034 4133 perat
1059 4061 1130 4123 (reid.
1147 4062 1236 4132 subse

61 4158 111 4223 pet
129 4154 156 4209 D
216 4154 451 4210 commentiolum
526 4160 559 4212 26
577 4157 674 4220 mulae]
694 4155 812 4210 multeD
880 4160 910 4210 at
930 4170 1043 4225 apertum
1062 4152 1100 4209 P:
1117 4154 1237 4224 apnal)

63 4249 95 4299 33
113 4246 254 4315 praebere]
272 4264 384 4318 prcuere
404 4249 428 4305 D
