2834 5394
203 216 269 281 tut
602 226 710 277 lxm
732 224 981 276 cremium

199 382 295 437 luctus.
332 378 426 433 laudea
456 380 611 448 predaque
633 378 661 432 iu
687 392 758 431 nor·
809 376 865 431 ini
893 375 1057 445 ὠμὴ.
1099 374 1223 435 seu
1257 377 1344 432 obius
1368 390 1389 432 ct

199 486 275 529 tuum
292 489 309 528 a
326 484 422 527 senatu
439 478 590 539 comatae.
807 470 923 525 hom
936 470 1110 538 sepum

235 574 263 623 11
302 566 471 621 Domitianus
492 562 685 633 inpennrlss
704 563 759 619 dis·
841 566 859 617 ³
893 560 1036 617 Turan-
1054 564 1228 633 ηαυπτ
1243 564 1318 618 xm
1344 567 1389 621 tius

198 663 291 717 simlia
315 656 631 729 plauepatrietintri
667 658 760 727 primis
808 656 1264 724 mammem
1293 672 1389 729 quun·

198 756 389 809 auulsumau
415 749 759 819 irimperiomoderatua.
811 746 1156 820 puellum-nimau
1184 751 1389 823 tinapcuptgr-

197 856 293 917 postea
310 846 348 901 nil
365 846 483 902 lihidinis
510 843 676 899 crudelitatis
693 858 760 897 aua·
810 842 888 901 uerit.
914 840 1011 896 multia
1049 856 1082 897 et
1118 846 1230 914 procul
1264 844 1389 901 abab

198 942 276 995 ritiae
308 941 343 994 ab
377 954 409 993 eo
441 938 665 1007 praetermissum.
700 937 758 991 eius
809 934 971 990 distantibus
1000 938 1179 1005 ngiouibus
1218 950 1248 993 ct
1282 940 1388 1008 guma

197 1033 380 1101 npeditinuea
404 1032 539 1086 militares.
574 1029 757 1085 Romanorum
808 1027 937 1084 munuc

197 1125 534 1195 iugeuscladesallacis
550 1132 671 1193 accepta
702 1122 758 1177 Do·
842 1127 860 1176 i
892 1121 1007 1191 porum
1036 1134 1143 1179 tam
1163 1126 1389 1182 minuendus

197 1218 299 1271 mitiani
316 1217 419 1272 nefaria
434 1218 571 1273 brunna
589 1216 756 1285 triumphau-
807 1216 883 1270 litate
906 1230 940 1268 uc
967 1215 1175 1273 modmtioue
1203 1219 1325 1274 eum
1353 1236 1389 1273 su·

195 1312 240 1375 tis,
253 1312 309 1365 suia
319 1312 467 1380 legionibus
475 1310 598 1379 quamuis
608 1310 756 1363 exstinctis.
807 1324 923 1378 pernae.
956 1308 1078 1363 comitas
1096 1311 1169 1365 eius
1197 1322 1230 1367 et
1255 1312 1389 1369 maun

234 1408 264 1459 12
298 1406 433 1459 Antonius
445 1405 584 1473 imperinm
593 1404 689 1472 arripit
708 1402 756 1457 sed
806 1404 834 1457 in
860 1412 981 1457 cunctos.
1025 1405 1183 1471 egregium
1211 1408 1277 1460 cius
1302 1406 1390 1461 dictu

195 1512 244 1567 per
277 1498 433 1552 Norbanum
473 1499 590 1565 Appium
630 1497 755 1550 uincitur.
806 1494 940 1565 quoddam
982 1493 1057 1549 aliae
1084 1496 1154 1552 eius
1185 1500 1320 1554 uirtutes
1350 1501 1389 1553 in-

197 1592 274 1645 uaria
287 1591 390 1645 Romae
410 1590 553 1644 aedificata
574 1590 754 1644 abomitiano
805 1589 908 1658 perium
932 1597 988 1641 tam
1009 1598 1190 1656 exoptatum
1218 1594 1391 1662 praedicta.

196 1684 426 1753 bibliothecaeque
435 1694 585 1752 reparatae.
610 1682 756 1736 Domitiani
805 1682 876 1737 iuter
891 1680 946 1734 alia
962 1696 980 1733 a
996 1682 1121 1736 cornice.

196 1777 293 1845 peritia
308 1778 337 1830 in
351 1776 501 1830 iaculando.
537 1775 692 1829 Persecutio
712 1791 755 1829 se-
840 1780 856 1827 5
889 1775 968 1829 tertia
985 1772 1223 1834 Christianorum
1242 1780 1390 1849 persecutio

196 1870 285 1924 cunda
299 1870 512 1923 Christianorum
529 1869 565 1922 ab
583 1884 615 1921 eo
633 1870 756 1923 instituta
806 1868 842 1922 ah
859 1868 928 1937 ipso.
953 1865 1002 1921 aed
1027 1883 1125 1923 errore
1156 1871 1297 1943 deceptu,
1322 1874 1390 1929 iusti·

192 1961 341 2031 inquibus
366 1961 460 2015 Flauia
479 1960 615 2015 Domitilla
637 1962 665 2015 in
682 1962 755 2016 l'on·
806 1968 874 2015 tuta.
908 1975 991 2013 aurea
1013 1959 1114 2015 domus
1132 1962 1270 2021 Neronis
1295 1965 1390 2023 muda-

191 2053 258 2108 tium
280 2054 395 2108 insulam
418 2062 444 2107 et
460 2054 593 2108 lohannes
616 2053 755 2123 apostolus
805 2060 873 2123 grat
907 2062 995 2108 terrae
1020 2062 1113 2107 motus
1139 2058 1263 2128 aliquot
1282 2061 1391 2115 urbibus

191 2147 220 2201 iu
238 2146 372 2200 Pathmon
389 2147 531 2215 relegatus.
804 2148 833 2202 iu
849 2148 916 2202 Asia
932 2156 959 2201 et
975 2145 1039 2199 alibi
1054 2147 1210 2205 exitiosus.
1237 2152 1390 2209 Pantheum

230 2243 260 2294 lt
294 2240 365 2294 iuter
390 2238 505 2293 ludaeos
531 2238 627 2292 acerbe
651 2236 754 2307 exquiri
804 2240 915 2295 fulmine
944 2248 1147 2295 concrematum
1181 2243 1307 2302 Rome.
1350 2248 1390 2301 ln-

191 2349 276 2403 geuus
292 2332 383 2388 Dauid
408 2340 436 2388 et
460 2332 573 2387 interfici
589 2329 752 2385 mandatum.
803 2334 932 2388 dacorum
946 2331 1109 2388 incredibilia
1126 2337 1391 2402 perdiueraaster·

191 2427 342 2483 coniuratio
351 2428 483 2482 aduema
490 2424 673 2482 Domitianum
681 2423 751 2478 eiua-
803 2442 848 2480 raa
865 2436 955 2481 motus
972 2434 999 2479 et
1016 2424 1120 2481 rabies.
1147 2444 1281 2495 quorum
1307 2435 1393 2489 multa

191 2520 357 2591 quecaedea,
374 2528 402 2575 et
409 2520 517 2575 iufamia
525 2519 671 2589 sepultura
697 2517 752 2573 ludi
801 2519 874 2573 milia
890 2526 969 2573 uasta
985 2517 1068 2571 caede
1084 2518 1188 2575 deleta.

192 2613 343 2668 saeculares
363 2614 419 2668 eius
437 2620 556 2682 tempore
573 2612 635 2665 acti.
836 2617 853 2665 6
888 2611 997 2665 Traiani
1015 2612 1113 2665 obitus.
1150 2615 1218 2670 eins
1246 2621 1390 2677 columna

803 2704 908 2759 Tiberia
926 2705 1078 2774 periculosa
1095 2708 1257 2767 exundatio
1278 2716 1390 2770 etaliae

802 2798 926 2867 publicae
944 2796 1042 2851 clades.
1069 2799 1166 2854 modus
1184 2805 1389 2864 aedificiomm

459 2875 491 2940 X
800 2890 936 2945 altitudini
959 2890 1109 2946 al'raiano
1127 2894 1252 2959 ponitus.
1292 2903 1387 2957 accla-

801 2984 932 3038 mationes
950 2983 1081 3051 hodieque
1104 2985 1132 3037 in
1150 2998 1258 3045 senatu
1280 2996 1387 3062 princi.

226 3080 237 3129 1
275 3074 403 3128 Cocceius
420 3073 512 3128 Nerua
527 3074 673 3141 imperator
689 3073 749 3127 Xll.
800 3076 879 3145 pibus
896 3076 955 3130 lieri
972 3076 1080 3130 solitae:
1098 3077 1220 3133 Felicior
1239 3086 1388 3156 Angusto,

190 3167 248 3221 eiua
266 3166 373 3220 bouitas
391 3166 513 3234 aequitas
530 3165 652 3220 ciuilitaa.
677 3166 751 3221 Arrii
801 3168 897 3223 Melior
914 3169 1048 3223 Traiano:
1076 3169 1110 3224 ob
1133 3170 1275 3240 insignem
1301 3182 1386 3236 nimi.

189 3258 318 3313 Antonini
345 3259 402 3312 eins
420 3259 498 3313 amici
524 3259 668 3327 gratulatio
694 3275 749 3314 me·
799 3277 858 3316 rum
876 3262 933 3316 aius
951 3262 1105 3317 bonitatem.

188 3351 325 3407 morabilis
352 3368 412 3405 cum
436 3351 527 3407 Nerua
551 3353 580 3406 iu
605 3351 707 3406 curiam
733 3368 750 3406 a
834 3354 1020 3410 llladrianns
1040 3356 1290 3425 imperatorxllll.
1308 3367 1385 3423 Tra-

189 3450 299 3501 senatus
317 3452 446 3514 acceptus
463 3452 542 3500 esset.
577 3445 685 3500 Neruae
702 3445 748 3499 he·
799 3448 855 3502 iani
871 3447 972 3517 gloriae
990 3448 1092 3503 inuidet
1115 3448 1230 3519 ideoque
1258 3456 1384 3516 limitem

187 3539 303 3609 iniguitas
321 3554 383 3606 erga
400 3538 516 3595 afflictos
533 3548 560 3595 et
572 3540 674 3609 inopes.
702 3554 748 3593 ex·
798 3540 902 3609 imperii
920 3548 1034 3595 coortat.
1070 3557 1124 3610 par
1141 3543 1191 3597 snb
1209 3544 1305 3613 ipsius
1325 3554 1381 3608 im.

187 3632 260 3687 aulea
277 3647 369 3687 omnes
387 3633 521 3695 reuocati,
538 3633 566 3686 in
590 3632 687 3702 quibua
704 3632 747 3687 lo·
799 3634 882 3703 perio.
917 3633 1094 3689 Sauromatae
1111 3634 1270 3694 dimicatum
1290 3645 1381 3715 eique

185 3724 288 3779 hanuea
305 3724 444 3794 apostolus
462 3724 599 3794 Ephesum
625 3725 712 3780 rediit.
798 3727 872 3781 uicti.
916 3726 1068 3781 Hadrianus
1096 3727 1282 3789 Christianam
1308 3742 1380 3794 reli.

220 3816 584 3886 ululManriciipraeclare
595 3817 697 3873 dictum
712 3817 747 3872 ad
797 3818 902 3887 ponem
930 3820 1063 3888 cognitum
1091 3820 1193 3876 hahens
1220 3832 1378 3901 praecipit,

185 3908 305 3965 Nubant
327 3909 356 3963 in
382 3909 507 3964 conuiuio
534 3924 567 3964 ne
591 3911 747 3966 accessione
798 3926 833 3965 ue
849 3911 909 3981 quis
927 3912 1092 3968 Christianos
1110 3915 1167 3968 sine
1181 3914 1294 3975 obiectu
1316 3927 1376 3980 cri.

185 4000 375 4057 maleuolorurn
392 4008 546 4057 terreretur.
575 4002 683 4058 Neruae
699 4017 745 4072 pe·
797 4004 875 4058 minis
893 4010 941 4060 aut
958 4004 1117 4075 probatione
1133 4006 1283 4062 damnaret.

183 4096 246 4150 ritia
263 4094 430 4163 deceptioni
448 4095 558 4165 eiusque
569 4096 676 4151 leuitas.
691 4095 745 4150 Do·
832 4101 846 4149 8
883 4097 940 4152 eiua
965 4097 992 4151 in
1022 4099 1092 4153 hauc
1109 4114 1165 4153 rem
1192 4101 1313 4169 epistula
1333 4111 1374 4166 ad

182 4187 285 4242 mitiaui
302 4186 487 4243 interfectores
510 4189 546 4242 ad
562 4188 673 4243 exitium
696 4203 745 4257 po·
797 4189 945 4244 Minucium
959 4189 1128 4246 Fundanium
1146 4207 1252 4261 procos.
1270 4195 1372 4256 Asiae.

182 4279 320 4334 stantibus
338 4279 469 4335 obnititur
486 4281 533 4336 aed
551 4281 659 4335 frustra.
678 4280 745 4335 Tra·
831 4285 847 4335 9
882 4281 975 4336 ludaei
1001 4281 1094 4337 ultima
1111 4284 1194 4338 caede
1216 4287 1370 4354 perdomiti
