2834 5394
178 305 241 368 422
644 317 734 364 nram
758 317 859 363 xvurr

177 473 301 538 interea
315 469 476 537 Chosroes
498 490 568 535 cum
585 471 739 537 Romanis
761 470 797 536 fit
819 488 919 555 penes
935 470 1111 536 Ardumum
1128 477 1159 534 et
1175 470 1356 535 munitione

179 581 219 649 de
242 581 469 667 elephantibus
492 588 674 646 constructa
696 582 814 647 bellum
841 580 914 646 iniit
943 589 974 646 et
996 581 1132 645 uictoria
1156 600 1278 664 magna
1301 600 1355 664 po-

178 693 256 759 titus
278 699 328 758 est
351 691 454 777 captis
476 692 630 759 Romanis
652 712 716 757 non
740 692 851 775 paucis
880 711 961 775 quos
989 700 1021 755 ct
1049 692 1165 776 capitis
1196 689 1356 756 recisione

177 803 315 890 puniuit.
359 801 411 869 his
440 802 486 867 ita
513 803 615 885 gestis
638 802 798 868 Chosroes
831 801 873 866 ad
907 809 1024 867 terram
1058 822 1150 867 suam
1184 820 1354 884 regressus

178 921 237 993 est,
260 912 382 996 Zongoi
398 912 615 996 potentatibus
631 912 802 978 derelictis.
847 912 908 977 hoc
923 918 1085 996 comperto
1100 909 1227 977 Plrocas
1243 918 1383 974 contras

177 1022 346 1088 Leontium
380 1021 455 1086 furit
486 1029 517 1087 ct
549 1023 684 1088 manicis
718 1023 830 1088 ferreis
859 1042 929 1086 cum
959 1022 1138 1105 ignominia
1159 1020 1353 1105 Byzantium

182 1130 271 1197 ducit
293 1139 325 1197 ct
347 1139 434 1198 creat
457 1140 636 1218 praetorem
659 1133 895 1197 Dementiolum
920 1139 1069 1216 nepotem
1093 1151 1184 1198 suum
1208 1137 1241 1195 et
1263 1150 1354 1195 cura·

181 1248 282 1308 torem
305 1243 420 1307 Palatii
443 1244 529 1308 iacit.

96 1349 154 1416 LV
261 1353 355 1418 Anno
389 1354 517 1439 imperii
549 1353 677 1419 Phocae
710 1353 804 1419 tertio
836 1352 924 1417 misit
956 1351 1117 1417 Chosroes
1146 1350 1355 1434 Kar-danger

71 1499 74 1504 ·
180 1469 214 1530 et
234 1463 431 1530 Rusmiazan
454 1464 507 1548 qui
530 1463 714 1548 depopulati
740 1472 813 1529 sunt
835 1482 900 1526 non
929 1462 1036 1527 nullas
1066 1461 1216 1527 ciuitates
1239 1463 1352 1526 Roma-
1370 1472 1393 1521 re

178 1594 301 1640 nomm.
356 1574 580 1641 Domentiolus
614 1593 691 1639 uero
726 1573 824 1638 uerbo
858 1572 933 1637 dato
965 1571 1062 1638 Narsi
1100 1572 1353 1655 iuramentisque

179 1704 244 1751 non
266 1685 379 1769 paucis
403 1684 534 1749 eredere
558 1684 719 1769 persuasit
741 1683 826 1767 quod
848 1684 969 1747 nullam
992 1682 1144 1747 iniuriam
1167 1682 1256 1767 apud
1273 1682 1353 1747 Pho·

180 1814 241 1861 can
263 1802 350 1860 esset
372 1814 526 1878 passurus
549 1801 581 1858 et
603 1792 718 1859 direxit
741 1812 813 1858 cum
836 1791 878 1857 ad
894 1791 1034 1857 Phocan.
1079 1799 1112 1857 at
1135 1812 1213 1858 uero
1230 1793 1354 1859 Phocas

182 1904 317 1971 uerbum
341 1905 401 1969 hoc
423 1904 555 1968 minime
579 1923 714 1969 seruans
738 1905 812 1986 igne
835 1903 989 1969 cremauit
1011 1923 1094 1967 cum.
1118 1903 1256 1967 Romani
1277 1923 1354 1986 ergo

180 2015 352 2099 plurimum
380 2013 455 2077 hinc
483 2012 592 2078 tristes
623 2013 727 2079 effecti
755 2021 829 2079 sunt
858 2033 896 2079 eo
926 2012 1012 2097 quod
1033 2013 1178 2079 timorem
1201 2033 1354 2097 magnum
1370 2029 1396 2078 15

179 2124 214 2188 in
236 2124 355 2189 Persas
378 2121 463 2187 idem
485 2123 609 2189 Narses
632 2123 766 2189 haberet
788 2124 870 2190 adeo
893 2130 927 2188 ut
957 2124 1015 2188 filii
1040 2125 1212 2189 Persarum
1244 2123 1354 2189 audito

179 2233 283 2320 ipsius
316 2233 445 2298 nomine
477 2241 658 2299 tremerent.
709 2254 805 2320 porro
836 2235 957 2300 Persae
989 2234 1095 2317 ganisi
1128 2240 1202 2299 sunt
1236 2233 1355 2318 gaudio

179 2364 306 2429 magno.

265 2455 359 2523 Anno
387 2456 516 2540 imperii
538 2456 665 2522 Phooae
695 2462 808 2540 quarto
836 2455 1055 2522 scholasticus
1086 2454 1268 2536 eunuchus,
1308 2455 1357 2518 uir

180 2566 342 2649 gloriosus
374 2567 503 2650 palatii,
540 2566 647 2632 media
679 2575 772 2632 nocte
805 2565 1050 2632 Constantinam
1086 2564 1250 2630 dominam
1284 2583 1355 2630 eum
1370 2578 1400 2628 to

180 2676 283 2742 tribus
305 2676 435 2743 filiabus
458 2676 526 2741 eius
556 2677 719 2761 accipiens
750 2675 793 2741 acl
825 2696 976 2759 magnam
1008 2676 1150 2758 confugit
1183 2676 1355 2740 ecelesiam

180 2785 316 2851 consilio
340 2786 493 2852 Germani
516 2786 642 2871 patricii
664 2785 882 2851 desiderantis
913 2786 1093 2870 imperium.
1138 2786 1173 2850 fit
1200 2786 1300 2869 igitur
1322 2787 1356 2851 iu

182 2894 261 2960 urbe
284 2895 399 2960 seditio
424 2916 551 2978 magna.
596 2895 780 2961 Germanus
810 2902 919 2961 autem
951 2895 1123 2960 demarcho
1147 2897 1357 2962 Prasinorum

180 3006 335 3071 talentum
359 3006 430 3070 auri
452 3005 540 3071 misit
562 3012 596 3069 ut
617 3013 844 3089 cooperaretur
865 3005 906 3071 ei.
951 3007 1107 3090 primores
1137 3013 1244 3071 autem
1268 3008 1356 3090 uulgi

181 3113 216 3178 id
239 3112 409 3180 admittere
432 3101 611 3180 noluerunt.
656 3123 690 3179 at
711 3135 788 3181 uero
811 3123 968 3200 tyrannus
991 3117 1025 3181 in
1048 3116 1220 3182 ecclesiam
1241 3116 1285 3182 ad
1299 3116 1357 3180 alr
1374 3125 1402 3175 25

182 3221 392 3289 strahendum
415 3224 566 3291 mulieres
595 3224 782 3291 destinauit.
826 3245 906 3292 sane
933 3226 1118 3311 patriarcha
1146 3234 1221 3291 tunc
1243 3226 1357 3312 Cyria-

181 3349 237 3398 cus
259 3337 398 3416 tyranno
421 3333 538 3399 restitit
559 3334 691 3400 minime
712 3356 832 3420 passus
854 3355 872 3402 e
895 3337 1014 3421 templo
1042 3338 1211 3421 tyrannice
1239 3337 1358 3402 abduci

182 3441 342 3509 mulieres.
386 3462 499 3508 uerum
531 3445 721 3512 iuramentis
753 3453 841 3512 certo
872 3466 911 3513 eo
943 3446 1069 3512 reddito
1098 3448 1247 3512 aPhoco
1271 3446 1358 3531 quod

182 3574 247 3619 non
268 3552 414 3620 laederet
435 3574 493 3620 eas
515 3554 695 3620 educuntur
716 3576 736 3621 a
758 3558 878 3642 templo
900 3563 1012 3623 saneto
1041 3566 1072 3622 et
1100 3557 1295 3622 clauduntur
1325 3558 1357 3622 in

183 3665 388 3732 monasterio.
433 3672 603 3749 praeterea
631 3667 753 3732 Persae
790 3666 904 3732 eodem
940 3688 1025 3734 anno
1063 3675 1215 3752 ceperunt
1250 3668 1358 3732 Daras
1374 3679 1403 3730 eo

182 3793 254 3839 cum
276 3781 344 3840 tota
358 3775 593 3860 Mesopotamia
607 3784 639 3843 et
654 3776 750 3861 Syria
772 3776 960 3862 captiuitate
983 3781 1084 3844 multa
1106 3778 1197 3843 euius
1220 3797 1285 3841 non
1308 3785 1358 3841 est

183 3904 335 3951 numerus
358 3885 451 3951 facta.

250 4091 262 4137 1
283 4090 310 4137 et
327 4089 342 4138 4
360 4090 388 4138 et
404 4089 419 4138 9
439 4084 615 4141 chosrohefD
632 4085 707 4157 quod
722 4087 841 4158 emplius
858 4103 913 4142 reon
930 4088 1029 4142 notabo
1081 4086 1247 4141 ardomunl)
1299 4102 1357 4138 mu·

181 4177 296 4230 mtrouet
363 4177 559 4246 tregrctusD
616 4178 852 4248 acardarrganD
906 4183 936 4234 19
954 4179 1149 4234 scolaftrcnfl)
1202 4184 1231 4232 21
1253 4178 1318 4232 trini
1334 4178 1360 4232 l>

183 4268 418 4325 23d1marchoD
476 4274 509 4325 24
527 4271 716 4340 prrlmroreilt
785 4276 817 4326 25
836 4279 957 4327 amrttere
976 4274 1000 4323 1)
1070 4277 1102 4327 26
1120 4271 1273 4327 deitrurtl)
1326 4276 1357 4324 ‘tt

182 4360 353 4428 tyrannosD
405 4363 624 4419 281umcntrt1)
681 4368 713 4419 30
731 4364 819 4420 claras
834 4382 861 4420 rn
878 4370 936 4420 tota
954 4366 1116 4435 mesopotam
1135 4365 1203 4421 etD
1262 4370 1291 4420 31
1314 4382 1360 4421 ca-

184 4455 336 4524 ptrnatrone
353 4452 380 4508 Ι)
