2834 5394
200 104 259 165 llll
707 118 798 164 innui
820 117 856 162 vi

198 279 317 355 gabim,
340 270 392 351 qui
417 269 562 334 simililer
583 276 658 334 tnnc
674 269 792 352 legioni
808 269 841 332 in
857 268 1000 333 bibernis
1015 272 1173 350 praeerat,
1197 262 1375 328 contendit.

199 380 366 444 multitudo
395 379 534 445 bostium
564 400 605 443 eii
632 379 693 443 boc
720 379 827 462 colligi
856 378 965 462 potuit,
999 377 1074 460 quia
1102 395 1173 440 eum
1203 372 1371 439 obsidione

197 498 373 556 castrorum
397 492 516 554 uallum
538 488 798 553 circumdandum
822 508 895 555 esse
917 509 938 552 a
958 487 1096 572 captiuis
1109 485 1267 550 Romanis
1283 483 1366 548 doce

198 609 307 665 rentur
329 609 360 666 et
382 601 595 666 instrumenta
616 599 736 663 ruralia
756 620 819 663 non
844 599 1009 679 haberent,
1031 596 1150 681 gladiis
1172 591 1364 660 concidendo

197 722 315 776 terrain
340 719 372 776 et
393 710 515 792 sagulis
543 707 743 793 exportando
772 709 825 773 iiiii
854 709 956 775 tribus
984 708 1073 773 boris
1101 706 1225 771 uallum
1252 702 1390 789 pedumo

197 821 309 886 decem
331 828 364 885 et
385 821 504 885 fossam
527 818 644 904 pedum
667 817 848 903 quindecim
871 839 929 903 per
950 819 1040 883 niilia
1061 837 1217 902 passuum
1240 813 1365 899 quinde-

197 931 257 996 eim
286 931 319 995 iii
348 930 480 994 circuitu
507 930 718 1014 perfecerunt.
767 936 938 1014 praeterea
970 934 1096 993 centum
1124 926 1239 1009 uiginti
1267 931 1364 989 turres

196 1042 297 1105 mirae
319 1040 498 1104 altitudinis
519 1045 736 1104 extruxerunt.
781 1045 812 1103 et
834 1059 904 1103 cum
926 1040 991 1103 iam
1014 1044 1137 1122 septem
1157 1036 1229 1102 dies
1250 1043 1367 1100 noctes-

197 1169 259 1234 que
282 1149 423 1214 succidui
447 1149 583 1214 bostium
606 1150 699 1214 cunei
720 1155 903 1233 pugnarent
930 1168 968 1213 ao
996 1156 1111 1214 uentus
1141 1146 1247 1213 subito
1276 1145 1368 1231 pluri·

196 1281 268 1325 nius
291 1266 421 1325 exortus
445 1266 532 1324 esset
553 1266 654 1323 testas
670 1259 832 1324 feruentes
847 1259 1004 1325 intorsere
1020 1258 1127 1323 lundis
1143 1256 1369 1340 flammataque
1385 1265 1412 1314 io

196 1371 275 1436 focis
298 1370 363 1435 tela
378 1389 416 1433 ac
439 1390 512 1433 mox
535 1375 689 1452 concepto
711 1368 786 1450 igne
808 1369 974 1434 rutilantia
994 1370 1080 1433 intra
1095 1374 1202 1432 castra
1216 1367 1368 1432 iecerunt.

196 1500 259 1562 quo
283 1482 365 1545 iacto
388 1499 445 1564 per
467 1480 592 1544 culmea
613 1480 753 1543 culmina
775 1479 891 1563 raptim
914 1488 1030 1545 uentus
1050 1478 1207 1544 insistens
1222 1496 1370 1561 sparsum

196 1592 353 1656 animauit
375 1589 567 1654 incendium.
612 1588 670 1654 seil
692 1609 733 1653 nc
755 1590 801 1653 sic
824 1588 953 1672 quidem
975 1588 1111 1654 Romani
1133 1606 1205 1652 eum
1228 1586 1370 1669 undique

197 1702 408 1765 obruerentur
430 1699 617 1763 uulneribus
646 1698 811 1763 laboribus
839 1699 962 1782 uigiliis
987 1698 1119 1765 ieiuniis
1148 1697 1310 1763 incendiis
1338 1696 1370 1760 ui

197 1817 372 1876 cesserunt.
416 1807 545 1872 taudem
569 1807 701 1873 Caesari
725 1809 904 1874 nuntiatum
934 1817 983 1875 est
1010 1830 1107 1874 uuam
1135 1807 1278 1873 deletam
1299 1825 1371 1874 esse
1389 1815 1413 1864 1⁵

196 1920 366 2002 legionem,
388 1920 522 1983 alteram
545 1918 608 1982 iam
631 1938 736 2002 paene
758 1920 943 1985 conlectam.
987 1919 1185 1985 aduentante
1205 1937 1280 1982 eum
1295 1915 1372 1981 dua·

197 2028 259 2095 bus
288 2027 470 2109 legionibus
499 2027 639 2093 Caesare
667 2028 819 2094 deserunt
847 2029 957 2096 hostes
985 2030 1187 2096 obsidionem
1216 2034 1315 2112 atque
1336 2027 1370 2090 in

198 2158 270 2205 euin
293 2139 397 2202 cuncti
421 2138 522 2221 raptis
545 2138 646 2222 copiis
668 2147 772 2203 ruunt.
818 2138 941 2206 Caesar
962 2141 1180 2225 paruissimis.
1195 2159 1231 2206 se
1254 2136 1370 2204 eastris

196 2249 342 2314 consulto
370 2247 513 2314 condidit
540 2248 766 2332 equitibusque
794 2251 984 2334 praemissis
1012 2257 1047 2315 ut
1073 2251 1182 2334 fugam
1210 2250 1371 2334 lingerent

196 2358 377 2443 imperauit,
400 2366 434 2422 ut
455 2358 497 2423 ad
519 2359 689 2425 transitum
711 2359 816 2439 uallis,
840 2380 923 2443 quae
945 2361 1053 2425 media
1075 2368 1145 2426 crat
1167 2360 1296 2444 sibique
1317 2377 1371 2444 pe-
1385 2362 1413 2412 ²⁰

195 2469 336 2534 riculosa
357 2469 536 2547 uidebatur,
560 2468 670 2535 hostes
691 2476 874 2554 contemptu
897 2470 946 2537 sui
968 2472 1131 2535 inuitaret.
1175 2470 1294 2554 quibus
1315 2467 1371 2534 ad·

196 2577 403 2642 uentantibus
433 2579 567 2662 insuper
595 2578 718 2643 obstrui
746 2587 856 2662 portas
885 2582 1057 2665 praecepit.
1103 2602 1165 2664 quo
1188 2581 1260 2645 uiso
1283 2578 1372 2644 Galli

196 2687 290 2769 quasi
319 2689 383 2751 iam
413 2687 567 2752 uicissent
595 2688 637 2751 ad
665 2687 888 2754 obducendum
918 2691 1116 2757 extrinsecus
1143 2691 1267 2755 uallum
1297 2709 1370 2755 con-

194 2797 282 2862 uersi
305 2803 388 2863 sunt.
433 2796 555 2862 Caesar
576 2798 651 2864 totis
674 2805 806 2881 repente
829 2799 929 2883 portis
951 2809 1099 2884 paratum
1122 2800 1235 2866 offudit
1248 2800 1371 2866 exerci-

194 2912 260 2970 tum
283 2907 464 2990 acriterque
486 2927 556 2970 eum
579 2908 627 2974 eis
651 2907 809 2974 dimicans
830 2909 961 2975 tandem
983 2911 1066 2975 uidit
1086 2932 1184 2976 unum
1206 2931 1248 2977 ex
1263 2910 1372 2976 militi·
1386 2914 1413 2964 ²5

197 3015 256 3080 bus
280 3016 348 3081 suis
371 3017 503 3098 segnius
526 3018 747 3101 proeliantem,
771 3025 895 3084 seutum
917 3021 987 3086 eius
1010 3022 1118 3105 rapuit
1139 3029 1172 3086 et
1199 3021 1234 3085 iii
1256 3020 1368 3086 aduer-

195 3145 249 3190 sos
273 3124 344 3189 ruit.
390 3145 452 3208 quo
476 3125 559 3189 facto
582 3127 709 3192 erubuit
731 3129 890 3196 exercitus
912 3151 1089 3214 uersosque
1112 3132 1145 3195 in
1167 3131 1278 3214 lugam
1294 3128 1370 3194 Gal·

194 3235 243 3300 los
265 3234 454 3299 uastissima
475 3235 576 3300 caede
598 3238 742 3304 confecit.
786 3260 861 3304 nam
885 3242 1056 3324 sexaginta
1069 3242 1162 3305 milia
1175 3247 1251 3305 tunc
1265 3239 1369 3306 fuisse

193 3346 384 3424 reseruntur,
409 3364 427 3409 e
450 3344 567 3428 quibus
590 3349 684 3430 pauci
707 3368 765 3433 per
787 3349 923 3433 paludes
947 3351 1053 3417 inuias
1076 3356 1259 3418 euaserunt.

40 3446 171 3513 XXIIII
277 3454 523 3521 induciomarus
555 3459 768 3523 Treuerorum
809 3459 959 3544 princeps
998 3481 1134 3544 magnas
1171 3467 1369 3525 armatorum
1385 3463 1413 3514 ³⁰

193 3566 304 3652 copias
333 3564 458 3631 babens
491 3573 660 3650 postquam
695 3568 735 3634 de
768 3588 927 3635 consensu
960 3571 1057 3637 totius
1087 3570 1216 3636 Galliae
1250 3572 1369 3637 certior

191 3675 335 3740 redditus
367 3682 425 3756 cst,
458 3676 596 3741 Labieni
624 3687 732 3744 castra
759 3680 981 3764 legionemque
1010 3681 1060 3745 cui
1089 3687 1248 3765 praeerat,
1281 3679 1367 3763 quod

190 3785 285 3850 facile
307 3785 393 3850 factu
421 3785 648 3869 arbitrabatur,
677 3788 786 3854 delere
817 3790 928 3855 statuit
954 3810 992 3855 ae
1020 3790 1138 3857 deinde
1158 3791 1369 3855 Eburonibus

261 4054 271 4102 t
291 4051 417 4119 preberet
433 4053 460 4108 I)
530 4059 544 4105 'l
563 4053 736 4124 prefecerunt
752 4056 779 4110 D
865 4062 879 4111 8
898 4060 990 4114 noetel
1004 4059 1031 4114 I)
1120 4065 1149 4114 lu
1166 4059 1257 4114 fundit
1271 4074 1324 4113 om.
1339 4056 1370 4112 Β

197 4144 221 4192 il
244 4146 315 4195 intro
341 4143 368 4196 D
472 4149 503 4199 16
522 4146 655 4214 legiunem
674 4146 715 4201 n⁴
822 4153 850 4203 18
877 4154 981 4205 canens
996 4154 1066 4222 aptit·
1080 4153 1107 4208 I)
1226 4149 1369 4205 ascolo

199 4237 214 4284 0
239 4232 435 4289 indutiomarus
450 4235 476 4290 Ι)
562 4242 594 4292 32
613 4241 690 4294 euius
704 4239 731 4294 D
803 4247 835 4294 ³3
854 4241 930 4297 iaetu
945 4246 1148 4301 arbitrabantur
1162 4242 1190 4299 D
