2834 5394
471 627 544 674 can.
566 628 819 676 mvn-xxxx
1168 616 1227 676 1511

15 821 19 859 3
104 778 154 843 fecit
167 797 225 843 cum
244 778 353 843 Marco
374 777 514 843 Aemilio
535 779 670 864 Lepido,
698 779 752 863 qui
782 780 812 844 ei
843 780 998 863 magister
1020 780 1161 864 equiturn
1184 781 1230 846 di-

10 930 17 941 -
103 889 181 953 etabri
221 896 297 954 ante
332 908 453 953 annum
486 889 599 954 iuerat.
659 887 777 954 deinde
820 889 853 953 in
891 890 1032 953 Africam
1069 891 1230 973 protectus

10 1038 14 1043 -
100 1004 139 1072 est
160 997 203 1062 ubi
227 997 355 1063 infinita
375 998 529 1064 nobilitas
550 995 799 1083 (Romanorum)
821 1017 892 1063 cum
915 999 996 1063 Iuba
1018 999 1231 1064 Mauritaniae

97 1125 150 1189 roge
165 1104 259 1192 (apud
281 1106 466 1193 Thapsum>
493 1107 612 1173 bellum
635 1115 876 1193 reparauerant.
921 1107 1019 1174 duces
1041 1116 1147 1173 autem
1170 1111 1229 1173 Ro·

55 1237 68 1286 o
95 1216 157 1280 naui
177 1226 265 1283 erant
291 1218 426 1283 Publius
455 1217 623 1284 Cornelius
652 1219 761 1303 Scipio
789 1239 829 1284 ex
857 1236 976 1301 genere
1005 1218 1230 1302 antiquissimo

95 1324 220 1410 Scipionis
240 1328 395 1410 Africani,
417 1327 470 1392 bic
493 1327 590 1393 etiam
613 1348 705 1394 socer
726 1328 836 1411 Magni
858 1329 990 1412 Pompei
1012 1328 1126 1406 fuerat,
1148 1329 1230 1393 Mar·-

92 1451 133 1501 ous
155 1436 301 1518 Petreius,
322 1438 439 1520 Varus,
461 1438 589 1503 Marcus
622 1438 753 1505 Porcius
777 1436 866 1519 Cato,
899 1439 1018 1504 Lucius
1058 1437 1228 1503 Cornelius

91 1543 197 1613 Pauus
227 1547 337 1613 Sullae
369 1548 535 1613 dictatoris
567 1548 653 1613 tilius
685 1549 818 1632 Pompei
849 1568 958 1631 gener.
1007 1545 1136 1629 <contra
1169 1548 1230 1614 hos

91 1655 226 1723 ammisso
259 1657 344 1723 bello
377 1664 451 1741 post
481 1659 600 1724 multas
633 1657 856 1724 dimicationes
890 1657 1032 1722 maxima
1063 1657 1229 1723 bominum

57 1790 81 1841 p
91 1764 225 1831 multitudo
247 1785 360 1833 caesa:
383 1767 484 1832 uictor
506 1768 565 1833 fuit
586 1766 717 1850 Caesar,
746 1776 853 1834 castra
874 1775 1080 1850 utrorumque
1103 1753 1231 1852 direpta

91 1882 152 1953 sunt
174 1876 340 1960 sexaginta
361 1876 524 1962 elephanti
547 1877 643 1962 eapti.
688 1875 768 1942 Cato
791 1898 864 1944 sese
886 1877 973 1962 apud
995 1877 1121 1942 Vticam
1150 1879 1230 1942 ocei-

91 1980 132 2064 dit
146 1984 216 2050 Iuba
234 1986 418 2071 percussori
440 1987 582 2070 iugulum
605 1987 708 2072 pretio
731 1987 807 2052 dato
829 1987 987 2072 praebuit,
1011 1988 1157 2054 Petreius
1179 2006 1230 2051 eo-

91 2088 144 2157 dem
159 2114 190 2159 se
208 2095 318 2178 gladio
341 2096 489 2180 perfodit,
512 2097 621 2181 Scipio
642 2096 676 2162 in
698 2097 773 2161 naui
790 2097 911 2181 quaed
926 2096 1104 2181 Hispanias
1119 2096 1230 2180 fugere

91 2203 252 2271 contendens
275 2214 372 2271 uento
395 2214 524 2273 coactus
547 2207 581 2271 in
595 2206 737 2271 Africam
760 2207 900 2272 redierat
921 2213 1023 2272 semet
1045 2207 1117 2295 ipse
1139 2206 1229 2291 iugu-

56 2307 155 2392 punt
176 2313 207 2378 in
232 2314 348 2381 eadem
369 2317 448 2381 naui
469 2317 562 2382 Titus
590 2319 773 2400 Torquatus
803 2317 928 2383 occisus
963 2324 1021 2383 est.
1072 2317 1227 2384 Faustum

92 2416 170 2488 Sullae
181 2424 340 2508 quondam
348 2426 513 2492 dictatoris
531 2426 631 2491 filium
638 2427 771 2511 Pompei
785 2447 949 2510 generum,
966 2435 1099 2513 nepotes
1114 2428 1229 2493 tiliam·

92 2546 135 2610 qne
154 2533 332 2620 Pompeiam
362 2544 394 2601 et
422 2536 590 2601 Afranium
619 2544 651 2603 et
664 2538 825 2602 Petreium
853 2537 953 2602 tilium
984 2538 1108 2605 Caesar
1133 2538 1229 2604 iussit

92 2639 188 2725 occidi.)

149 2752 215 2819 Post
242 2775 363 2819 annum
394 2754 516 2821 Caesar
541 2757 674 2820 Romam
700 2776 771 2821 cum
799 2764 949 2839 quattuor
974 2756 1146 2840 triumphis
1178 2757 1224 2821 in·
1248 2756 1381 2823 XXXX

57 2874 186 2937 amasus
203 2871 318 2947 quarto
340 2863 493 2947 <dictator
512 2872 544 2931 et
561 2866 673 2930 consul
690 2873 816 2931 creatus
844 2866 1000 2949 disposito
1025 2871 1224 2950 recuperato-

90 2972 185 3047 querci
204 2974 354 3059 publicae
372 2981 458 3040 statu
484 2975 634 3041 continuo
658 2976 691 3040 in
707 2976 901 3060 Hispaniam
925 2983 1037 3041 eontra
1052 2975 1224 3060 Pompeios

89 3072 187 3163 Pompei
206 3083 289 3149 filios
312 3085 473 3168 profectus
495 3085 631 3169 septimo
654 3085 776 3150 decimo
800 3107 895 3168 quarn
918 3106 1067 3169 egressus
1089 3086 1130 3150 ab
1146 3087 1225 3151 urbo

88 3181 161 3253 boat
188 3190 239 3257 die
273 3194 452 3276 Saguntum
484 3195 632 3279 peruenit
664 3196 835 3278 statimque
869 3195 1025 3261 aduersus
1054 3197 1225 3280 Pompeios

86 3289 143 3363 duos
160 3310 188 3366 et
201 3302 382 3369 Labienum
404 3312 500 3389 atque
514 3304 637 3369 Attium
652 3305 772 3369 Varum
795 3306 895 3370 multa
917 3307 1004 3370 bella
1025 3306 1116 3370 uaria
1140 3313 1224 3371 sorte

54 3407 167 3489 putescit.
208 3413 353 3477 ultimum
376 3413 494 3480 bellum
517 3413 603 3499 apud
624 3413 777 3478 Mundam
800 3414 919 3480 flumen
940 3424 1066 3499 gestum
1089 3423 1147 3495 est,
1170 3416 1224 3479 ubi

81 3517 155 3584 urus
179 3520 301 3589 uiribus
329 3523 513 3589 dimicatum
541 3532 592 3590 est
617 3531 772 3607 tantaque
800 3523 917 3591 caedes
945 3533 1018 3590 acta
1045 3535 1078 3590 ut
1101 3525 1225 3591 Caesar

78 3642 179 3712 quoque
200 3634 363 3698 ueteranis
385 3635 482 3700 etiam
513 3635 580 3700 suis
608 3633 723 3698 cedere
756 3655 822 3699 non
856 3636 1118 3702 erubescentibus
1151 3655 1221 3700 cum

75 3778 343 3795 *—

127 3851 136 3898 1
161 3848 185 3900 du
209 3849 295 3903 emrbo
324 3849 348 3903 I)
400 3855 454 3918 qur]
485 3865 537 3919 que
568 3850 593 3904 B
694 3856 708 3903 2
734 3858 800 3922 post
826 3851 953 3906 dictatori
979 3853 1041 3907 odd.
1070 3853 1150 3906 causa
1178 3852 1224 3913 (ru

67 3938 152 3992 bruna
177 3939 203 3994 B
305 3948 483 4011 tparauerat
500 3943 528 3997 B
629 3943 764 4012 6Magni]
792 3959 876 3998 marcr
896 3945 950 4000 Bo
1052 3945 1167 3999 'tuarui
1183 3944 1222 3998 P:

64 4045 120 4085 ntro
138 4032 179 4096 B,
197 4033 290 4088 namus
316 4035 376 4089 cod.
405 4034 513 4090 Pitboei
631 4039 645 4088 Β
676 4037 738 4106 fylte
764 4036 817 4091 BD
902 4052 1009 4106 pompei
1025 4052 1107 4105 gener
1126 4053 1177 4091 ont.
1200 4035 1225 4089 D

62 4124 244 4195 148011.-
268 4142 286 4181 a
309 4129 399 4182 cesare
424 4128 582 4183 interfectus
597 4130 636 4183 est
658 4128 685 4183 B
774 4134 802 4182 12
827 4130 946 4197 iugulum
963 4129 1069 4183 Petreio
1088 4129 1221 4199 praebuit.

58 4215 172 4272 Petreius
189 4219 282 4274 eodem
301 4223 370 4275 cont.
391 4221 523 4276 Gruterus
611 4225 639 4275 lb
659 4222 762 4276 faustus
779 4223 840 4291 sylle
858 4223 885 4277 D
972 4228 1002 4276 16
1020 4222 1094 4276 trlrur
1110 4222 1136 4276 D
1179 4237 1223 4289 ge-

55 4326 99 4366 ner
125 4313 168 4367 ton
193 4312 307 4381 nepotes
334 4313 360 4368 Ι)
454 4319 482 4367 rt
500 4313 705 4369 uincanruml)
768 4320 797 4369 19
825 4320 921 4383 quarto
948 4316 1083 4384 tnumpho
1113 4315 1139 4369 D
1191 4318 1223 4367 20

51 4412 146 4474 quarto
164 4404 207 4459 D.-
230 4404 370 4474 quantoD
438 4411 566 4469 to-tco,
586 4412 598 4461 1
618 4407 704 4477 <>Ι).·
730 4409 755 4461 te
771 4409 775 4477 Ι
791 4409 927 4462 confidem
943 4407 1023 4462 fecit·
1042 4408 1066 4461 dn
1084 4409 1172 4461 rtatim
1189 4406 1225 4460 ad

50 4499 126 4569 brtpa
139 4500 144 4567 Ι
157 4499 220 4552 nrai
235 4499 275 4551 eit
289 4498 441 4567 profectus·
459 4501 506 4555 ubr
523 4517 629 4570 pompei
646 4499 696 4555 frln
712 4503 716 4563 Ι
731 4504 766 4571 ξἰι
783 4503 925 4571 pompeius
941 4500 964 4553 dn
983 4502 1070 4555 sextus
1086 4502 1227 4570 pompeius

48 4594 54 4660 1
72 4591 168 4660 sugent·
183 4589 283 4645 beilum
300 4595 516 4662 preparaueratt
539 4594 625 4648 multa
646 4595 748 4662 proeba
771 4596 882 4648 fuerunt
898 4595 1023 4647 ultrmum
1038 4601 1042 4657 Ι
1058 4593 1130 4662 apud
1147 4610 1224 4647 mun-

46 4684 112 4739 dam
128 4683 266 4738 muium
284 4700 366 4753 unqua
380 4689 384 4749 1
400 4685 467 4740 adeo
493 4688 568 4756 cesar
590 4702 676 4756 poene
692 4689 783 4741 uictus
799 4688 838 4741 est
864 4693 895 4740 ut
920 4685 1104 4757 iugulentrbus
1127 4688 1179 4740 turs
1200 4686 1224 4741 B

44 4783 79 4834 2⁰
97 4776 250 4847 drtpotuoq.
267 4785 429 4847 recuperato
447 4796 501 4848 rcgr
514 4779 541 4833 D
