2834 5394
535 749 608 798 ese.
630 749 841 798 xxm-xm
1212 735 1270 798 521

188 901 253 969 Sed
276 922 336 968 neo
359 903 406 970 sio
434 901 585 968 confusus
615 908 666 969 est
692 901 800 985 miser,
837 901 1016 970 obseruans
1044 908 1152 968 autem
1181 910 1279 988 atque
1299 906 1394 975 XXV

105 1013 296 1080 submittens
318 1011 476 1097 quosdam
499 1030 664 1078 sermones
687 1012 860 1096 satagebat
882 1012 985 1080 sicubi
1006 1010 1093 1077 hunc
1114 1013 1275 1081 inueniret

101 1132 214 1190 contra
234 1123 404 1206 imperium
433 1141 526 1189 suum
553 1128 704 1205 agentem
734 1123 887 1206 quatinus
916 1129 953 1188 nt
980 1122 1216 1189 coniuratorum
1244 1132 1276 1192 et

100 1254 166 1300 non
188 1234 287 1299 ueluti
308 1233 523 1300 confessorem
545 1252 568 1297 a
587 1231 704 1297 throno
725 1231 901 1319 deponeret
922 1232 1047 1298 habens
1069 1231 1104 1298 in
1117 1231 1179 1299 hoc
1193 1253 1276 1300 com·

69 1344 292 1430 sparticipem
313 1343 522 1410 Anastasium
545 1340 738 1427 discipulum
767 1350 799 1409 et
830 1344 1009 1427 syncellum
1037 1343 1107 1410 eius
1129 1345 1179 1410 cni
1203 1364 1276 1431 spo

100 1454 215 1539 pondit
240 1460 350 1538 utpote
379 1452 555 1538 impictatis
584 1472 663 1520 suae
689 1459 908 1519 consentaneo
930 1452 1037 1519 throni
1059 1471 1132 1518 eum
1153 1453 1276 1522 adulte·

100 1586 170 1631 rum
193 1583 410 1632 successorem
432 1564 581 1629 futurum.
615 1582 711 1647 quem
733 1562 848 1629 beatus
869 1583 934 1641 non
957 1563 1112 1648 ignorans
1135 1563 1182 1633 sio
1203 1584 1274 1649 per·

100 1694 194 1743 nerse
215 1676 420 1741 affectantem
441 1672 583 1740 imitatus
605 1672 700 1738 deum
723 1694 816 1741 snum
844 1692 882 1740 ao
904 1674 933 1741 si
954 1672 997 1740 ad
1019 1674 1119 1739 alium
1141 1675 1276 1742 Isoario

99 1793 163 1852 tem
187 1784 352 1871 sapienter
373 1790 406 1851 et
427 1791 595 1850 mansuete
617 1802 727 1850 eorum
750 1803 833 1869 quae
855 1782 1046 1870 proditionis
1068 1792 1142 1851 sunt
1155 1804 1274 1852 memo·
1308 1865 1311 1871 ³

53 1908 84 1959 rc
101 1897 182 1961 riam
205 1894 354 1962 iaciebat.
398 1894 473 1980 quia
497 1914 574 1960 uero
605 1894 895 1961 inconuertibiliter
915 1915 989 1962 eum
1011 1894 1144 1962 uidebat
1164 1915 1274 1963 errare

100 2025 274 2072 conuersus
296 2003 339 2070 ad
361 2024 434 2071 eum
456 2005 633 2071 calcantem
657 2005 834 2090 aliquando
862 2005 1043 2090 posteriora
1071 2006 1173 2071 stolae
1195 2025 1276 2072 suae

100 2136 171 2180 oum
199 2114 243 2181 ad
270 2115 496 2198 imperatorem
525 2113 750 2198 ingrederetur
777 2114 825 2180 ait
852 2115 903 2182 ‘ne
932 2115 1074 2199 festines,
1111 2135 1187 2180 nam
1209 2134 1275 2181 non

100 2226 232 2310 effugiet
253 2246 274 2290 a
295 2232 327 2291 te
349 2242 475 2310 tempus
497 2224 701 2308 ingrediendi
722 2224 900 2311 Dihippin’
943 2232 978 2291 at
1005 2225 1061 2292 ille
1091 2245 1189 2311 super
1210 2217 1275 2292 ser·

100 2356 195 2402 mone
217 2335 362 2404 tristatus
385 2355 458 2401 curn
479 2335 553 2402 aliis
576 2336 631 2420 qui
652 2336 738 2402 hunc
759 2335 931 2402 audierant
950 2336 1157 2421 praesagium
1185 2335 1275 2420 igno

54 2458 83 2507 15
99 2447 193 2512 rabat
220 2446 306 2531 quod
335 2466 405 2512 curn
435 2447 469 2511 in
497 2446 594 2512 finem
624 2453 697 2531 post
725 2446 907 2530 quindecim
936 2466 1040 2513 annos
1061 2446 1272 2532 percepisset,

98 2559 193 2624 tertio
215 2557 367 2624 uidelicet
388 2555 516 2641 imperii
538 2555 740 2624 Constantini
769 2556 981 2641 persecutoris
1009 2576 1096 2622 anno
1124 2555 1274 2622 indictio·

98 2669 151 2734 nis
183 2667 393 2732 duodecimae
425 2667 574 2734 omnibus
608 2667 740 2733 credero
773 2667 936 2750 persuasit
963 2685 1004 2732 ex
1031 2664 1143 2731 diuina
1163 2667 1274 2750 gratia

99 2778 198 2843 fuisse
226 2778 353 2860 ingrato
382 2775 569 2859 prophetice
591 2777 720 2842 dictum.
764 2776 998 2842 Constantinus
1019 2776 1106 2842 enim
1128 2782 1273 2861 posteo

99 2886 188 2968 gnati
226 2887 276 2952 sui
311 2885 487 2951 Artabasdi
522 2885 731 2951 rebellionem
764 2906 836 2952 oum
867 2885 1037 2968 imperium
1069 2885 1271 2968 optinuisset,

53 3009 85 3058 20
100 2995 184 3060 huno
212 2995 422 3062 Anastasium
450 3014 580 3062 caesum
606 3003 639 3061 et
666 3015 738 3061 cum
766 2996 841 3062 aliis
870 2994 1010 3064 inimicis
1039 2994 1072 3058 in
1100 2993 1272 3080 hippodro-

100 3107 198 3171 mium
221 3126 279 3188 por
300 3105 490 3190 Dihippium
519 3106 710 3189 ingressum,
746 3105 867 3171 nudum
897 3124 993 3190 super
1021 3103 1148 3171 asinum
1176 3123 1272 3172 uerso

98 3218 189 3282 uultu
212 3215 377 3283 sedentem
401 3215 568 3300 pompauit
589 3235 627 3281 eo
650 3215 735 3300 quod
757 3216 819 3282 sibi
841 3235 1001 3281 unacum
1028 3214 1102 3282 aliis
1131 3215 1271 3282 inimicis

97 3328 186 3392 mala
207 3326 303 3392 fuerit
324 3327 520 3409 imprecatus
543 3332 575 3392 et
589 3326 807 3394 Artabasdum
830 3325 1031 3392 coronauerit
1052 3326 1135 3393 siout
1156 3325 1189 3391 in
1212 3345 1269 3392 suo

100 3437 296 3503 indicabitur
317 3438 397 3503 loco.

50 3563 81 3612 25
183 3548 225 3612 Et
245 3547 396 3632 Byzantii
419 3544 549 3629 quidem
572 3552 791 3631 propugnator
819 3567 878 3632 pro
906 3544 1110 3631 dogmatibus
1138 3544 1270 3631 pietatis
1291 3543 1402 3612 XXVI

98 3676 190 3724 sacer
221 3657 273 3721 bio
301 3664 333 3721 et
362 3656 512 3741 egregius
540 3656 683 3741 pollebat
712 3655 894 3723 Germanus
922 3676 981 3723 ceu
1009 3661 1120 3721 contra
1148 3655 1272 3724 bestias

97 3785 249 3852 pugnans
270 3765 426 3831 aduersus
441 3765 693 3851 Therionymum
708 3766 793 3831 bunc
807 3766 949 3834 Leonem
972 3773 1005 3832 et
1026 3767 1168 3833 fautores
1190 3768 1270 3834 eius.

98 3875 132 3940 in
161 3875 281 3941 seniori
310 3894 386 3939 uero
408 3877 511 3940 Roma
532 3875 707 3960 Gregorius
736 3876 975 3944 sacratissimus
1003 3876 1053 3941 uir
1075 3878 1271 3959 apostolicus

97 3993 130 4051 et
147 3985 235 4051 Petri
258 3985 388 4052 uerticis
410 3986 628 4068 apostolorum
652 4005 823 4054 consessor
843 3985 943 4052 uerbo
965 3992 997 4052 et
1011 3992 1085 4051 actu
1099 4005 1272 4053 coruscans

49 4108 80 4158 co
98 4096 153 4181 qui
177 4097 313 4161 remouit
334 4097 467 4161 Romam
491 4104 523 4162 et
544 4096 673 4161 Italiam
695 4114 842 4162 necnon
865 4103 897 4161 et
919 4095 1027 4161 omnia
1049 4100 1115 4159 tam
1144 4096 1192 4161 rei
1213 4116 1270 4179 pu-

96 4207 202 4272 blicae
234 4226 330 4290 quam
365 4206 584 4272 ecclesiastica
617 4207 690 4272 iura
722 4207 756 4272 in
784 4206 954 4292 Hesperiis
987 4205 1029 4271 ab
1063 4205 1271 4272 oboedientia

163 4403 376 4473 ‘zirimrtteniD
464 4405 658 4473 bbncellriD
754 4422 892 4487 6utpute
915 4416 942 4472 D
1027 4418 1270 4475 chrisanotenD

96 4511 302 4581 bprodrtronoi
328 4511 362 4566 D¹
469 4516 498 4566 13
527 4512 630 4581 dnpprn
657 4510 716 4577 DP,
743 4512 905 4567 Anastasius
1011 4516 1040 4565 15
1066 4511 1226 4580 precepriiet
1243 4510 1270 4565 D

96 4609 128 4658 20
158 4591 333 4675 yppodromrir
360 4622 379 4675 p
408 4604 483 4674 dupl
505 4592 595 4675 pniD
714 4609 745 4658 25
772 4605 884 4659 bizantrr
910 4603 937 4658 D
1057 4607 1089 4658 26
1116 4605 1219 4672 egrerui
1243 4602 1271 4658 D

96 4701 127 4750 27
145 4684 301 4765 pherommri
319 4698 345 4752 D
363 4704 399 4760 (ct
415 4698 515 4753 similia
532 4697 571 4761 P,
599 4697 823 4768 Bonpursiouus,
842 4698 1031 4763 Anastasius),
1057 4696 1212 4751 manuducit
1234 4713 1270 4751 ea·

96 4789 259 4860 Tlrcopboue
278 4790 409 4846 Gruterus
495 4795 527 4846 ²9
546 4789 730 4847 conseniorD
821 4795 849 4844 31
873 4790 1016 4860 eooiastrce
1035 4790 1062 4845 D
1120 4789 1271 4859 ciperniD

96 4882 289 4937 obodrentraD
