3252 5078
247 322 309 385 358
743 335 836 384 uranx
857 335 931 384 xvn

245 489 403 555 lnshnum
434 494 466 555 et
494 487 622 570 rogauit
651 507 724 553 eum
750 493 786 552 ut
814 487 906 554 fieret
928 485 1132 554 Christianus
1154 495 1187 554 et
1208 488 1250 553 ab
1272 488 1344 574 ipso
1366 509 1422 574 ap

246 599 421 682 pelleretur
442 599 616 682 imperator
637 597 807 664 Lazorum.
852 604 887 662 at
908 597 1082 682 imperator
1108 597 1226 680 grandi
1249 617 1321 664 cum
1343 620 1421 684 gau-

245 707 301 773 dio
333 709 389 774 illo
424 712 575 792 suscepto
607 707 802 772 illuminnuit
835 725 909 772 eum
939 707 1094 773 etlilium
1117 709 1304 793 appellauit.
1348 729 1421 794 pro

245 823 356 884 nectus
384 824 492 885 antem
520 817 696 902 imperator
717 817 876 882 Lazorum
905 817 1070 883 alustino
1098 819 1240 902 portauit
1268 837 1420 884 coronam

245 934 278 994 et
309 926 512 1013 chlamydem
546 927 785 1012 imperatoriam
819 927 937 994 albam.
983 947 1047 1012 quo
1075 934 1238 1014 comperto
1269 927 1452 996 (lebadeae

244 1039 416 1104 Persarum
438 1058 497 1104 rex
518 1037 714 1122 significauit
736 1037 922 1122 imperatori
943 1037 1067 1104 Iustino
1096 1036 1207 1104 dicens
1237 1039 1324 1122 ‘quia
1345 1057 1419 1104 oum

244 1147 388 1213 amicitia
416 1154 448 1214 et
476 1167 541 1232 pax
573 1148 617 1214 sit
643 1147 728 1212 inter·
755 1166 825 1230 nos,
864 1166 948 1232 quae
969 1147 1171 1213 inimicorum
1194 1155 1270 1215 sunt
1291 1147 1363 1232 agis
1386 1157 1420 1214 et

246 1275 302 1325 eos
325 1257 380 1341 qui
403 1257 463 1323 sub
485 1263 644 1343 potestate
659 1258 831 1324 Persarum
852 1277 873 1322 a
895 1258 1026 1323 saeculo
1049 1265 1150 1341 erant,
1175 1259 1418 1343 assumpsistil'

245 1367 301 1452 qui
323 1367 448 1434 remisit
469 1367 500 1433 ei
523 1367 593 1434 ‘nos
615 1385 808 1452 quemquam
833 1365 1050 1434 subiectorum
1072 1368 1208 1453 imperIo
1237 1374 1291 1432 tuo
1313 1387 1419 1452 neque

244 1477 480 1562 assumpsimus
500 1496 606 1559 neque
628 1477 845 1544 subuertimus
868 1476 928 1543 sed
950 1476 1131 1544 ascendens
1153 1478 1275 1544 Zathus
1296 1477 1341 1542 ad
1362 1478 1417 1542 im·
1436 1487 1468 1538 to

243 1588 335 1672 peria
355 1593 467 1654 nostra
488 1585 660 1673 procidens
683 1587 874 1672 deprecatus
897 1594 947 1654 est
968 1595 1003 1652 nt
1025 1586 1068 1653 ab
1089 1588 1225 1654 scelesto
1241 1594 1274 1654 et
1286 1607 1417 1672 pagano

244 1697 395 1782 dogmate
417 1697 590 1782 impiisque
612 1697 779 1763 sacrificiis
803 1703 835 1762 et
863 1715 970 1762 errore
1001 1697 1195 1764 daemonum
1224 1697 1419 1764 liberaretur

244 1813 276 1873 et
297 1807 466 1874 accederet
487 1805 530 1872 ad
552 1807 752 1873 conditorem
773 1807 916 1872 omnium
937 1805 1033 1873 deum
1049 1816 1081 1872 et
1096 1807 1188 1874 fieret
1201 1806 1418 1874 Christianus.

243 1916 330 1982 hunc
357 1938 417 1984 nos
446 1917 650 2000 baptizantes
673 1916 872 1982 absoluimus
898 1917 941 1982 ad
963 1918 1127 2002 propriam
1150 1917 1333 2001 regionem!
1377 1936 1419 1984 ex

245 2031 320 2092 tuno
342 2046 419 2110 ergo
443 2025 529 2091 lacta
551 2031 600 2092 est
622 2026 766 2090 amicitia
788 2026 872 2092 inter
892 2029 1054 2093 Romanos
1076 2033 1108 2092 et
1130 2026 1275 2110 Persas.)
1436 2033 1467 2084 1⁵

90 2133 222 2200 XVIIII
336 2136 377 2201 At
404 2155 481 2202 uero
510 2136 544 2202 in
574 2135 707 2202 orientis
735 2136 882 2220 partibus
910 2136 985 2202 dum
1008 2136 1114 2202 adhuc
1136 2156 1174 2201 eo
1195 2143 1339 2222 tempore
1359 2154 1418 2221 per

243 2247 315 2312 looa
337 2244 467 2329 singula
487 2245 611 2312 Ariana
633 2245 780 2313 haeresis
803 2247 942 2330 uigeret,
972 2247 1115 2314 Iustinus
1144 2247 1260 2328 <sexto
1291 2245 1418 2331 imperii

244 2357 295 2424 sui
317 2353 420 2438 anno>
442 2353 559 2421 ardore
581 2355 781 2422 orthodoxae
802 2356 879 2422 fidei
909 2355 1102 2423 omnimodis
1131 2363 1282 2439 satagere
1310 2355 1419 2441 eoepit

243 2474 279 2534 nt
298 2465 533 2533 haereticorum
555 2485 673 2532 nomen
695 2466 897 2550 extingueret
919 2468 1093 2551 statuitque
1117 2473 1150 2532 ut
1171 2466 1291 2550 ubique
1306 2485 1416 2532 eorum

242 2577 397 2645 eeclesias
419 2575 579 2640 catholica
600 2575 757 2660 religione
784 2583 998 2643 consecraret.
1043 2575 1129 2660 quod
1157 2576 1233 2642 dum
1263 2576 1297 2642 in
1320 2575 1417 2642 Italia
1432 2585 1467 2636 to

242 2706 300 2752 rex
322 2684 541 2752 Theodericus
563 2684 688 2750 Arium
715 2687 768 2752 lue
791 2687 932 2771 pollutus
962 2686 1125 2769 audisset,
1154 2685 1332 2753 Iohannem
1361 2705 1417 2770 pa-

243 2815 320 2883 pam
342 2795 502 2879 simulque
525 2813 596 2859 oum
619 2814 657 2860 eo
672 2795 878 2861 Theodorum
899 2797 1110 2881 Inpertunum
1133 2795 1417 2880 atquehgapitum

243 2905 430 2971 consulares
452 2903 549 2986 uiros,
572 2904 738 2989 aliumque
759 2905 933 2989 Agapitum
955 2905 1126 2990 patricium
1149 2905 1417 2991 Constantinopo

241 3016 299 3081 lim
321 3014 365 3081 ad
385 3015 544 3080 Iustinum
567 3013 746 3099 prinoipem
773 3015 900 3099 dirigit:
938 3015 1072 3081 mandat
1099 3035 1158 3103 per
1190 3036 1246 3082 eos
1276 3016 1417 3081 intermi-

241 3145 326 3192 nans
347 3132 382 3190 ut
403 3124 467 3190 nisi
490 3123 683 3207 quantocius
706 3122 880 3191 haereticis
902 3145 979 3192 suas
1002 3125 1158 3192 eeclesias
1181 3123 1328 3191 redderet
1349 3144 1417 3191 eos·
1433 3136 1466 3188 tn

243 3253 305 3319 que
333 3235 368 3299 in
397 3252 477 3319 pace
508 3231 628 3316 degere
659 3233 798 3312 sineret,
833 3235 1003 3303 uniuersos
1032 3237 1148 3302 ltaHae
1176 3237 1313 3320 populos
1344 3236 1417 3319 ipse

241 3343 351 3429 gladio
374 3343 585 3426 extingueret.
630 3344 686 3426 qui
708 3345 937 3428 peruenientes
959 3344 1003 3411 ad
1016 3345 1196 3430 Augustum
1219 3365 1291 3410 oum
1313 3345 1355 3411 ab
1377 3364 1417 3411 eo

241 3454 349 3537 digne,
372 3459 407 3518 ut
428 3453 629 3539 conpetebat,
653 3455 795 3539 suscepti
817 3463 938 3535 essent,
960 3457 1088 3540 magnis
1110 3475 1183 3523 enm
1206 3454 1247 3522 de
1269 3475 1416 3522 suasae

243 3583 377 3646 rumque
399 3564 503 3630 salute
525 3562 657 3629 solliciti
679 3563 808 3631 fletibus
828 3566 994 3650 postulant
1015 3573 1051 3632 ut
1072 3586 1150 3634 suae
1172 3566 1345 3650 legationis
1367 3584 1415 3633 se·

241 3675 321 3741 riom
344 3692 540 3758 quamquam
562 3680 650 3740 esset
671 3673 793 3741 iniusta
814 3675 953 3742 libenter
975 3678 1137 3762 exciperet
1158 3677 1337 3759 Italiaeque
1359 3693 1415 3760 pe·
1432 3683 1465 3733 ee

240 3785 361 3851 riturae
383 3785 573 3850 consuleret.
619 3803 753 3868 quorum
775 3783 903 3852 fletibus
919 3786 1063 3854 lustinus
1078 3792 1242 3873 permotus
1265 3785 1313 3853 eis
1329 3784 1414 3869 quod

308 4092 433 4162 hgrandr
452 4092 541 4148 otuD
599 4085 766 4148 schlamdd
783 4093 811 4148 D
862 4093 983 4149 kabades
999 4092 1053 4149 ΗΒ
1114 4097 1143 4147 tl
1161 4109 1294 4162 regionem
1309 4092 1353 4147 B.-
1371 4107 1414 4146 ra·

240 4193 316 4242 none
328 4183 383 4241 DP
439 4191 470 4240 15
489 4185 606 4241 amicitia
617 4185 657 4240 b:
677 4192 815 4240 imminua
831 4185 858 4240 b
920 4192 949 4240 17
967 4191 995 4242 et
1012 4191 1042 4241 tt
1061 4201 1171 4241 amnne
1188 4186 1250 4251 BD,
1269 4185 1344 4257 qaod
1359 4202 1416 4240 cm-

235 4279 314 4351 plius
330 4295 386 4334 non
404 4279 502 4334 notabo
557 4282 587 4333 te
608 4279 739 4348 satageret
755 4281 865 4334 corr.t'n
882 4278 1002 4348 satagere
1019 4297 1180 4336 amoarec.
1192 4279 1256 4334 sne
1308 4275 1415 4347 oeprtll

242 4375 275 4425 25
293 4371 451 4442 quantotius
464 4372 492 4426 b
577 4375 610 4428 26
629 4371 716 4426 tunm&
733 4371 761 4426 B
846 4375 879 4426 ²8
905 4373 1049 4442 copetcbat
1075 4372 1102 4428 b
1195 4375 1228 4427 2⁹
1255 4367 1415 4427 lohrcrtcll

243 4463 325 4534 peith,
344 4463 378 4518 c
429 4463 475 4534 luc
493 4463 632 4534 legauoml
648 4466 713 4519 lene
731 4463 786 4520 BD
