2834 5394
169 214 233 277 472
673 228 766 276 meru
788 229 849 275 xxr

170 388 222 449 est
242 379 317 446 dolo
337 379 372 445 in
394 379 508 446 Sicilia
528 378 617 464 apud
639 380 833 466 Syracusam
861 379 895 445 in
923 379 1041 446 balneo
1062 380 1114 445 cui
1136 398 1259 445 nomen
1282 388 1358 447 erat

168 491 320 576 Daphne.
357 492 462 557 luerat
482 497 589 556 autem
612 509 713 557 causa
733 489 823 556 baec.
861 497 935 575 post
946 489 1230 576 interemptionem
1246 490 1356 556 Theo

171 601 256 669 dosii
284 602 392 668 iratris
428 601 531 686 ipsius
561 600 635 666 odio
664 600 794 667 babitus
823 609 873 667 est
901 601 1112 685 aByzantiis
1140 608 1171 667 et
1204 601 1354 666 maxime

170 712 248 797 quia
269 718 302 778 et
323 711 496 776 Martinum
518 711 757 778 sanctissimum
779 731 900 796 papam
921 713 1101 777 Romanum
1128 711 1354 795 ignominiose

171 820 484 906 Constantinopolim
519 819 611 887 duxit
645 828 678 887 et
711 820 809 887 exilio
844 822 1003 906 relegauit
1037 840 1138 906 penes
1168 819 1384 888 Chersoniss

171 932 304 999 climata
318 938 351 998 et
365 930 498 997 Maximi
520 930 755 1015 sapientissimi
777 937 810 997 et
831 931 1026 999 contessoris
1040 933 1185 1016 linguam
1199 952 1353 996 manum·

171 1061 235 1126 que
256 1041 418 1106 truncauit
439 1047 472 1106 et
493 1041 609 1107 multos
631 1039 881 1107 orthodoxorum
911 1041 1101 1108 uerberibus
1131 1048 1163 1107 et
1185 1041 1297 1108 exiliis
1319 1050 1355 1107 et

171 1150 465 1236 proscriptionibus
488 1170 526 1216 eo
549 1150 634 1236 quod
658 1150 787 1217 haeresi
810 1171 889 1218 suae
903 1153 1088 1219 nullatenus
1103 1152 1353 1236 acquiescerent

171 1259 408 1327 condemnauit.
452 1261 530 1344 quin
553 1268 585 1326 et
613 1259 695 1327 duos
716 1261 919 1344 Anastasius,
957 1263 1012 1347 qui
1040 1263 1166 1327 luerant
1194 1260 1353 1346 discipuli

171 1370 305 1438 Maximi
334 1371 528 1439 confessoris
557 1379 589 1437 et
610 1371 771 1455 martyris,
808 1373 974 1438 tormentis
1004 1379 1035 1437 et
1064 1371 1170 1437 exiliis
1203 1371 1353 1437 tradidit.
1371 1377 1400 1427 ¹⁰

171 1490 303 1570 propter
331 1480 411 1548 talia
445 1502 521 1565 ergo
552 1500 671 1547 exosus
705 1480 828 1548 cunctis
863 1482 994 1548 effectus
1029 1488 1088 1549 est.
1139 1501 1212 1546 cum
1239 1488 1353 1546 autem

171 1593 269 1660 ualde
296 1598 460 1674 metueret,
497 1590 599 1657 uoluit
626 1591 794 1675 imperium
824 1591 858 1657 in
886 1591 998 1658 urbem
1020 1594 1156 1658 Romam
1178 1591 1354 1658 transferri

173 1702 259 1769 unde
290 1710 323 1769 et
352 1701 589 1786 imperatricem
618 1706 748 1784 tresque
776 1701 860 1768 filios
888 1722 965 1769 suos
994 1703 1107 1768 tollere
1141 1701 1353 1786 aBynantio

172 1813 275 1879 uoluit
295 1811 359 1879 nisi
381 1810 597 1877 cubicularius
618 1809 768 1879 Andreas
797 1817 830 1878 et
852 1809 1043 1878 Theodorus
1066 1810 1223 1877 Coloniae
1249 1811 1352 1878 huius

172 1921 417 2007 prohibuissent
438 1920 617 1986 consilium.
662 1940 742 1986 sane
764 1920 798 1986 in
821 1921 935 1987 Sicilia
956 1922 1031 1986 lecit
1052 1941 1156 1988 annos
1178 1940 1246 1987 sex.
1276 1939 1350 1985 cnm
1374 1924 1401 1973 ¹⁶

173 2036 280 2096 autem
303 2027 503 2114 praedictum
525 2029 677 2094 balneum
699 2030 867 2114 ingressus
895 2031 1017 2113 luisset,
1047 2031 1192 2096 introiuit
1213 2050 1288 2095 cum
1311 2051 1351 2097 eo

174 2138 305 2224 quidam
327 2137 476 2205 Andreas
498 2137 584 2206 filius
605 2139 709 2205 Troili
730 2140 956 2207 obsecundans
978 2140 1036 2205 illi.
1074 2147 1105 2206 et
1126 2139 1202 2205 dum
1225 2141 1353 2224 coepis-

173 2254 225 2317 set
247 2268 371 2333 sapone
387 2247 512 2314 Gallico
535 2248 675 2333 deliniri,
699 2269 829 2317 sumens
843 2251 992 2316 Andreas
1008 2251 1147 2332 situlam,
1171 2249 1262 2315 dedit
1275 2269 1352 2315 eam

173 2359 208 2427 in
231 2360 387 2426 uerticem
409 2358 614 2445 imperatoris
637 2366 670 2426 et
690 2361 837 2445 protinus
859 2361 949 2444 fugit.
994 2367 1045 2426 ast
1072 2359 1248 2444 imperator
1274 2372 1351 2426 cum

172 2471 356 2537 tardaretur
378 2471 413 2536 in
435 2470 562 2551 balneo,
585 2469 733 2537 insiliunt
754 2469 789 2535 hi
810 2470 866 2554 qui
893 2470 971 2536 foris
992 2476 1085 2535 erant
1107 2476 1139 2535 ct
1160 2469 1401 2554 repperientes

174 2582 405 2667 imperatorem
429 2580 578 2647 occisum.
623 2601 686 2663 quo
715 2582 841 2666 sepulto
863 2580 1025 2645 Minicium
1054 2579 1215 2660 quendam
1235 2579 1352 2644 Arme—

173 2690 262 2756 nium
284 2692 510 2775 imperatorem
534 2691 678 2757 lecerunt
698 2691 732 2754 ui
754 2697 905 2773 cogentes
927 2689 1028 2755 hunc:
1052 2697 1121 2754 erat
1143 2690 1229 2755 euim
1251 2689 1352 2755 ualde

173 2799 309 2866 decorus
344 2806 376 2865 et
409 2799 587 2884 speciosus.
637 2799 746 2865 audito
779 2807 949 2884 praeterea
981 2799 1213 2865 Constantinus
1244 2799 1350 2882 patris

174 2911 263 2977 obitu
286 2930 358 2975 cum
383 2909 483 2974 multo
505 2910 636 2992 nauigio
659 2909 693 2975 in
717 2910 861 2976 Siciliam
891 2911 981 2975 uenit
1009 2918 1041 2974 et
1062 2928 1236 2992 aggressus
1257 2909 1351 2973 Mici·
1384 2982 1390 2991 ¹

174 3021 258 3086 nium
288 3021 374 3084 hunc
403 3019 553 3084 interficit
582 3039 653 3083 oum
683 3019 879 3086 occisoribus
907 3019 1092 3103 patrissui.
1136 3025 1168 3083 ct
1190 3018 1350 3085 ordinatis
1367 3023 1400 3073 ²⁵

171 3129 340 3213 Hesperiis
363 3126 675 3211 Constantinopolim
697 3128 793 3194 rediit
814 3135 846 3194 et
866 3129 1021 3195 Romanis
1043 3149 1108 3193 una
1130 3146 1200 3192 cum
1216 3127 1350 3193 Tiberio

175 3246 209 3305 et
229 3238 378 3303 Heraclio
402 3235 554 3302 fratribus
576 3235 723 3321 imperat.

48 3343 154 3412 XIIII
261 3348 356 3413 Anno
389 3346 431 3411 ab
467 3346 688 3412 incarnatione
725 3346 847 3413 domini
875 3349 1108 3415 sexcentesimo
1145 3346 1349 3429 sexagesimo

176 3457 436 3525 oonsnrnnnvs
466 3457 612 3542 imperat.
657 3458 811 3524 Saraceni
839 3464 947 3524 autem
975 3463 1144 3522 mouerunt
1172 3456 1347 3522 exercitum

177 3570 211 3635 in
233 3569 343 3634 Africa
366 3574 397 3633 et
418 3567 549 3652 captiua
570 3564 729 3633 duxerunt
751 3568 842 3634 milia
863 3575 898 3633 ut
918 3569 1025 3635 ierunt
1047 3567 1218 3650 octoginta.
1251 3586 1347 3650 porro
1366 3581 1401 3631 30

174 3679 209 3745 hi
232 3681 287 3763 qui
309 3679 515 3745 orientalium
538 3685 631 3744 erant
652 3677 891 3761 prouinciarum
914 3677 1140 3763 Chrysopolim
1162 3695 1281 3741 uenere
1303 3675 1349 3738 di-

174 3796 284 3856 ceutes
308 3789 346 3856 ‘si
368 3789 402 3854 in
424 3787 568 3854 trinitate
590 3786 761 3870 credimus,
784 3794 850 3855 tres
873 3788 971 3855 etiam
993 3785 1200 3853 coronemus!
1242 3784 1349 3849 turba-

242 4072 399 4128 sonantur
414 4072 441 4128 Il
550 4053 709 4143 lmartynr'r
732 4073 759 4128 Ι)
868 4078 882 4126 5
911 4071 1035 4140 rehgaurt
1060 4071 1160 4140 poenal
1184 4070 1299 4123 cerlomi
1323 4070 1351 4124 l)

174 4145 434 4231 sconde'pnaurtl)
523 4169 551 4219 1³
569 4164 732 4220 bizantroD
820 4170 850 4219 ll
869 4162 997 4234 tholrlrI)
1057 4144 1223 4220 obsecundii
1240 4165 1262 4225 (l
1277 4180 1348 4218 corr.

173 4273 211 4313 ex
229 4263 256 4324 n)
275 4257 302 4312 Ι)
371 4256 521 4327 ceprsldD
611 4262 639 4312 tt
662 4238 796 4327 mrlzrdI)
898 4261 930 4312 al
954 4263 1030 4312 uemt
1046 4256 1143 4311 ocal)
1217 4236 1296 4309 nuzu'r
1325 4256 1350 4311 Ι)

174 4352 207 4403 26
225 4349 333 4417 elperul
348 4350 375 4405 Ι)
426 4349 574 4421 tyberroI)
642 4354 675 4405 30
693 4354 830 4419 octogiuta
846 4347 882 4407 θ’
950 4354 980 4405 31
1001 4349 1169 4420 ohrrlopobm
1187 4349 1213 4403 Ι)
