2834 5394
139 262 203 323 216
660 276 751 323 nrum
774 276 795 321 x

139 428 279 493 urarime
301 428 494 509 tragicorum
520 427 694 493 studiosus.
717 428 838 509 ine-,venii
860 426 968 511 asperi
990 444 1089 511 atque
1110 430 1276 494 laseiuilre

139 538 284 604 uerentia
306 552 414 601 tatrreu
437 538 545 602 iratris
567 538 648 601 nibil
673 558 822 619 umquam
837 550 928 601 atrox
950 558 1062 601 ausus.
1106 540 1276 623 cumqueob

138 648 217 715 iuuet
240 649 408 711 undecimo
431 647 556 733 imperii
578 668 674 711 anuo
698 648 780 711 inter
801 645 893 710 dirtos
916 647 1038 711 relatus
1077 662 1154 713 csta

53 750 114 817 XV
222 758 297 823 l'ost
319 778 391 823 etun
417 758 572 827 sllareus,
593 758 773 822 Antoninus
807 756 906 821 l'erus
946 758 1195 841 rempublicam
1214 760 1278 825 solu

133 869 244 945 tenerit,
268 888 362 951 quiem
386 869 495 932 trrirari
519 868 645 930 luciliu-¹
667 868 837 949 qnisquam
861 886 957 949 quam
980 866 1118 933 laudare
1140 869 1244 953 possit:
1263 878 1299 932 ai

135 977 294 1063 principio
317 980 403 1041 uitae
435 977 721 1059 tranquillissimus
753 975 835 1040 adeo
867 988 900 1039 ut
930 976 973 1039 ab
1007 978 1146 1041 infantia
1178 997 1279 1062 quoque

135 1089 256 1153 uultum
280 1108 339 1152 nee
361 1106 401 1151 ex
422 1086 543 1171 gaudio
566 1106 625 1151 nec
648 1106 688 1151 ex
711 1106 854 1150 uraerure
874 1088 1056 1151 mutauerit.
1080 1088 1279 1173 philosophiae

134 1197 264 1263 deditus
280 1198 416 1263 Stoicae.
461 1199 532 1281 ipse
554 1198 650 1261 etiam
674 1217 737 1260 non
754 1197 856 1261 solum
872 1196 957 1261 uitae
973 1196 1119 1263 moribus
1135 1196 1279 1263 sedetiam

133 1306 313 1373 eruditione
336 1307 550 1393 philosophus
579 1318 687 1371 tantae
716 1305 939 1370 admirationis
970 1305 1077 1370 adhuc
1111 1308 1230 1373 iuuenis
1255 1318 1281 1369 ut

133 1438 206 1485 enm
229 1438 446 1483 successorem
470 1418 634 1503 paraucrit
656 1415 842 1480 Hadrianus
863 1416 1055 1495 relinquere,
1084 1416 1230 1502 adoptato
1246 1422 1309 1481 teit

133 1548 206 1593 uren
228 1530 392 1593 ,lrrtemino
414 1528 472 1593 l'io
499 1547 654 1611 generum
682 1527 713 1591 ei
741 1526 860 1589 ideireo
894 1546 966 1591 esse
1005 1528 1143 1591 uoluerit
1171 1542 1203 1591 ut
1235 1527 1280 1591 hoc

131 1638 246 1703 ordine
268 1638 310 1703 ad
334 1638 501 1723 imperium
526 1638 719 1721 perueniret.
763 1635 925 1701 institutus
936 1650 988 1701 est
1003 1636 1047 1700 ad
1062 1636 1279 1722 philosophiam

132 1769 190 1833 per
211 1750 415 1832 Apedloniuru
439 1746 707 1823 t‘lraleeduuium‚
735 1744 778 1809 ad
809 1746 973 1810 seientiam
1002 1746 1181 1811 litterarum
1201 1746 1281 1813 Grae

131 1878 239 1923 earum
272 1878 333 1941 per
356 1860 488 1919 Sea-turn
512 1858 790 1925 Chaeronensem.
819 1854 978 1919 Plutarchi
1009 1870 1170 1940 nepotem.
1211 1855 1278 1920 lati

131 1988 194 2033 nau
215 1980 322 2033 runem
347 1968 471 2033 litteras
493 1988 566 2033 eum
589 1968 708 2032 l'ronto
729 1976 836 2031 orator
857 1964 1078 2031 nobilissimus
1101 1965 1216 2031 docuit.
1239 1962 1309 2029 hic¹⁵

130 2098 201 2143 euru
224 2078 374 2141 turrinibus
396 2080 517 2141 lloruae
539 2098 643 2161 aequo
671 2078 740 2140 iure
769 2078 844 2157 egit,
872 2073 914 2139 ad
942 2075 1063 2138 nnllam
1094 2077 1278 2142 insolentiam

130 2188 237 2253 elatno
258 2196 308 2251 eut
331 2188 457 2272 imperii
479 2189 627 2267 uestigio:
657 2185 860 2250 liberalitatis
888 2184 1150 2269 preunptissinmc
1172 2187 1280 2271 prouin-

129 2298 198 2363 ciae
222 2298 345 2381 ingenti
368 2298 565 2379 benignitate
592 2308 623 2361 et
646 2295 864 2362 moderatione
885 2295 1042 2359 tractauit.
1087 2308 1199 2363 contra
1217 2296 1279 2361 Ger·

129 2428 243 2475 manoe
277 2428 315 2473 eo
348 2408 493 2493 principe
525 2429 578 2474 rea
608 2408 743 2473 feliciter
773 2416 885 2488 gestae
917 2412 999 2470 sunt.
1043 2406 1123 2487 <iste
1144 2407 1278 2472 urrann

127 2520 269 2584 outnimn
293 2518 506 2603 caelestiaque
529 2518 652 2601 ingenii
674 2516 779 2583 extitit
800 2516 1025 2597 aerumnisque
1048 2516 1186 2598 publicis
1201 2514 1310 2599 qrrasill

127 2628 277 2694 defensor
298 2629 442 2695 obiectus
465 2636 523 2694 est.
567 2636 600 2693 et
627 2629 714 2693 euim
735 2626 798 2691 nisi
821 2625 863 2689 ad
885 2626 943 2690 illa
963 2636 1108 2709 tempora
1132 2644 1223 2693 uenus
1240 2644 1278 2689 es-

127 2745 186 2819 set,
210 2740 351 2823 prolecto
374 2739 469 2823 «quaesi
497 2759 561 2803 uno
591 2741 686 2824 lapsu
714 2737 854 2801 ruissent
882 2735 991 2799 omnia
1018 2746 1122 2801 status
1149 2734 1278 2802 Romani.

125 2849 246 2933 quippe
269 2849 369 2913 arruiu
398 2849 491 2933 quiea
513 2869 673 2931 tranquaut
696 2854 765 2911 erat
787 2863 907 2929 perque
929 2863 1053 2908 orrrnenr
1077 2846 1230 2913 orientem
1247 2844 1279 2908 ll·

125 2958 260 3043 lyricum
279 2960 468 3041 Italiamque
493 2959 577 3023 bellu
593 2959 744 3036 fluebant,
768 2964 873 3021 terrae
896 2967 999 3019 ruotus
1020 2974 1083 3019 uon
1107 2957 1179 3022 aine
1200 2957 1278 3021 iuter·

125 3068 171 3134 itu
193 3070 368 3143 ciuitatum,
393 3070 622 3136 ituendationes
644 3068 821 3145 fltrrnimnu,
844 3066 914 3131 lues
935 3064 1076 3135 crebrae.
1099 3066 1310 3133 loeuaturumlt

124 3179 251 3263 epreeieu
275 3180 306 3243 in
331 3182 418 3261 tigria
443 3182 579 3245 infestae
603 3199 735 3265 prorsus
764 3184 798 3241 nt
818 3196 919 3260 propo
946 3174 1037 3255 nibil,
1065 3195 1129 3258 quo
1159 3172 1277 3241 summis

121 3288 299 3371 augentibus
322 3290 417 3354 atteri
441 3292 593 3357 trientales
616 3291 729 3370 solent,
760 3286 823 3351 diei
853 3306 911 3351 seu
932 3284 1066 3367 eogitari
1088 3296 1185 3369 queat
1205 3280 1277 3369 quod

121 3417 185 3463 uon
221 3398 275 3463 illo
311 3400 491 3485 imperante
524 3401 687 3465 uaerrierit.
732 3396 827 3461 eredo
859 3396 1015 3460 diuinitus
1042 3396 1226 3460 attributum
1251 3399 1278 3456 ut

119 3506 195 3573 dum
219 3509 330 3575 terrendi
362 3511 415 3577 lex
443 3532 500 3575 seu
529 3519 646 3576 natura
675 3507 798 3593 aliquid
821 3505 1003 3571 horuinibua
1027 3506 1219 3588 incognitum
1238 3501 1274 3586 gi·

118 3618 197 3702 guil,
224 3628 379 3685 rector-mu
402 3621 546 3687 ‹eeirtailiis
569 3630 733 3703 tanupmm
755 3617 936 3683 medicinae
953 3614 1102 3681 remediis
1118 3616 1314 3681 lenianturtt

19 3722 97 3788 XVI
204 3730 265 3795 llie
287 3732 433 3815 permisit
456 3732 534 3797 uino
556 3730 747 3795 clarioribus
770 3736 804 3793 ut
826 3726 976 3793 conuiuia
996 3725 1109 3791 eodem
1125 3727 1210 3790 cultu
1223 3740 1275 3807 quo

118 3839 190 3925 ipse
213 3848 245 3905 et
268 3842 427 3907 uiritilihua
451 3843 608 3907 ministris
631 3840 829 3906 eulriberent.
875 3839 903 3903 io
926 3836 1040 3901 diebtm
1055 3834 1196 3900 l'urtbiei
1210 3829 1276 3899 belli

185 4038 200 4085 :t
219 4048 324 4101 numeru
342 4033 414 4087 ulmo
434 4033 551 4087 erritoB
636 4032 820 4087 blatrdanB
894 4028 1118 4083 aammrrarronrt
1136 4028 1188 4083 ltB
1252 4028 1276 4078 1⁰

116 4124 244 4179 nmturmt'
262 4122 313 4177 llll
385 4132 414 4179 tlt
433 4126 570 4194 appuliam
593 4126 614 4181 ll
665 4126 836 4181 calcedonem
849 4124 890 4179 B:
908 4120 1124 4177 calendonemll
1183 4125 1212 4175 ll
1230 4120 1277 4173 lex·

115 4222 172 4271 tum
190 4236 241 4271 orn.
263 4216 314 4271 llll
406 4218 593 4273 eluroneulem
615 4220 640 4275 B
725 4220 861 4289 plntburer
883 4217 907 4271 B
1012 4219 1041 4267 15
1065 4229 1126 4269 eum
1143 4208 1277 4268 litterelll

114 4308 203 4363 tronto
233 4309 255 4364 lt
362 4316 389 4365 et
417 4314 590 4380 peomtdlnue
612 4313 635 4368 lt
741 4316 769 4367 ts
795 4322 822 4367 et
845 4330 896 4368 unu
922 4310 950 4367 B
1050 4312 1082 4363 23
1106 4300 1279 4376 utuncund

114 4404 146 4455 24
165 4402 289 4455 l'ruelumt
311 4402 335 4455 n
404 4414 435 4457 tet
455 4416 551 4459 tratura
568 4406 676 4459 relrrulue
691 4408 695 4469 Ι
712 4406 774 4474 quid
797 4406 820 4461 ll
905 4409 937 4459 32
956 4398 1135 4457 exibereutD
