2834 5394
10 39 1048 357 u

609 122 686 183 ,wc

555 720 629 769 cnr.
651 720 808 768 nvn-xx
1134 709 1140 719 '
1215 707 1278 770 477

104 893 178 939 cum
200 867 359 938 Orobatus
381 870 529 939 dominus
550 871 616 937 iam
638 871 744 939 dictae
764 872 939 956 Bulgariae
967 892 1026 939 seu
1045 870 1279 957 (iontragorum

106 983 207 1047 uitam
229 988 439 1048 commutaret
460 1000 499 1046 ac
520 980 605 1049 filios
626 981 769 1067 quinque
790 981 985 1065 relinqueret
1006 988 1143 1050 testatus
1166 989 1279 1050 estne

107 1093 174 1156 ullo
203 1090 300 1156 modo
328 1112 350 1157 a
377 1097 488 1157 mutua
515 1091 755 1159 cohabitatione
784 1098 1013 1177 separarentur
1032 1098 1164 1178 propter
1191 1091 1279 1177 quod

108 1201 312 1268 uniuersitati
333 1200 574 1267 dominarentur
599 1202 728 1287 ipsique
749 1202 829 1268 nulli
851 1202 944 1268 alteri
969 1202 1094 1268 nationi
1109 1203 1279 1270 seruirent.

73 1317 182 1397 apost
202 1311 301 1377 breue
321 1317 429 1377 autem
450 1319 578 1397 tempus
599 1312 711 1378 mortis
732 1312 819 1379 illius
841 1312 876 1377 in
897 1311 1090 1379 diuisionem
1111 1312 1279 1379 uenientes

107 1422 248 1506 quinque
268 1421 328 1487 filii
349 1423 420 1488 eius
442 1422 635 1488 altrinsecus
656 1423 851 1506 sequestrati
872 1429 947 1490 sunt
968 1443 1033 1488 una
1055 1440 1127 1488 cum
1148 1422 1278 1508 populo,

106 1551 202 1616 quem
230 1552 314 1597 unus
342 1532 479 1616 quisque
506 1532 650 1617 ipsorum
677 1551 757 1600 suae
785 1530 898 1598 ditioni
930 1531 1073 1599 habebat
1099 1532 1277 1599 subactum.

107 1647 140 1707 et
170 1641 294 1726 primus
325 1640 455 1725 quidem
488 1641 574 1709 filius
608 1643 678 1709 eius
706 1644 761 1727 qui
788 1641 955 1709 dicebatur
981 1640 1163 1710 Bathahias
1190 1661 1280 1708 man·

107 1750 217 1816 datum
239 1751 361 1836 proprii
383 1750 567 1818 custodiens
589 1753 691 1837 patris
719 1751 753 1817 in
780 1751 1019 1837 progenitorum
1041 1772 1170 1818 suorum
1192 1759 1301 1838 terra,

59 1871 92 1921 to
107 1861 285 1946 permansit
299 1881 400 1945 usque
415 1861 630 1946 impraesens.
660 1860 820 1929 secundus
835 1880 912 1927 uero
926 1860 1022 1928 huius
1037 1861 1136 1927 irater
1149 1861 1279 1927 nomine

108 1970 275 2055 (iumagus,
290 1972 429 2036 Tanaim
450 1972 613 2038 transiens
628 1991 756 2037 amnem
771 1989 811 2037 ex
833 1971 971 2038 aduerso
993 1971 1097 2056 primo
1118 1971 1281 2038 habitauit

107 2078 207 2145 fratri.
252 2086 386 2164 quartus
419 2088 526 2146 autern
560 2087 592 2146 et
620 2082 750 2165 quintus
778 2081 922 2147 Histrum
951 2079 984 2145 id
1013 2087 1064 2147 est
1092 2080 1278 2146 Danubium

106 2188 238 2254 fluuium
252 2197 490 2257 transmeantes
505 2211 589 2256 unus
604 2209 714 2255 eorum
725 2189 759 2255 in
775 2189 917 2256 Aurariae
932 2189 1111 2273 Pannonia,
1130 2190 1277 2257 Ohaiano

106 2299 251 2364 duarum
274 2318 310 2365 se
332 2299 475 2367 subdens
497 2300 617 2366 mansit
638 2299 704 2366 illic
725 2319 797 2365 cum
819 2305 986 2385 potentatu
1007 2320 1075 2382 suo,
1098 2300 1181 2366 alter
1201 2319 1280 2367 uero

61 2419 91 2470 tt
108 2407 195 2475 haud
215 2410 326 2495 procul
348 2411 390 2475 ab
412 2410 491 2474 urbe
505 2412 664 2475 Rauenna
687 2411 719 2475 in
735 2409 936 2495 Pentapolim
958 2410 1095 2477 ueniens
1110 2410 1171 2477 sub
1186 2408 1279 2475 chri-

107 2519 284 2586 stianorum
306 2519 442 2604 imperio
464 2520 567 2586 iactus
590 2527 649 2586 est.
692 2519 810 2585 deinde
838 2520 951 2584 horum
973 2520 1086 2586 tertius
1107 2517 1278 2604 Asparuch

106 2627 210 2695 dictus
242 2630 412 2715 Danaprin
444 2636 477 2694 et
509 2630 686 2696 Danastrin
723 2630 885 2696 transiens
917 2635 950 2696 et
981 2629 1130 2712 Honglon
1163 2627 1278 2696 adiens

107 2739 227 2806 Boreos
250 2741 419 2806 interiores
440 2740 592 2805 Danubio
614 2739 731 2806 fluuios
757 2740 842 2804 inter
863 2739 948 2803 bunc
970 2744 1002 2803 et
1023 2739 1096 2803 illos
1119 2736 1280 2803 habitauit

106 2856 209 2914 tutum
230 2855 263 2914 ct
284 2849 448 2915 difficilem
470 2850 512 2915 ad
541 2848 791 2933 expugnandum
820 2850 923 2913 iocum
952 2846 1027 2911 binc
1055 2846 1131 2912 inde
1153 2847 1278 2931 conspi-

59 2961 93 3014 2⁰
109 2960 206 3041 ciens,
230 2959 306 3024 dum
328 2959 413 3024 enim
435 2966 523 3026 esset
544 2959 697 3045 palustris
719 2966 751 3024 et
772 2957 847 3022 hinc
868 2963 1039 3022 coronatus
1061 2955 1212 3039 illincque
1221 2953 1279 3019 flu-

108 3068 248 3134 minibus
270 3069 435 3152 copiosam
456 3070 545 3152 genti
566 3075 697 3153 propter
722 3067 862 3133 hostium
883 3065 1088 3151 partitionem
1110 3065 1279 3131 humiliate

106 3177 295 3262 praestabat
316 3179 464 3262 quietem.

191 3288 252 3354 His
274 3297 380 3353 autem
403 3290 450 3353 ita
470 3289 505 3352 in
527 3289 668 3372 quinque
689 3287 805 3354 diuisis
828 3292 859 3351 et
880 3284 923 3350 ad
938 3285 1133 3368 paucitatem
1148 3283 1279 3349 deueni·
1300 3275 1368 3341 XX

108 3398 253 3479 entibus,
283 3398 384 3463 exiuit
411 3418 529 3481 magna
550 3419 631 3482 gens
654 3397 853 3463 Gazarorum
881 3415 923 3461 ex
949 3393 1093 3460 interiori
1120 3392 1278 3479 profundo

59 3514 92 3564 25
108 3506 268 3572 Berziliae
289 3508 414 3592 primae
437 3508 617 3574 Sarmatiae
638 3515 671 3573 et
691 3507 858 3572 dominata
885 3512 936 3572 est
962 3503 1050 3570 omni
1070 3503 1203 3588 peruiac
1218 3509 1279 3569 ter·

110 3634 165 3679 rae
196 3636 298 3700 usque
331 3617 374 3682 ad
407 3637 496 3683 mare
524 3618 689 3682 Ponticum
718 3624 750 3683 et
777 3619 915 3702 primurn
943 3616 1071 3681 fratrem
1093 3612 1279 3679 Bathahian

108 3726 232 3809 primae
259 3726 431 3811 Bulgariae
464 3727 643 3813 principem
676 3727 841 3794 substituit
876 3725 1033 3792 ordinatis
1063 3722 1277 3806 uectigalibus

108 3854 191 3919 quae
212 3836 254 3900 ab
277 3856 315 3902 eo
338 3835 524 3903 deseruntur
546 3857 648 3922 usque
662 3856 756 3903 nunc.
787 3843 838 3902 ast
852 3837 1026 3920 imperator
1048 3832 1278 3898 Constantinus

107 3953 270 4030 comperto
293 3947 379 4028 quod
401 3948 555 4031 extimplo
583 3966 665 4032 gens
697 3946 830 4014 sordida
855 3952 888 4010 et
915 3942 1081 4009 immunda
1108 3943 1193 4006 ultra
1213 3942 1278 4006 Da-

59 4065 91 4116 30
107 4055 240 4120 nubium
262 4056 349 4141 apud
372 4058 522 4139 Honglon
543 4057 784 4124 tabernaculum
806 4054 912 4120 fixerit
934 4059 965 4119 et
984 4049 1279 4138 appropinquantia

106 4165 259 4231 Danubio
281 4166 441 4232 discurrat
461 4166 496 4232 id
518 4175 567 4235 est
595 4167 758 4251 regionem
780 4185 863 4249 quae
891 4182 975 4229 nunc
1003 4169 1128 4227 tenetur
1148 4161 1190 4226 ab
1212 4159 1278 4227 illis

107 4295 254 4359 quaeque
284 4284 359 4342 tunc
391 4298 412 4342 a
441 4276 635 4345 Christianis
663 4274 906 4362 possidebatur,
937 4272 1083 4338 tristatus
1111 4277 1161 4338 est
1181 4269 1278 4337 uehe-

108 4392 229 4450 menter
252 4393 283 4451 ct
305 4387 394 4452 iubet
414 4388 552 4453 transire
574 4405 685 4453 omnes
708 4386 866 4451 exercitus
889 4384 922 4449 in
944 4382 1113 4448 Thracem.
1152 4387 1277 4466 etlcon·

174 4753 669 4826 tao-rehnqueretinras.tn1)
723 4759 749 4807 11
769 4752 887 4808 tenebam
905 4750 932 4805 Ι)
984 4753 1014 4804 tt
1032 4748 1232 4817 transmeentrb3
1249 4745 1277 4803 D

106 4854 139 4903 at
158 4850 323 4922 uulganel)
391 4849 541 4914 torruerit]
559 4846 677 4903 fremtD
737 4851 769 4902 32
787 4845 989 4915 poiirdebantur
1006 4841 1040 4897 θ’
