2834 5394
358 661 432 708 cnr.
454 659 704 708 xxxx-xxxxr.
747 662 840 710 nrnnr
862 663 911 709 rur
932 663 1005 710 cun.
1028 665 1041 709 1
1225 650 1281 712 161

132 820 180 878 tur
194 818 258 878 ante
277 830 401 898 paucos
423 811 494 879 dies
518 833 615 897 quam
638 811 761 878 Cacsar
794 813 993 880 occideretur
1019 814 1054 879 in
1082 815 1171 880 curia
1202 817 1285 883 boue

141 941 175 989 er
195 942 270 988 nore
298 930 439 989 mactato
466 941 521 987 eor
548 923 582 987 in
615 923 698 989 entis
731 944 796 988 non
818 931 868 989 cst
890 931 1060 1008 repertum.
1105 926 1284 1010 quodcum

146 1032 275 1117 Spurinna
303 1053 447 1118 aruspex
470 1033 713 1118 pronuntiasset
741 1033 783 1098 ad
817 1035 904 1100 uitae
926 1036 1103 1119 perieulum
1124 1037 1285 1119 pertinere

150 1142 179 1207 rit
193 1141 300 1209 Caesar
322 1143 526 1209 constantiae
548 1162 670 1208 ruernor
701 1142 839 1210 ‘miraris
863 1145 889 1210 si
914 1146 971 1209 bos
994 1165 1048 1209 eor
1070 1165 1135 1209 non
1158 1145 1284 1213 lrabet’?

131 1251 265 1319 trodnox
286 1253 318 1318 ci
340 1253 414 1319 finis
438 1253 526 1319 uitae
558 1254 625 1318 fuit.
671 1254 757 1319 idern
787 1255 952 1338 Spurinna
976 1262 1051 1319 ante
1072 1276 1192 1338 paucos
1219 1257 1284 1323 iere

151 1360 196 1429 dies
210 1362 310 1429 eidem
325 1362 461 1430 Caesari
482 1362 609 1428 dixerat
630 1363 798 1429 cauendae
821 1365 850 1428 ei
873 1383 945 1430 esse
968 1364 1041 1429 idus
1054 1365 1198 1431 Martias.
1221 1387 1284 1450 quo

150 1469 184 1537 die
203 1473 264 1539 riso
292 1473 476 1558 Spurinnae
504 1475 551 1538 ait
584 1473 705 1540 Caesar
735 1473 817 1538 ‘idus
845 1473 982 1539 Martiae
1009 1475 1181 1543 nonerunt.
1232 1476 1287 1541 ille

149 1582 277 1666 respondit
299 1584 368 1649 ‘sed
390 1583 533 1649 noudum
555 1584 769 1650 transierunt.
814 1583 928 1648 eodem
951 1584 1004 1649 die
1020 1582 1142 1650 Caesar
1163 1586 1286 1653 contos-

149 1689 198 1770 tos)
213 1701 265 1777 est,
288 1694 339 1759 uir
361 1714 424 1777 quo
446 1695 554 1761 nullus
577 1715 730 1777 umquam
752 1693 847 1759 bellis
870 1693 974 1776 magis
997 1694 1120 1758 enituit.
1163 1695 1233 1760 eius
1256 1696 1286 1766 si

115 1801 243 1883 tequidem
262 1804 360 1872 ductu
384 1803 535 1870 undecies
558 1813 684 1869 centurn
706 1803 886 1885 nonaginta
907 1810 938 1868 et
961 1803 1025 1868 duo
1041 1804 1130 1868 inilia
1145 1803 1285 1869 hostiurn

147 1929 216 1978 caesa
233 1922 314 1981 sunt.
358 1935 435 1979 narn
457 1921 612 1996 quantam
634 1914 729 1980 bellis
752 1913 903 1979 ciuilibus
925 1914 1042 1979 fuderit
1064 1914 1167 1979 noluit
1188 1913 1286 1980 adno-

147 2032 202 2087 tare.
237 2023 338 2107 signis
366 2025 502 2090 conlatis
531 2025 745 2108 quinquagies
767 2024 941 2089 dimicarit.
985 2024 1126 2087 Marcum
1154 2024 1287 2090 Marcei·

146 2130 192 2195 lun
207 2136 287 2201 solus
310 2153 541 2219 supergressus
563 2135 617 2218 qui
641 2135 773 2218 triginta
795 2154 910 2199 nouem
938 2133 1064 2200 uicibus
1092 2134 1163 2217 pari
1193 2133 1286 2199 nrodo

147 2240 222 2308 iuerat
239 2245 424 2330 proeliatus.
470 2243 596 2308 adhoc
619 2245 727 2310 nullus
750 2245 888 2310 celerius
911 2243 1049 2328 scripsit,
1078 2263 1172 2309 nemo
1200 2245 1286 2310 uelo

115 2354 137 2404 1³
147 2352 196 2420 uu
215 2355 296 2438 legit,
331 2362 507 2439 quaternas
539 2357 638 2420 etiarn
671 2355 828 2438 epistulas
861 2354 956 2420 sirnul
988 2353 1131 2418 dictauit.
1175 2360 1285 2420 tantae

147 2459 188 2526 init
202 2463 345 2531 bonitatis
367 2473 402 2529 ut
424 2484 504 2548 quos
527 2465 626 2530 aruris
649 2464 830 2548 subegerat,
853 2464 1023 2529 clementia
1043 2465 1147 2547 magis
1162 2464 1285 2538 uicerit,

206 2574 318 2641 Eodem
348 2581 490 2660 ternpore
518 2576 640 2640 Romae
669 2582 735 2640 tres
765 2575 859 2640 sinrul
890 2575 991 2640 exorti
1022 2576 1107 2640 soles
1129 2574 1285 2658 praulatim

149 2678 173 2745 iu
191 2683 312 2751 eundem
344 2686 455 2751 orbern
483 2685 635 2750 coierunt.
680 2685 764 2750 iuter
786 2692 893 2750 cetera
921 2691 1077 2769 portenta,
1111 2703 1194 2767 quac
1221 2690 1286 2748 toto

149 2789 202 2856 oric
218 2794 296 2860 iacta
318 2803 403 2875 sunt,
432 2795 490 2861 bos
518 2795 551 2859 iu
579 2794 765 2860 suburbano
787 2797 908 2860 Romae
930 2794 973 2859 ad
995 2801 1139 2859 arautem
1162 2794 1286 2858 locutus

116 2906 182 2964 aest
196 2903 300 2973 frustra
322 2925 359 2972 se
381 2906 504 2989 urgeri:
533 2925 598 2970 non
634 2905 720 2969 enirn
742 2904 902 2970 frumenta
934 2904 993 2970 sed
1015 2904 1162 2968 homines
1195 2903 1286 2968 breui

150 3004 286 3083 defuturos.

501 3259 646 3323 LIBER
669 3259 901 3325 SEPTIMVS

208 3462 292 3528 Anno
315 3463 358 3529 ab
379 3463 459 3530 urbe
481 3463 611 3528 condita
632 3451 920 3548 septingentesimo
939 3464 1005 3528 fere
1024 3482 1062 3527 ae
1076 3482 1170 3542 nono,
1194 3462 1289 3527 inter.
1311 3463 1326 3526 Ι

151 3563 327 3658 recopolis>
343 3571 484 3639 Caesare
500 3573 609 3637 ciuilia
631 3572 718 3638 belia
740 3580 894 3657 reparata
915 3581 998 3639 sunt.
1042 3572 1287 3658 percussoribus

120 3675 209 3744 corin
227 3681 378 3750 Caesaris
400 3691 531 3750 senatus
555 3683 694 3748 fauebat.
738 3684 898 3749 Antonius
921 3683 1033 3748 consul
1055 3683 1193 3767 partium
1210 3681 1288 3748 eae

153 3789 209 3854 uris
232 3794 378 3858 ciuilibus
408 3794 502 3859 bellis
534 3793 715 3878 opprimere
745 3813 801 3859 eos
830 3793 1016 3857 conabatur.
1061 3812 1137 3874 ergo
1160 3791 1289 3856 turbata

152 3983 183 3995 ““
188 3993 339 4006 5-—
345 3998 418 4005 ..--

197 4136 341 4192 tentam
385 4136 616 4202 adieslannotl)
667 4137 828 4192 descendas
837 4138 951 4208 serapti:
971 4133 1129 4190 canendal)
1171 4133 1201 4187 rd
1218 4150 1287 4188 nrar·

153 4224 215 4279 <uto
257 4229 447 4285 imarcratD
499 4235 528 4284 10
547 4229 682 4286 ducturiD
737 4235 764 4283 11
786 4236 916 4284 annotare
934 4230 965 4285 b:
983 4228 1047 4283 inde
1063 4227 1097 4284 ab
1114 4225 1166 4282 doc
1183 4227 1242 4284 Ioco
1260 4229 1288 4282 ia

153 4313 255 4377 ⁶de
276 4320 351 4378 dated
366 4339 433 4378 raro
450 4339 548 4378 monus
565 4323 738 4380 emendatrix
760 4325 882 4394 uipriore
904 4327 1071 4387 atramento,
1089 4321 1181 4376 eodem
1199 4326 1289 4375 tamea

155 4404 273 4479 ¹⁸'tt'sallor
289 4424 409 4489 tempore
426 4415 576 4473 lcudusculo
593 4417 690 4471 menda
707 4416 817 4470 sustulit
878 4421 908 4470 tn
927 4416 1032 4471 collatri
1046 4415 1090 4471 bl)
1145 4418 1289 4483 1:311va

156 4501 266 4565 uuiutss
369 4516 399 4564 14
417 4515 504 4575 nemo]
523 4511 611 4565 nullut
627 4510 655 4564 B
755 4515 783 4563 15
802 4510 926 4579 epistolas
942 4509 969 4564 Β
1064 4514 1094 4562 16
1113 4507 1290 4577 iubrgeratl)

159 4590 281 4657 liquidem
298 4602 352 4661 BD
440 4607 470 4658 18
488 4604 582 4658 urbem
600 4603 628 4659 B
696 4601 878 4657 eohreruntI)
979 4602 1160 4674 subscriptum
1182 4616 1290 4671 Jacrrrr

159 4693 323 4751 mnan-in
340 4696 369 4753 B
397 4698 507 4752 mnre’
524 4713 610 4752 ornan
627 4711 786 4752 vrrucnun
805 4695 971 4750 nrnnnffi·
987 4697 1014 4749 in
1032 4695 1059 4750 Β
1160 4699 1192 4750 23
1210 4697 1289 4748 Anno

161 4774 262 4841 utrtdcc
275 4789 331 4845 fere
348 4806 380 4845 ae
398 4806 469 4844 nono
489 4789 517 4843 B
585 4793 616 4843 25
634 4789 746 4845 fouebat
762 4789 795 4842 Β

193 4869 281 4923 flanona
296 4894 412 4927 rurscam
1038 4897 1067 4945 11
