2834 5394
198 306 238 370 88
702 315 794 364 nram
815 317 868 364 1111

198 475 282 540 inter
303 472 480 558 Hydaspen
502 471 634 535 flnuiurn
658 478 690 535 ct
711 468 825 534 ludum
853 469 970 549 iacent,
1000 466 1136 550 subegit
1181 465 1224 531 ad
1244 465 1358 531 Indiam

199 604 325 669 quoque
354 590 519 648 cruentum
548 580 691 647 extendit
719 581 899 662 imperium.
949 578 1149 643 Demetrium
1183 579 1289 660 ipsum
1319 594 1361 641 se

199 693 303 760 cundo
326 694 388 760 sihi
411 693 495 758 bello
518 699 736 756 occurrentem
759 690 836 754 uicit
858 696 890 754 et
911 689 1006 773 cepit.
1053 708 1116 771 quo
1138 693 1233 772 capto
1254 685 1364 751 Diodo

197 812 250 872 tus
272 804 402 889 quidam
425 823 496 867 cum
512 801 696 867 Alexandro
718 801 784 865 filio
807 819 941 882 regnum
964 799 1034 864 eius
1056 804 1088 863 et
1109 798 1233 881 regium
1257 815 1366 861 nomeu

198 915 376 1000 usurpauit.
421 914 475 996 qui
497 920 612 996 postea
638 912 743 995 ipsum
765 907 985 975 Alexandrum
1008 909 1118 989 filium,
1151 926 1249 991 quem
1277 907 1397 991 parti-s

199 1026 302 1111 cipem
324 1023 457 1109 periculi
480 1023 513 1087 in
536 1020 743 1107 peruadendo
764 1038 864 1104 regno
886 1018 1053 1101 habuerat,
1076 1037 1118 1083 ue
1138 1019 1174 1082 in
1196 1015 1370 1100 optinendo

199 1141 377 1201 consortem
398 1132 533 1197 haberet
554 1131 680 1196 occidit.

65 1238 176 1304 XVIII
282 1246 389 1309 Marco
412 1242 549 1307 Aemilio
571 1240 695 1326 Lepido
725 1240 808 1305 Gaio
838 1239 977 1305 Hostilio
1005 1239 1155 1304 Mancino
1185 1236 1372 1303 oonsulibus

152 1406 157 1415 ,
196 1354 346 1441 prodigia
367 1358 588 1438 apparuerunt
609 1351 740 1416 diuersa
761 1357 793 1415 et
815 1356 970 1433 quantum
993 1349 1026 1414 in
1049 1349 1130 1434 ipsis
1153 1348 1212 1413 fuit
1228 1367 1270 1413 ex
1286 1366 1373 1413 moro

197 1471 412 1547 sursumsunt,
444 1463 501 1529 sed
524 1483 588 1528 non
612 1481 740 1545 sempor
762 1460 1013 1544 aucupatoribus
1036 1466 1208 1524 euentuum
1238 1466 1271 1522 et
1293 1465 1373 1524 stru·
1390 1468 1415 1517 rc

198 1574 338 1641 ctoribus
361 1576 560 1640 fallaciarum
583 1572 786 1657 aruspicibus
819 1571 992 1655 opportuni
1020 1589 1116 1635 casus
1145 1569 1373 1652 suffragantur.

94 1748 97 1755 ,
198 1706 336 1769 namque
352 1685 519 1750 Mancinus
541 1684 653 1749 consul
675 1690 845 1766 postquam
870 1702 890 1745 a
905 1681 1044 1765 Popillio
1060 1678 1147 1764 apud
1162 1679 1374 1744 Numantiam

199 1796 341 1880 suscepit
363 1795 545 1874 exercitum,
569 1793 651 1858 adeo
675 1792 846 1857 infeliciter
868 1791 994 1875 proelia
1016 1797 1130 1855 cuncta
1151 1790 1256 1873 gessit
1277 1796 1375 1873 atque

199 1907 233 1970 in
255 1904 287 1969 id
312 1923 463 1987 suprema
484 1903 711 1986 desperatione
734 1901 908 1988 perductus
931 1908 981 1966 est-
1003 1908 1037 1964 ut
1058 1901 1282 1985 turpissimum
1309 1899 1374 1964 foe

200 2013 260 2079 dus
289 2033 360 2077 cum
383 2013 589 2079 Numantinis
619 2015 725 2079 facere
753 2018 920 2095 cogeretur
961 2011 1109 2094 quamuis
1138 2018 1170 2076 et
1198 2010 1375 2094 Pompeius
1391 2021 1415 2071 tt

199 2124 263 2188 iam
287 2121 378 2187 aliud
400 2142 503 2206 aeque
527 2124 646 2188 infame
668 2122 781 2188 foedus
804 2142 874 2186 curn
902 2119 1024 2186 eisdem
1039 2120 1248 2186 Numantinis
1263 2119 1374 2204 paullo

200 2239 275 2299 ante
309 2232 496 2317 pepigisset.
541 2241 673 2299 senatus
706 2233 841 2298 dissolui
875 2230 987 2296 foedus
1019 2238 1051 2295 et
1078 2230 1264 2295 Mancinum
1298 2228 1376 2295 dedi

199 2344 406 2409 Numantinis
439 2344 613 2428 praecepit.
665 2344 719 2426 qui
748 2342 868 2407 nudato
897 2361 1029 2426 corpore
1056 2339 1272 2423 manibusque
1302 2346 1377 2424 post

199 2461 324 2539 tergum
352 2454 504 2521 reuinotis
534 2463 608 2520 ante
637 2460 746 2540 portas
768 2452 1037 2517 Numantinorum
1067 2449 1233 2535 expositus
1263 2451 1376 2534 ibique

200 2585 303 2648 usquc
326 2565 369 2630 ad
390 2573 516 2631 noctem
537 2584 731 2649 permanens
755 2584 775 2627 a
798 2564 866 2628 suis
883 2561 1029 2627 desertus
1045 2562 1086 2626 ab
1101 2560 1251 2628 hostibus
1267 2568 1415 2627 autemtt

200 2695 265 2738 non
294 2681 462 2758 susceptus
493 2675 691 2739 lacrimabile
719 2674 863 2756 utrisque
891 2672 1108 2755 spectaculum
1136 2671 1297 2756 praebuit.
1347 2672 1378 2739 is

200 2789 312 2847 contra
343 2784 558 2848 Numantinos
592 2783 711 2848 bellum
745 2790 876 2848 aeturus
910 2783 1103 2865 Lauiniique
1137 2783 1377 2848 sacrificaturus

200 2912 271 2956 oum
294 2900 389 2975 esset,
414 2892 521 2959 emisit
543 2911 644 2957 cauea
667 2893 825 2976 pullarius
848 2894 963 2976 pullos,
994 2893 1049 2975 qui
1072 2894 1106 2956 in
1129 2892 1245 2958 siluam
1269 2894 1378 2958 euola-

200 3010 316 3068 nerunt
338 3023 398 3068 nec
421 3003 538 3086 reperti
563 3009 637 3068 sunt
669 3001 725 3066 diu
748 3004 947 3086 nrultumque
970 3001 1119 3086 quiaesiti.
1163 3003 1378 3085 nauigaturus

200 3112 287 3175 idem
321 3131 338 3176 c
371 3119 465 3194 portu
491 3112 639 3179 Herculis
673 3113 743 3178 sine
776 3122 906 3177 auctore
940 3113 1029 3178 uocis
1062 3111 1188 3177 audiuit
1217 3112 1415 3178 ‘Mancinus

200 3221 303 3285 mauc'
325 3239 461 3303 cumque
484 3221 638 3305 scapham
662 3222 915 3306 conscendisset,
940 3223 1131 3288 immensum
1154 3242 1295 3307 anguem
1310 3224 1379 3288 illic

201 3330 374 3395 exhorruit.
419 3331 521 3397 tribus
543 3331 700 3416 prodigiis
723 3328 870 3398 nnuntiata
893 3339 967 3398 sunt
989 3333 1131 3398 infelicia
1159 3335 1241 3398 tria:
1264 3353 1380 3417 pugna

201 3437 313 3505 foedus
337 3437 468 3507 deditio.
512 3441 636 3507 interea
658 3444 775 3508 Brutus
799 3444 832 3507 in
854 3444 1005 3508 ulteriore
1020 3442 1181 3529 Hispania
1204 3445 1380 3527 sexaginta

201 3550 293 3615 milia
314 3548 548 3634 Gallaecorum,
582 3553 637 3636 dni
659 3553 825 3619 Lusitanis
847 3553 968 3618 auxilio
995 3561 1161 3634 uenerant,
1195 3555 1379 3637 asperrimo

201 3661 285 3726 bello
318 3668 349 3726 ct
381 3660 503 3725 difficili
536 3664 683 3746 quarnuis
717 3665 864 3728 incautos
903 3663 1168 3729 cirorunuenisset
1203 3664 1415 3748 oppressius

202 3791 334 3854 quorum
357 3772 392 3835 in
414 3790 451 3836 co
473 3773 596 3856 proelio
620 3774 836 3857 quadraginta
858 3771 947 3836 milia
963 3772 1078 3851 occisa,
1103 3793 1160 3839 sex
1175 3773 1265 3838 milia
1279 3784 1380 3860 capta

202 3882 391 3963 referuntur,
422 3883 516 3965 pauci
540 3882 616 3965 fuga
639 3891 820 3950 euaserunt.
865 3883 899 3947 in
929 3883 1076 3947 citeriore
1098 3883 1260 3969 Hispania
1280 3884 1379 3968 Lepi-

273 4086 375 4135 lmter
391 4081 574 4150 hyfpondofll
643 4082 854 4137 3drodothuf1)
923 4083 1130 4139 falcxundnll
1191 4084 1328 4153 Smarco]
1347 4083 1379 4136 M

203 4171 229 4224 Ι)
283 4178 312 4226 111
331 4180 454 4228 euentum
474 4174 499 4228 Il
553 4181 579 4228 11
601 4175 788 4243 haruspicibus
803 4182 930 4243 oportum
948 4179 1035 4231 caffuf
1052 4179 1078 4232 I)
1138 4182 1167 4232 fa
1186 4177 1380 4231 manc-null)

201 4264 304 4332 poprho
325 4266 349 4318 Ι)
419 4272 449 4320 14
469 4267 622 4336 luppmaD
693 4273 723 4322 16
740 4267 861 4322 fedufll
912 4269 1039 4325 rfdch)
1090 4270 1215 4339 pauloI)
1287 4274 1316 4322 17
1336 4269 1378 4324 fc-

202 4355 294 4409 dqu)
365 4362 394 4411 18
412 4360 504 4426 poll)
581 4358 780 4416 19reu1ct1fl)
856 4365 884 4414 21
907 4364 1006 4416 rfcum
1026 4365 1164 4419 contraI)
1233 4368 1381 4420 ldmuuet

202 4449 242 4505 D*
311 4452 344 4503 28
361 4449 440 4528 fpdul
455 4451 481 4505 Ι)
550 4457 582 4506 29
599 4455 804 4523 gallecorumI)
