2834 5394
569 655 642 703 cnr.
666 656 864 704 xnn-xvrn
1238 646 1299 707 347

124 808 205 893 pati,
228 813 421 873 execrantur
442 806 555 873 foedus
578 808 789 891 conpositum,
815 808 1000 892 uituperant
1021 808 1167 874 inutilem
1183 811 1302 894 pactio·

125 937 210 999 nem,
241 918 433 1000 mittuntque
463 917 614 981 continuo
641 916 683 980 ad
706 916 941 982 Theodericum
964 919 1017 999 qui
1041 917 1186 983 dicerent
1209 940 1299 1002 quas,

124 1027 202 1093 dum
224 1027 295 1112 ipse
318 1026 513 1092 Graecorum
537 1028 642 1111 epulis
665 1027 885 1112 superflueret,
908 1027 1039 1111 inopiae
1063 1029 1211 1095 miserias
1233 1050 1301 1096 sus·

124 1139 274 1219 tinerent
312 1136 481 1202 hortantur
511 1145 544 1201 ut
573 1138 600 1203 si
631 1138 698 1202 suis
730 1137 857 1220 sibique
889 1139 1057 1203 consulere
1081 1139 1168 1221 uelit,
1205 1139 1300 1205 citius

90 1246 247 1327 credent,
287 1255 446 1331 quatenns
476 1267 516 1312 ne
545 1253 661 1311 cuncta
682 1266 764 1330 gens
786 1266 917 1331 pessum
940 1247 1033 1312 detur
1055 1268 1158 1314 nouas
1180 1246 1224 1314 ad
1245 1249 1299 1315 ha·

124 1357 294 1423 bitandnm
323 1363 426 1422 terras
455 1358 636 1440 exquirant.
681 1356 732 1423 his
755 1356 974 1424 Theodericus
1003 1358 1140 1441 cognitis
1170 1357 1212 1425 ad
1234 1365 1297 1424 Au·
1319 1343 1399 1409 XVI

124 1474 255 1551 gustum
270 1468 433 1534 Zenonem
456 1466 579 1531 accedit
602 1474 734 1551 questus
757 1468 991 1552 penuriamque
1013 1489 1143 1535 suerum
1158 1470 1299 1555 exponit,

125 1578 255 1644 Italiam
278 1577 340 1644 sibi
362 1576 434 1642 dari
456 1579 606 1662 postulat,
630 1578 866 1643 absolutionem
882 1577 1039 1662 efflagitat
1053 1578 1198 1645 adiciens
1213 1579 1300 1664 quia,

128 1689 155 1753 si
179 1706 333 1772 superare
354 1687 554 1755 Odonaerem
578 1687 681 1771 possit
702 1688 893 1771 italiamque
915 1689 1070 1770 obtinere,
1094 1688 1136 1753 ad
1158 1690 1228 1755 eius
1250 1708 1301 1755 re-

80 1797 289 1863 redundaret
309 1798 455 1880 gloriam,
490 1819 511 1862 a
532 1819 594 1882 quo
617 1797 757 1864 directus
779 1798 908 1880 fuisset3
947 1799 998 1864 sin
1020 1798 1105 1863 bello
1128 1791 1300 1883 superatus

127 1907 220 1989 toret,
257 1908 328 1974 eius
360 1907 462 1973 nihilo
496 1908 602 1973 nrinus
634 1909 733 1973 lucris
768 1907 979 1984 adcresceret,
1016 1907 1146 1991 quando
1169 1908 1299 1992 quidem

128 2017 362 2082 cotidianorum
399 2016 631 2101 stipendiorum
667 2017 871 2083 exactoribus
908 2025 1041 2083 careret.
1096 2019 1176 2083 talia
1211 2020 1300 2084 Zeno

128 2126 266 2193 audiens
289 2128 497 2195 contristatus
519 2127 649 2211 quidem
679 2134 728 2193 est
756 2147 795 2194 eo
818 2127 998 2211 quodcum
1022 2129 1122 2193 nollet
1144 2129 1300 2209 amittere,

127 2243 161 2301 at
189 2244 299 2303 tamen
327 2237 505 2303 deliberato
532 2239 667 2304 consilio
697 2238 744 2303 rei
773 2238 923 2322 publicae
946 2238 1076 2303 utilitati
1099 2239 1300 2323 prospiciens

78 2360 108 2418 rs
126 2348 196 2413 eius
217 2348 427 2433 petitionibus
451 2348 564 2413 adnuit
580 2349 772 2432 Italiamque
787 2349 817 2413 ei
833 2369 890 2432 per
905 2348 1139 2433 pragmaticum
1155 2349 1300 2416 tribuens

125 2457 209 2523 sacri
240 2457 336 2523 etiam
365 2458 536 2524 uelaminis
565 2458 649 2523 donc
679 2455 729 2541 <id
759 2465 808 2524 est
835 2478 893 2542 per
922 2458 1100 2543 prandeum
1124 2456 1301 2542 sacratum)

125 2566 336 2648 corifirmauit,
374 2575 520 2634 senatum
550 2569 598 2633 illi
628 2571 846 2653 populumque
868 2569 1048 2634 Ronlanum
1070 2568 1301 2635 commendans

125 2678 216 2743 abire
243 2679 399 2762 permisit.
444 2698 595 2761 egressus
624 2679 721 2761 igitur
744 2677 1057 2764 Constantinopolim
1079 2678 1297 2744 Theodericus
1319 2673 1416 2741 XVII

125 2787 168 2851 ad
191 2788 403 2870 Ostrogothus
433 2789 603 2854 reuertitur
632 2790 839 2871 hortaturque
868 2788 1019 2853 contiuuo
1048 2797 1082 2853 ut
1111 2808 1207 2872 quarn
1236 2788 1299 2871 pri-

76 2915 109 2966 ac
125 2918 211 2962 mum
234 2899 339 2982 parati
363 2899 427 2963 sint
451 2919 514 2981 qna
529 2907 622 2964 tenus
645 2898 830 2983 possessuri
844 2899 974 2963 Italiam
990 2899 1243 2983 proficiscantur,
1265 2902 1300 2962 at

125 3015 233 3071 tamen
257 3009 346 3092 prius
370 3029 465 3091 quam
488 3009 613 3072 Italiam
645 3008 844 3090 aduentaret,
878 3009 1074 3091 Trapstilam
1098 3006 1296 3092 Gepidarum

125 3137 234 3199 regern
258 3117 394 3184 insidias
418 3119 479 3183 sibi
503 3121 686 3183 molientem
711 3119 794 3182 hello
824 3138 982 3203 superans
1013 3119 1158 3196 extinxit,
1187 3119 1298 3184 Busan

125 3246 251 3309 quoque
276 3227 486 3309 bulgarorum
516 3250 625 3313 regem
654 3248 773 3310 inagna
802 3229 897 3293 simul
927 3248 998 3292 cum
1022 3229 1089 3293 suis
1113 3228 1297 3311 agminibus

124 3336 223 3402 caede
245 3338 430 3420 prostrauit.
475 3359 626 3421 egressus
656 3338 765 3421 itaque
796 3358 816 3402 a
840 3338 962 3404 Moesia
984 3358 1056 3402 cum
1078 3338 1164 3402 omni
1188 3337 1296 3403 Ostro-

124 3447 294 3530 gotharnm
332 3449 535 3513 multitudine
573 3449 788 3531 uniuersaque
824 3448 1014 3532 supellectili
1053 3468 1111 3532 per
1147 3447 1298 3514 Sirmium

76 3566 109 3615 25
126 3557 376 3641 Pannoniusque
399 3560 459 3623 iter
482 3559 604 3625 taciens
627 3558 670 3623 ad
692 3559 820 3622 ltaliam
844 3559 941 3623 uenit
986 3578 1025 3623 ac
1047 3559 1185 3643 primum
1208 3558 1298 3623 iuxta

127 3667 273 3732 Sentium
296 3667 424 3745 flumen,
448 3671 503 3749 qui
525 3689 590 3733 non
612 3670 707 3751 longe
730 3669 771 3732 ab
787 3670 936 3751 Aquileia
958 3669 1078 3734 labitur
1094 3680 1201 3735 castra
1216 3687 1299 3733 cem·

124 3796 259 3861 pouens,
284 3777 359 3842 dnm
383 3778 551 3844 uberrimis
575 3799 658 3862 quac
682 3799 720 3844 eo
743 3781 812 3843 loco
835 3778 994 3842 habentur
1016 3779 1147 3863 pascuis
1163 3778 1300 3860 fatigata

125 3888 358 3970 aliquantulum
382 3908 422 3952 ex
444 3889 568 3955 itineris
590 3889 791 3972 longitudine
814 3889 957 3953 iumenta
980 3889 1133 3967 reficeret,
1157 3887 1203 3950 ibi
1224 3905 1299 3951 mox

126 3998 155 4061 ei
179 4017 249 4061 curn
272 3997 389 4079 grandi
413 4019 541 4063 suorum
565 4000 708 4063 exercitu
730 3999 870 4081 totisque
894 3997 1062 4063 Odouacer
1084 3997 1200 4062 Italiae
1223 3994 1299 4058 uiri·

77 4116 108 4166 ac
124 4106 185 4172 hus
219 4107 364 4171 occurrit.
409 4128 503 4190 quem
538 4108 757 4174 Theodericus
790 4108 942 4172 alacriter
978 4109 1143 4191 excipiens
1181 4125 1298 4188 magno
1320 4093 1417 4160 XVI*

195 4324 305 4390 tlcdul
320 4325 485 4393 cepohtul)
546 4325 709 4379 factionell
795 4326 969 4379 btuttrnerat
987 4323 1014 4377 Β
1099 4324 1258 4377 dhortatnr
1274 4321 1302 4378 1>

125 4422 139 4469 5
159 4433 193 4471 ne
210 4420 250 4472 A:
267 4435 317 4472 nec
338 4417 389 4471 BD
448 4424 475 4471 et
492 4423 555 4473 arete
572 4418 658 4472 nouas
672 4417 735 4472 add.
755 4417 781 4473 Ι)
867 4422 882 4472 6
895 4419 1035 4489 posterior
1052 4432 1067 4470 c
1085 4417 1112 4469 in
1130 4414 1301 4470 theodencui

124 4511 152 4564 tn
169 4526 225 4565 ras.
244 4512 272 4564 in
290 4511 316 4565 D
385 4511 518 4565 incendit
536 4512 563 4565 B
650 4516 737 4580 equa
756 4510 796 4565 B‘
881 4508 1077 4565 bodeaercll
1128 4509 1254 4563 obtenere
1272 4507 1304 4564 Β,

125 4606 153 4656 lt
175 4602 380 4659 aderelieretll
469 4611 497 4658 15
515 4605 669 4674 petieron1b3
688 4603 826 4659 annurtl)
921 4607 954 4657 20
971 4601 1112 4673 parataD
1180 4603 1241 4657 tunt
1259 4591 1298 4656 B'

123 4699 155 4749 tt
175 4696 380 4753 mollientemI)
457 4699 573 4753 extincx’
592 4697 646 4753 BD
748 4702 779 4751 23
797 4703 900 4767 ptraurt
917 4697 944 4752 D
1029 4696 1105 4750 mrt'ra
1123 4696 1157 4760 B,
1176 4694 1301 4751 mesraD

123 4789 338 4857 ostrogothorum
357 4790 384 4844 Β
452 4795 485 4845 ut
504 4791 644 4862 lyrmruD
713 4796 745 4845 29
764 4790 854 4845 luel)
904 4790 1020 4845 odoacer
1035 4789 1062 4844 D
