2834 5394
176 228 238 294 368
664 246 755 293 nrum
777 245 863 293 xvru

176 396 257 462 riam
280 401 397 477 autem,
422 414 505 480 quae
527 402 577 461 est
599 396 633 460 in
656 395 860 478 Mauritania,
883 397 1061 462 Iohannem
1084 397 1183 463 alium
1204 397 1351 466 destina·

174 506 222 572 nit
250 525 334 591 quae
363 505 496 589 triginta
524 506 648 572 dierum
676 506 793 572 itinere
822 505 1062 589 aCarthagine
1092 507 1218 574 distans
1247 528 1351 594 penes

176 614 300 681 Gadita
322 624 355 682 et
377 616 455 682 solis
478 634 627 683 occasum
649 617 743 693 iacet,
766 618 929 700 aliumque
944 617 1123 683 Iohannem
1138 638 1179 683 ex
1194 626 1352 702 protecto

176 725 265 792 ribus
299 746 397 791 unum
431 727 465 791 in
498 727 615 791 fretum
647 725 733 809 quod
766 734 816 793 est
847 727 881 791 in
904 725 1036 792 Gadiris
1065 734 1096 791 et
1124 728 1156 790 in
1180 730 1349 794 castellum

175 834 261 919 quod
294 836 428 921 Septum
459 843 584 911 uocant,
617 835 746 902 direxit.
790 857 885 921 porro
919 838 951 901 in
982 837 1108 903 insulas
1142 857 1225 921 qnae
1258 838 1380 903 inulas

174 944 339 1013 Oceanum
369 953 443 1011 sunt
471 946 657 1012 Maioricam
687 947 808 1013 seilicet
842 953 875 1011 et
902 945 1089 1012 blinoricam
1112 947 1349 1032 Apollinarium

175 1054 352 1121 destinauit
374 1057 477 1120 uirum
502 1056 629 1121 bonum.
674 1057 762 1122 misit
783 1063 890 1122 autem
913 1064 945 1121 et
966 1058 1000 1121 in
1022 1057 1166 1121 Siciliam
1189 1056 1349 1141 quosdam

175 1165 323 1230 Afrorum
345 1171 377 1230 et
398 1172 540 1231 castrum
562 1165 781 1231 vandalorum
804 1166 1077 1250 comprehendero
1099 1168 1204 1234 iussit.
1248 1167 1348 1233 Gothi

173 1294 250 1342 nero
273 1276 328 1358 qui
350 1275 410 1340 hoc
433 1275 668 1352 custodiebant,
690 1277 785 1341 matri
799 1276 978 1342 Athalariei
1000 1277 1081 1341 haec
1103 1286 1179 1343 nota
1193 1277 1347 1357 fecerunt,

176 1404 260 1471 qnae
282 1385 395 1452 scribit
416 1386 459 1451 ad
482 1386 667 1452 Bilisariuin
691 1407 732 1452 ne
755 1386 841 1451 idem
864 1394 1003 1451 castrum
1027 1388 1195 1470 tyrannice
1217 1396 1349 1472 caperet
1365 1398 1393 1446 to

175 1516 364 1581 quousque
391 1496 567 1581 imperator
588 1495 786 1563 iustinianus
816 1498 912 1562 sciret
940 1504 972 1562 et
999 1496 1085 1580 equod
1107 1498 1169 1563 sibi
1193 1506 1281 1563 esset
1303 1498 1349 1562 ui·

176 1628 247 1674 sum
270 1607 422 1673 efficeret.
468 1608 500 1671 in
524 1606 575 1672 his
598 1626 674 1690 ergo
697 1606 910 1671 l'andalieum
933 1607 1051 1672 bellmn
1073 1607 1168 1671 tinem
1192 1609 1326 1692 acecpit.

105 1709 156 1774 XI
262 1717 381 1782 Verum
410 1715 535 1781 inuidia
563 1723 598 1781 nt
626 1717 658 1779 in
687 1737 806 1800 magna
827 1716 979 1782 felicitate
1001 1716 1069 1782 fieri
1094 1717 1228 1800 contigit
1248 1719 1348 1783 etiam

173 1828 207 1893 in
240 1826 426 1891 Bilisarium
459 1824 583 1890 cecidit.
628 1825 760 1909 quidam
793 1826 879 1892 enirn
912 1827 1149 1909 ‹lerogauerunt
1182 1828 1214 1892 ei
1246 1847 1348 1911 penes

173 1937 400 2021 imperatorem
422 1934 508 2018 quod
530 1935 733 2018 tyrannidem
749 1935 965 2001 meditaretur.
1010 1944 1044 2001 at
1059 1938 1232 2021 imperator
1247 1938 1349 2004 rnisso
1366 1948 1392 1998 te

176 2046 349 2112 Salomone
372 2052 507 2128 temptat
528 2045 671 2111 Bilisarii
695 2046 891 2111 uoluntatem
914 2053 1019 2111 utrum
1042 2066 1113 2111 eum
1131 2047 1293 2113 Gelinrere
1315 2055 1347 2113 et

174 2154 332 2222 Vandalis
347 2156 540 2240 Byzantium
556 2155 682 2220 ueniret
704 2176 746 2220 an
769 2175 904 2222 manens
927 2158 1002 2221 illue
1025 2177 1081 2222 eos
1103 2158 1345 2224 transmitteret.

171 2266 343 2334 Bilisarius
372 2273 480 2332 autern
509 2266 700 2350 Byzantium
729 2266 888 2350 profectus
917 2275 967 2333 est
994 2268 1167 2333 Salomone
1195 2276 1346 2352 praetore

171 2376 296 2463 Libyae
319 2375 482 2443 derelicto.
528 2395 663 2460 eumque
685 2376 858 2442 Bilisarius
879 2377 1073 2461 Byzantium
1103 2396 1261 2442 unacum
1284 2376 1346 2445 Ge·

171 2488 282 2555 limere
305 2494 337 2554 et
358 2487 517 2554 Vandalis
540 2488 752 2572 peruenisset,
782 2507 902 2570 magna
925 2488 1072 2571 praemia
1092 2488 1259 2572 percipere
1282 2506 1346 2553 me·
1362 2495 1394 2546 20

172 2599 236 2662 ruit
257 2599 408 2681 qualibus
430 2598 580 2663 nimirum
603 2596 801 2680 temporibus
830 2597 947 2681 priscis
970 2599 1185 2662 Romanorum
1218 2604 1345 2682 praeto

170 2727 223 2773 res
251 2706 286 2772 in
313 2707 464 2774 maximis
496 2707 640 2772 uictoriis
668 2706 758 2789 digni
787 2706 1018 2772 alliciebantur.
1070 2707 1230 2773 sexcentis
1259 2708 1345 2773 enim

171 2817 266 2882 annis
289 2817 461 2882 transactis
490 2835 585 2882 nemo
614 2815 657 2880 ad
685 2817 782 2880 talem
812 2817 961 2899 peruenit
988 2817 1142 2882 honorem
1165 2817 1229 2883 nisi
1252 2818 1346 2884 Titus

171 2928 333 2993 Traianus
357 2935 388 2991 et
410 2927 466 2991 alii
488 2927 701 3010 imperatores
724 2927 779 3006 qui
802 2927 1009 3008 magistratus
1032 2935 1142 2991 eontra
1157 2927 1345 2993 barbaricas

170 3037 319 3102 nationes
334 3038 516 3120 optinentes
532 3035 722 3100 mirabiliter
744 3035 991 3120 triumpharunt.
1036 3037 1225 3118 exuuiisque
1240 3045 1346 3103 osten·
1362 3051 1393 3100 ts

171 3146 218 3212 sis
239 3151 271 3210 et
293 3164 334 3209 ex
356 3146 442 3210 bello
466 3145 638 3230 mancipiis
661 3146 696 3210 in
718 3144 826 3209 media
847 3146 926 3211 urbe
948 3148 1076 3231 porrrpis
1098 3147 1181 3212 haec
1203 3147 1346 3231 publica·

172 3255 219 3321 uit
241 3254 327 3337 quod
349 3255 546 3339 triumphum
567 3262 686 3320 uocant
708 3255 860 3320 Romani:
891 3255 938 3321 sic
966 3257 1067 3322 ueteri
1097 3257 1227 3341 quidem
1250 3257 1345 3322 modo

171 3365 230 3433 sed
257 3365 402 3449 pedestri
433 3365 585 3430 inccdens
613 3366 646 3429 in
676 3366 770 3429 domo
800 3385 860 3431 sua
887 3386 990 3449 usque
1012 3367 1055 3431 ad
1078 3366 1344 3450 Hippodromum.

171 3484 263 3542 erant
285 3483 391 3542 autem
404 3475 552 3540 exuuiae
574 3482 729 3559 quotquot
750 3475 1023 3542 administratorio
1054 3477 1209 3560 principis
1238 3476 1345 3544 ordini

170 3587 396 3671 competebant
429 3585 463 3651 id
487 3593 536 3651 est
563 3585 671 3651 throni
701 3587 792 3651 aurei
814 3592 845 3651 et
867 3585 975 3668 redae,
999 3586 1115 3670 quibus
1137 3606 1248 3671 regum
1269 3608 1345 3653 uxo·
1365 3593 1396 3644 ³0

170 3717 222 3763 res
245 3696 415 3775 uehuntur,
453 3703 649 3780 ornatusque
682 3694 724 3761 de
756 3695 921 3780 lapidibus
953 3696 1103 3781 pretiosis
1137 3697 1343 3781 compositus,

169 3808 296 3890 argenti
318 3826 444 3891 quoque
468 3808 568 3870 multa
590 3806 680 3870 milia
702 3807 895 3872 talentorum
918 3814 950 3872 et
972 3807 1172 3873 diuersorum
1196 3808 1346 3891 imperia-

238 4094 455 4165 2kartagrne1)
526 4087 776 4147 suuandaloxdb
847 4097 877 4145 lb
895 4090 1080 4161 tyrannideD
1152 4098 1182 4147 13
1200 4091 1346 4146 rmndrtD

170 4166 319 4254 ruiagnab
390 4193 421 4242 14
439 4187 535 4242 coortu
552 4185 648 4241 anal)
722 4189 749 4238 tr
768 4189 795 4240 et
815 4188 890 4238 iser
909 4183 1120 4239 ratrammo
1191 4184 1346 4255 rationo

170 4281 203 4330 24
220 4267 403 4348 magrttratuilr
423 4283 523 4352 (potest
538 4279 628 4349 samse
646 4280 666 4346 tt
684 4276 710 4331 b
795 4281 828 4332 28
846 4275 1014 4347 yppodromu
1033 4276 1058 4331 D
1143 4280 1176 4330 29
1193 4278 1344 4333 amrnrtlra·

169 4369 283 4425 tonali
351 4376 383 4426 ³2
401 4370 517 4439 reldell
568 4370 739 4443 ebpolrth
