2834 5394
205 112 263 175 118
720 125 813 172 uruat
835 127 871 172 vr

203 277 389 344 reconditas
416 277 449 342 in
479 276 655 342 Arduenna
683 277 767 342 silua
794 276 933 361 praedas
966 281 1124 361 quaerant
1151 275 1389 362 diripiantque.

202 409 265 473 quo
299 388 382 452 iacto
412 386 517 454 Gallis
545 387 705 468 utrimque
736 387 949 453 morientibus
976 386 1137 452 maximas
1163 388 1378 452 Romanorum

202 498 341 564 iniurias
364 499 435 563 sine
457 498 645 580 cuiusquam
660 498 798 561 Romani
821 496 1007 563 discrimine
1029 496 1217 561 uindicauit.
1262 497 1309 560 ita
1322 497 1374 562 boo

203 608 365 674 tutissimo
400 607 551 672 uincendi
583 626 702 690 genere
736 627 868 674 securus
900 608 934 672 in
964 607 1093 671 Italiam
1128 605 1233 672 rediit.
1285 608 1367 690 igitu

202 717 344 783 Caesare
378 718 411 782 iu
444 718 571 782 Italiam
604 736 734 783 reuerso
764 716 873 781 Gallia
904 738 1015 784 rursus
1046 717 1080 781 in
1112 737 1204 781 arma
1235 718 1391 783 eoniumtt

201 828 356 912 multique
390 827 484 892 simul
518 829 629 911 populi
663 834 787 892 coeunt.
832 827 898 893 dux
934 826 987 892 bis
1009 825 1279 909 Vercingentorix
1310 828 1365 899 init

202 939 293 1003 ouius
315 936 450 1001 consilio
473 938 579 1003 statim
604 958 717 1002 omncs
740 937 825 1003 Galli
847 937 996 1003 ciuitates
1027 957 1104 1003 suas
1126 937 1210 1001 ultro
1231 937 1367 1003 incende

204 1054 287 1126 mnt,
319 1046 424 1131 prima
446 1068 466 1112 a
489 1047 557 1113 suis
579 1047 713 1113 incensa
734 1046 890 1130 Biturigo.
934 1047 1010 1112 inde
1037 1045 1080 1110 ad
1109 1044 1295 1128 Caesarem,
1326 1047 1369 1132 qui

203 1156 331 1240 magnis
354 1155 523 1223 itineribus
546 1176 605 1241 per
626 1156 872 1222 Narbonensem
893 1157 1094 1241 prouinciam
1122 1157 1205 1221 clam
1228 1156 1273 1222 ad
1293 1175 1371 1223 exer·

201 1267 297 1332 eitum
321 1274 509 1348 recurrerat,
539 1267 693 1350 impetum
715 1267 846 1331 faciunt.
891 1265 1013 1333 Caesar
1039 1274 1114 1332 tunc
1142 1265 1297 1352 oppidum
1325 1286 1370 1333 no
1383 1283 1401 1331 r

201 1377 288 1442 mine
317 1376 482 1462 Oenapum
512 1376 681 1442 obsidione
710 1378 918 1456 concluserat,
957 1376 1042 1460 quod
1073 1376 1128 1441 diu
1157 1384 1371 1461 oppugnatum

202 1487 334 1554 taudem
356 1495 430 1572 post
451 1488 569 1553 mrtltas
584 1488 800 1552 Romanorum
823 1486 933 1553 clades
955 1488 1068 1572 pluuia
1090 1485 1144 1551 die
1166 1507 1373 1570 magnacum

200 1595 366 1663 hostilium
388 1597 611 1662 machinarum
634 1603 797 1662 ammenta
818 1597 973 1681 neruique
996 1584 1218 1680 elanguerant,
1249 1597 1374 1681 applici-

201 1707 243 1772 tis
266 1707 407 1772 turribus
429 1715 557 1790 captum
580 1715 676 1791 atque
698 1707 838 1772 deletum
868 1713 926 1773 est.
971 1706 1187 1791 quadraginta
1218 1708 1309 1772 milia
1335 1707 1375 1772 ibi

203 1814 368 1880 hominum
391 1816 492 1881 luisse
514 1817 704 1897 referuntur,
727 1835 744 1879 e
767 1817 884 1900 quibus
907 1818 1069 1900 octoginta
1090 1817 1276 1900 perfugam
1293 1816 1413 1902 lapsitt

201 1925 257 1989 uix
293 1924 335 1989 ad
375 1926 522 2009 proxima
559 1926 725 1992 Gallorum
757 1933 865 1991 castra
897 1933 1064 1992 uenerunt.
1115 1933 1289 2011 praeterea
1322 1927 1375 1993 Ar-

101 2094 106 2106 ,
202 2035 295 2098 uorni
318 2036 479 2119 ceterique
501 2036 644 2102 confines
666 2036 847 2102 sollicitatis
869 2037 965 2101 etiam
995 2035 1038 2101 ad
1068 2055 1103 2102 se
1125 2036 1249 2103 Aeduis
1272 2037 1377 2103 multia

201 2144 374 2211 aduersum
390 2145 563 2211 Gaesarem
579 2147 713 2230 procliis
728 2146 940 2211 bellauerunt.
985 2146 1040 2229 qui
1062 2165 1133 2210 cum
1150 2166 1187 2212 se
1201 2145 1376 2232 pugnando

201 2254 327 2340 fatigati
348 2257 382 2321 in
405 2256 566 2340 quoddam
590 2257 757 2322 castellum
780 2256 988 2340 recepissent,
1019 2256 1136 2322 milites
1165 2255 1311 2340 praedae
1333 2257 1377 2321 iu·

201 2365 329 2433 hiantes
363 2366 405 2431 ad
439 2366 712 2451 expugnationem
745 2364 857 2450 oppidi
889 2366 1032 2430 animum
1065 2364 1238 2431 intendunt
1259 2368 1379 2433 frustra
1403 2395 1412 2416 a

201 2472 342 2541 Caesare
365 2475 405 2540 de
426 2475 488 2541 loci
511 2476 680 2559 iniquitate
708 2482 873 2541 causante.
917 2476 1027 2557 itaque
1055 2475 1103 2540 ibi
1125 2474 1250 2542 Caesar
1279 2496 1379 2543 erum·

200 2583 351 2667 pontibus
380 2585 521 2668 desuper
549 2586 696 2651 hostibus
726 2605 858 2669 pressus
887 2586 988 2650 multa
1016 2586 1175 2652 exercitus
1206 2586 1258 2652 sui
1287 2594 1378 2671 parte

202 2692 331 2777 perdita
352 2694 457 2760 uictus
480 2694 612 2777 aufugit.

72 2806 182 2872 XXVI
288 2805 372 2869 Dum
406 2805 487 2870 haec
519 2803 562 2870 ad
593 2803 737 2871 Alesiam
770 2810 932 2889 gemntur,
971 2804 1245 2887 Vercingentorix,
1284 2824 1378 2889 quem

199 2933 312 2979 omnes
334 2934 495 2980 consensu
517 2914 588 2999 pari
609 2933 718 2998 regem
740 2920 1020 3000 praeoptauerant,
1044 2912 1159 2980 suadet
1180 2917 1227 2979 uti
1248 2934 1292 2982 ox
1310 2922 1378 2980 tota
1403 2951 1417 2964 ⁴·

201 3021 311 3088 Gallia
339 3042 451 3089 omnes
480 3025 535 3108 qui
564 3044 655 3089 arma
684 3025 767 3090 ferre
796 3025 922 3109 possint
943 3023 1019 3089 huic
1041 3023 1125 3089 bello
1149 3030 1282 3109 praesto
1305 3026 1377 3105 sint,

199 3131 261 3196 hoo
290 3131 375 3198 eninr
404 3152 478 3200 esse
506 3154 603 3198 unum
631 3134 760 3218 bellum,
795 3155 858 3218 quo
890 3145 947 3198 aut
978 3139 1136 3218 perpetua
1162 3133 1297 3202 libertas
1325 3141 1380 3198 ant

201 3248 334 3309 aeterna
357 3244 496 3310 seruitus
519 3250 574 3308 aut
597 3264 682 3309 mors
705 3244 846 3309 omnium
861 3248 1085 3327 consequatur.
1129 3243 1239 3327 itaque
1255 3244 1379 3329 absque

200 3371 238 3418 eo
259 3374 403 3437 numero,
427 3374 522 3438 quem
545 3353 704 3419 infinitum
727 3360 803 3420 ante
831 3359 1044 3434 contraxerat,
1079 3353 1223 3436 equitum
1252 3355 1378 3420 circiter

200 3471 270 3529 ooto
294 3465 393 3547 milia,
416 3465 560 3550 peditum
582 3464 722 3531 ducenta
743 3464 979 3549 quinquaginta
999 3463 1091 3528 milia
1112 3470 1279 3529 contracta
1294 3469 1376 3531 sunt.
1390 3477 1416 3530 tt

199 3572 317 3640 debinc
339 3574 403 3640 duo
425 3576 525 3643 colles
548 3575 610 3641 sibi
630 3574 665 3639 in
686 3574 789 3641 uicem
817 3574 974 3641 obuersus
996 3573 1133 3639 Romani
1155 3571 1308 3658 Gallique
1328 3592 1377 3640 oe

199 3690 324 3768 perunt.
368 3684 455 3751 unde
477 3685 586 3751 multis
616 3704 716 3769 saepe
745 3683 967 3768 eruptionibus
990 3690 1022 3747 et
1043 3683 1143 3749 uariis
1165 3683 1378 3767 prouentibus

199 3794 396 3878 proeliantes
426 3794 557 3862 tandem
585 3795 722 3860 Romani
755 3794 932 3879 praecipua
958 3794 1193 3859 Germanomm
1225 3793 1378 3878 equitum,

420 3921 509 3933 -n

268 3989 292 4039 3.
309 3989 326 4040 4
342 3992 381 4040 rta
399 4017 432 4026 -
452 3986 531 4040 redut
548 3983 635 4040 omi)
653 3984 697 4050 (de
715 3983 818 4039 Puibr'l
834 3985 973 4052 baddam)
1060 3985 1169 4039 bostar
1186 3983 1213 4038 Ι)
1298 3988 1379 4040 tico-

200 4074 286 4129 hcunt
304 4075 331 4130 Ι)
381 4076 624 4148 bercingetomxl)
710 4077 856 4148 Sbrtongo
874 4078 901 4133 D
1004 4082 1033 4131 11
1054 4093 1187 4147 cenapum
1205 4074 1273 4132 DP:
1299 4092 1380 4133 cena·

200 4167 274 4236 pium
299 4170 358 4224 cod.
388 4169 498 4227 Pitltoet'
584 4175 614 4225 16
639 4168 800 4225 arbean
872 4175 901 4224 te
924 4170 1089 4226 amanteilt
1190 4173 1223 4224 23
1241 4169 1381 4225 sufurtD

201 4262 234 4313 at
251 4260 380 4317 halestam
396 4262 424 4319 D
492 4262 734 4336 ucrgrngetorixlt
819 4267 851 4317 30
869 4263 979 4318 ducenta
996 4264 1023 4320 D
1092 4266 1123 4318 ot
1142 4262 1249 4333 galltuq.
1268 4261 1296 4319 1>
