3284 5078
264 314 325 378 282
765 333 858 380 cinni
878 332 929 380 xii

212 481 244 546 X
350 483 444 547 Anno
466 481 508 548 ab
531 482 610 548 urbe
626 482 756 549 condita
771 483 942 551 millesimo
958 483 1134 552 centesimo
1150 483 1303 550 uicesimo
1319 489 1435 548 octauo

264 593 400 658 Vannris
422 591 692 677 quadragesimus
713 594 827 660 tertius
849 593 1020 679 imperium
1047 595 1181 661 orientis
1209 599 1359 679 quattuor
1380 613 1435 662 au·

263 702 315 769 nis
337 703 566 768 Valentiniano
589 711 712 768 mortuo
734 704 845 787 tenuit,
880 705 1035 774 Gratiano
1057 704 1278 772 Valentiniani
1305 703 1371 769 filio
1399 703 1436 769 in

264 812 456 880 occidentali
479 821 572 898 parte
593 822 749 897 regnante
777 810 859 897 <una
887 835 958 880 cum
980 815 1209 881 Valentiniano
1237 815 1335 880 fratre
1363 833 1437 898 par-

265 922 366 1008 uulo).
404 923 457 989 hic
479 924 565 989 enim
580 923 832 990 Valentinianus
854 921 895 990 de
909 925 1034 992 Iustina
1056 923 1200 992 secunda
1215 923 1472 991 Valentinianis

265 1053 365 1102 uxore
387 1042 482 1101 uatus
505 1041 576 1099 crat
597 1031 712 1118 <quam
735 1032 865 1100 iubente
889 1035 1014 1102 Seuera
1034 1037 1171 1118 coniuge
1192 1034 1300 1120 priore
1321 1034 1437 1100 Valen-

264 1146 408 1212 tinianus
443 1143 504 1208 hoc
536 1142 631 1208 inodo
664 1144 796 1212 duxisse
829 1145 993 1230 probatur.
1037 1145 1145 1212 Iustus
1168 1144 1315 1211 Iustinae
1345 1150 1437 1228 pater

264 1276 336 1322 cuni
360 1261 448 1322 esset
468 1254 578 1319 Piceni
599 1253 698 1320 iudex
720 1253 901 1322 Constantii
922 1254 1130 1340 temporibus,
1154 1253 1237 1319 uidit
1258 1254 1292 1320 in
1314 1253 1438 1320 somnis

265 1365 416 1450 quoniam
446 1382 487 1430 ex
515 1362 648 1430 dextero
678 1363 797 1432 temore
826 1365 1027 1451 imperialem
1055 1385 1231 1450 purpuram
1258 1364 1437 1448 genuisset.

264 1493 400 1558 cumque
421 1473 504 1540 nisio
527 1493 585 1558 per
607 1475 724 1542 multos
745 1475 943 1560 recitaretur,
968 1475 1012 1540 ad
1028 1473 1208 1543 Constantii
1223 1493 1318 1540 aures
1335 1493 1438 1558 usque
1457 1479 1489 1528 ¹0

263 1585 423 1671 peruenit.
467 1583 578 1650 atille
600 1583 811 1652 considerans
833 1585 991 1652 somnium
1013 1594 1179 1669 tamquam
1200 1585 1375 1670 imperator
1396 1603 1439 1650 ex

266 1715 304 1762 eo
326 1704 522 1776 nasceretur,
547 1694 678 1760 mittens
700 1693 817 1760 occidit
838 1695 971 1778 Iustum,
994 1696 1086 1761 cuius
1107 1695 1176 1760 tilia
1197 1693 1322 1762 lustina
1342 1694 1436 1779 uirgo

264 1806 452 1891 perinansit.
496 1805 674 1888 posteriore
697 1823 774 1870 uero
796 1813 941 1890 tempore
970 1806 1119 1890 peruenit
1147 1803 1190 1870 ad
1212 1805 1355 1872 Seueiac
1382 1823 1438 1868 no-

265 1917 379 1996 titiam,
403 1913 446 1980 ad
468 1933 564 1997 quam
586 1913 786 1997 frequentius
815 1914 968 1982 ueniebat
995 1923 1026 1980 ct
1053 1915 1223 1982 amabatur
1251 1914 1293 1979 ab
1322 1933 1363 1980 ea
1391 1913 1439 1978 ita

235 2073 242 2099 t
266 2033 301 2091 ut
322 2025 420 2090 etiam
442 2043 514 2088 cuin
541 2042 580 2088 ea
601 2022 728 2090 balneis
751 2031 901 2091 uteretur.
946 2045 1082 2110 euinque
1105 2027 1229 2092 Seuera
1256 2043 1365 2092 secum
1392 2024 1438 2089 la·
1457 2023 1488 2074 ¹⁵

266 2143 397 2202 nantem
418 2133 575 2200 Iustinam
596 2132 719 2200 diutius
740 2133 948 2219 inspexisset,
985 2135 1201 2222 pulcritudine
1223 2134 1360 2219 uirginis
1382 2134 1438 2200 ob-

266 2247 385 2312 lectata
407 2250 438 2309 et
459 2262 568 2309 amore
590 2250 695 2328 capta,
718 2242 801 2308 dixit
823 2244 1010 2329 imperatori
1033 2247 1110 2330 quia
1125 2245 1172 2312 sic
1186 2253 1274 2313 esset
1289 2245 1440 2331 speciosa

269 2357 360 2438 uirgo
381 2353 506 2420 lustina
528 2360 563 2419 ut
584 2353 681 2420 etiam
703 2354 809 2439 ipsam
831 2355 946 2422 deceat
972 2375 1046 2424 esse
1068 2375 1200 2422 uxorem
1222 2353 1438 2440 imperatoris.

266 2464 513 2532 Valentinianus
547 2483 624 2531 uero
658 2465 728 2532 eius
762 2485 911 2532 seimane
942 2472 1095 2550 concepto
1128 2466 1286 2533 Iustinam
1320 2465 1439 2530 ducere

266 2575 426 2642 tractabat
447 2595 589 2655 uxorein,
628 2595 694 2641 non
716 2583 824 2642 tamen
846 2575 1000 2642 Seueram
1022 2575 1141 2643 abiecit
1161 2596 1289 2668 eit-qua
1310 2573 1437 2640 Gratia-
1453 2579 1487 2631 ²⁰

267 2706 328 2752 nus
351 2688 455 2752 luerat
477 2693 584 2751 natus.
628 2685 733 2766 legem
755 2685 865 2768 itaque
887 2686 1021 2770 protulit
1041 2686 1170 2770 publice
1202 2704 1259 2770 per
1288 2685 1438 2750 ciuitates

266 2795 464 2879 propositam
487 2802 521 2860 ut
543 2814 655 2862 omnes
678 2795 732 2879 qui
755 2793 951 2878 uoluissent>
978 2796 1100 2880 inpune
1127 2794 1206 2861 bina
1234 2794 1439 2860 matrimonia

268 2905 484 2989 susciperent:
521 2923 597 2969 nam
625 2903 699 2970 ideo
729 2904 904 2989 populosas
934 2905 1001 2972 lore
1028 2913 1142 2989 gentes
1165 2904 1324 2990 quiahoc
1351 2903 1440 2989 apud

267 3035 323 3084 aas
346 3016 501 3082 sollemne
523 3021 582 3082 est.
626 3011 779 3098 <eumque
801 3014 909 3097 posita
929 3016 983 3082 lex
1004 3015 1186 3097 haberetur,
1208 3015 1353 3081 Iustinae
1367 3013 1439 3097 ipsc

266 3126 454 3191 coniunctus
487 3132 537 3190 est
568 3143 610 3190 eii
643 3144 708 3208 qua
739 3131 834 3190 natus
869 3132 919 3192 est
939 3125 1187 3192 Valentinianus
1216 3125 1278 3192 iste
1300 3131 1332 3188 et
1351 3122 1439 3188 filiae
1456 3129 1489 3180 2⁵

267 3243 332 3301 tres
351 3234 443 3300 Iusta
457 3232 560 3299 Grata
582 3240 614 3298 et
629 3235 734 3300 Galla.
779 3253 914 3318 quarum
937 3234 1021 3302 duae
1043 3235 1172 3320 quidem
1195 3236 1230 3300 in
1253 3233 1439 3318 uirginitate

268 3350 467 3412 manserunt.
512 3341 640 3408 Gallam
664 3363 740 3410 uero
762 3350 877 3429 postea
906 3344 1009 3410 maior
1029 3344 1233 3412 Theodosius
1262 3345 1438 3429 imperator

339 3569 345 3614 i
385 3562 532 3617 uicesimo
551 3561 578 3616 B
629 3562 810 3616 2tricebmus
826 3561 974 3616 uouusDB
1025 3561 1283 3619 audentimanoe
1331 3565 1355 3613 t.
1374 3565 1389 3612 5
1407 3559 1441 3628 <)

268 3655 308 3710 D:
326 3672 372 3724 qui
391 3656 438 3708 libi
455 3655 639 3710 ualentimansi
662 3653 746 3708 tratre
769 3655 895 3729 paruollu
922 3658 1047 3711 cmmoda
1075 3659 1146 3712 locui
1165 3660 1267 3710 creauit
1292 3667 1396 3721 imperii
1414 3649 1442 3705 B

268 3749 414 3818 lparuolo
440 3748 466 3802 Il
568 3751 651 3802 b—tl
670 3747 704 3820 <>
730 3746 773 3801 ii.-
794 3749 883 3817 iiiam
906 3749 1077 3804 ualentianul
1101 3751 1188 3805 lenior
1205 3748 1279 3803 dudu
1302 3745 1442 3801 laudante

267 3857 351 3896 uxore
369 3843 415 3894 lna
433 3841 633 3910 pulchritudine
658 3843 754 3912 iustine
771 3859 773 3870 ·
790 3843 838 3896 irbi
863 3858 921 3898 eam
946 3843 1058 3897 sociauit
1071 3835 1102 3896 'in
1120 3849 1289 3897 matrimomo
1302 3841 1412 3910 ·legeiq;
1436 3844 1439 3905 Ι

267 3941 377 4004 proptor
395 3935 467 3988 illam
485 3936 614 3989 concessit
637 3943 667 3990 ut
685 3938 769 3991 omnis
791 3954 837 4006 qui
865 3935 1051 3991 uoliulsdnb'
1135 3933 1334 4006 9puipuraD
1411 3939 1442 3988 ia

268 4027 435 4095 obligatall
556 4032 587 4082 18
611 4030 669 4098 ipsa
692 4029 818 4084 decetll
917 4034 950 4084 ie
974 4028 1093 4084 uxori)
1194 4033 1226 4083 22
1252 4029 1358 4099 ppoiita
1381 4025 1442 4093 ΒΡ,

266 4120 366 4175 emensi
396 4121 527 4175 (lauimus
611 4128 641 4176 ut
668 4139 717 4176 om.
748 4123 782 4176 D‘
902 4127 935 4176 23
964 4124 1106 4192 liilclperet
1141 4121 1203 4176 ΝΒ
1288 4121 1345 4175 lere
1372 4122 1443 4176 coni.

270 4215 402 4268 Garatonii
521 4218 648 4280 24-283,
664 4219 679 4269 b
697 4217 731 4285 <>
749 4215 789 4270 b:
805 4236 807 4268 i
823 4217 945 4285 Accepta
968 4231 1030 4284 ergo
1057 4223 1086 4270 ut
1107 4215 1223 4270 diximul
1238 4215 1447 4287 ualentiuianul

267 4308 365 4360 iuttina
383 4305 467 4360 edidit
484 4321 519 4361 ex
536 4308 593 4375 ipsa
611 4314 739 4378 quattuor
755 4307 849 4374 bilios-
860 4310 1047 4364 ualentinianii
1064 4305 1207 4378 quem'libi
1225 4317 1256 4363 ut
1272 4325 1339 4379 prae
1354 4311 1357 4378 l
1373 4311 1445 4365 miti·

268 4401 326 4453 mul
341 4399 480 4466 gratianus
497 4401 609 4454 sociauit
625 4419 653 4456 m
670 4417 765 4470 regno·
793 4404 796 4471 ζ
813 4401 836 4456 dc
852 4409 927 4471 grata
940 4402 1048 4471 ·iuitaq;
1067 4401 1090 4456 d
1107 4402 1213 4471 gellani:
1237 4403 1348 4472 ualens!
1364 4410 1446 4472 igitur

268 4492 295 4546 B
348 4494 379 4545 26
397 4491 476 4560 gallia
494 4491 533 4545 b*
