2834 5394
181 217 244 281 460
689 235 781 280 nram
804 234 850 281 xx

181 384 282 451 behor
304 395 469 470 praetores
492 394 641 471 quattuor·
663 389 718 472 qui
740 386 827 452 ducti
848 389 976 453 fueraut
997 387 1039 451 ab
1064 385 1240 467 Arabibus,
1265 405 1370 451 uene·

181 503 255 561 runt
287 505 383 581 atque
405 506 559 583 ceperunt
580 500 651 563 Rau
679 505 711 562 et
738 505 837 563 totam
860 499 1024 582 regionem
1048 497 1168 562 Gazae.
1213 494 1368 563 tandem·

182 625 245 691 que
268 608 444 692 aliquando
473 628 543 673 oum
567 609 712 675 uouisset
734 629 754 672 a
775 608 940 675 Caesarea
962 609 1169 673 Palaestinae
1199 626 1273 671 eum
1307 607 1366 671 mi·

181 717 293 785 litibus
315 720 438 803 paucis,
477 719 556 783 inito
585 718 670 784 bello
699 719 867 804 perimitur
894 720 1018 805 primus
1040 738 1111 783 cum
1135 716 1281 783 exercitu
1307 717 1362 799 qni

182 834 397 895 trecentorum
412 836 481 894 erat
496 829 648 912 uirorum,
672 837 703 894 et
718 830 826 895 multis
850 830 987 914 captiuis
1010 829 1152 913 acceptis
1175 834 1207 892 et
1231 829 1394 893 exuuiiss

180 940 328 1023 plurimis
351 941 472 1005 reuersi
496 946 570 1006 sunt
592 960 662 1004 cum
685 941 820 1005 uictoria
842 939 1024 1025 splendida.

267 1049 365 1114 Porro
388 1047 501 1115 eodem
525 1071 610 1115 auno
633 1057 738 1116 terrae
766 1057 871 1116 motus
901 1051 1004 1115 lactus
1034 1057 1084 1115 est
1112 1049 1144 1113 iu
1167 1047 1363 1112 Palaestina

182 1164 214 1223 et
234 1160 386 1243 apparuit
408 1159 544 1243 siguum,
569 1160 654 1244 quod
677 1160 793 1226 dicitur
817 1159 971 1247 doarfrpe,
995 1161 1027 1224 in
1051 1160 1142 1224 caelo
1164 1166 1279 1223 contra
1297 1176 1362 1221 me-

183 1267 296 1334 ridiem
329 1271 562 1355 praenuntians
595 1271 736 1336 Arabum
770 1279 979 1356 potentatum.
1026 1269 1214 1354 perdurauit
1249 1275 1361 1332 autem

181 1378 297 1446 diebus
320 1381 453 1464 triginta
474 1388 638 1447 extentum
661 1403 681 1446 a
704 1383 896 1448 mesembria
918 1401 1019 1466 usque
1043 1381 1085 1446 ad
1114 1387 1248 1457 arctum,
1288 1386 1361 1443 erat
1379 1388 1406 1436 1⁰

182 1497 289 1557 autem
313 1492 347 1555 iu
369 1491 497 1556 modum
520 1491 630 1575 gladii.

26 1594 155 1661 LXIIII
266 1601 359 1666 Anno
382 1603 510 1687 imperii
532 1602 673 1668 Heraclii
703 1603 856 1669 uicesimo
885 1612 996 1685 quarto
1019 1600 1191 1667 Ebubeher
1222 1600 1362 1665 moritur

182 1711 236 1794 qui
259 1712 459 1797 principatus
482 1719 532 1778 eat
554 1714 650 1781 aunis
673 1713 799 1779 duobus
821 1722 917 1797 atque
940 1711 1074 1777 dimidio
1097 1718 1129 1776 et
1151 1710 1247 1777 sumit
1271 1709 1361 1795 prin-

183 1821 323 1906 cipatum
355 1821 487 1888 Hamar.
538 1824 593 1906 qui
627 1823 769 1890 destinat
800 1824 975 1889 exercitum
1009 1821 1167 1888 aduersus
1200 1820 1359 1885 Arabiam

183 1931 333 2015 capitque
354 1931 470 1997 Bostra
498 1933 660 1998 ciuitatem
690 1955 755 1999 una
783 1955 855 1999 cum
883 1934 957 1999 aliis
981 1933 1176 1997 ciuitatibus.
1221 1931 1358 2016 profecti
1381 1942 1409 1991 u

184 2047 259 2107 sunt
281 2047 386 2104 autem
416 2062 517 2125 nsque
541 2042 678 2108 Gabata.
723 2064 794 2109 eum
823 2044 875 2111 his
904 2045 1022 2110 bellum
1054 2062 1230 2128 aggressus
1252 2041 1361 2106 'Pheo-

182 2148 280 2216 dorus
302 2150 504 2235 imperatoris
519 2153 660 2218 Heraclii
682 2154 790 2231 frater,
813 2155 916 2220 uictus
938 2162 988 2220 est
1010 2162 1042 2218 ct
1064 2153 1104 2218 ad
1128 2154 1358 2238 imperatorem

181 2259 339 2327 Edessam
361 2262 459 2327 uouit.
504 2269 555 2328 ast
577 2263 750 2349 imperator
772 2264 901 2330 ordinat
914 2265 1012 2329 alium
1030 2271 1208 2350 praetorem
1224 2263 1359 2327 nomine

183 2372 351 2439 Bahauem
379 2379 412 2438 et
432 2373 637 2439 Theodorum
661 2374 872 2441 Sacellarium
901 2395 971 2439 cum
1001 2376 1117 2440 uirtute
1139 2373 1297 2439 Romaiea
1327 2379 1360 2438 et

182 2482 338 2550 aduersus
360 2484 486 2550 Arabes
515 2486 619 2551 mittit.
664 2506 799 2568 cumque
827 2487 971 2552 uenisset
998 2486 1181 2566 Hemesam,
1219 2486 1356 2548 oecrrrrit
1374 2495 1410 2544 ao

182 2593 352 2659 mullitudo
376 2595 619 2661 Saracenorum.
665 2598 781 2682 quibus
810 2596 924 2662 occisis
948 2617 1013 2660 uua
1035 2616 1105 2659 curm
1129 2615 1167 2660 co
1191 2595 1246 2678 qui
1269 2596 1356 2678 prin-

182 2703 352 2788 cipabatur
374 2705 407 2770 iu
429 2707 477 2770 cis
500 2707 640 2790 reliquos
663 2707 765 2791 abigit
787 2727 888 2791 usque
904 2708 1099 2772 Damascum
1123 2713 1154 2770 et
1175 2705 1243 2770 illic
1264 2704 1358 2769 iuxta

184 2812 441 2887 Bardaueusium
464 2813 597 2881 fluuium
627 2818 770 2884 latebras
793 2818 888 2882 louet.
932 2817 1100 2882 Heraclius
1129 2822 1236 2879 autem
1260 2815 1359 2899 Syria

182 2922 339 2991 derelicta
362 2925 394 2988 in
418 2924 678 3010 desperationem
702 2948 797 2993 ruens
820 2928 956 2994 sublatis
987 2945 1112 3009 qrroqno
1140 2925 1291 3009 pretiosis
1320 2925 1358 2988 li-

183 3034 257 3116 guis
280 3034 322 3098 ab
344 3034 570 3119 Hierosolyma
592 3036 901 3123 Constantinopolim
932 3036 1022 3102 adiit.
1066 3036 1218 3100 Babanes
1246 3041 1408 3099 autema

183 3161 204 3205 a
226 3143 387 3208 Damasco
409 3143 581 3209 Hemesam
606 3146 689 3211 redit
711 3168 869 3213 unacum
891 3147 1062 3213 Theodoro
1084 3145 1261 3211 Sacellario
1285 3164 1357 3208 eum

185 3251 342 3318 habereut
374 3254 533 3320 exercitus
566 3255 782 3340 quadraginta
820 3258 910 3322 milia
949 3266 980 3322 et
1016 3258 1203 3321 insecuntur·
1229 3255 1357 3320 Arabes

179 3362 221 3428 ab
243 3363 384 3429 Hemesa
406 3384 506 3447 usque
530 3366 735 3432 Damascum.

77 3471 167 3538 LXV
273 3476 367 3541 Anno
390 3475 516 3560 imperii
538 3476 679 3542 Heraclii
703 3479 856 3544 uicesimo
879 3479 990 3562 quinto
1006 3476 1159 3542 Saraceni
1182 3475 1284 3539 aciem
1308 3473 1354 3538 di·

182 3596 333 3656 rexeruut
354 3585 387 3650 iu
410 3585 565 3651 Arabiam
588 3596 698 3653 contra
719 3597 827 3675 partes
849 3588 1001 3653 Damasei
1024 3606 1093 3651 eum
1117 3591 1226 3649 esseut
1249 3584 1353 3647 multi·
1372 3595 1406 3645 30

182 3699 304 3766 tudinis
332 3697 487 3762 iufiuitae.
539 3718 601 3781 quo
629 3698 781 3766 Balraues
810 3705 972 3784 comperto
1002 3694 1044 3761 ad
1073 3694 1272 3779 imperialem
1297 3693 1354 3757 Sa·

182 3810 349 3878 cellarium
373 3807 468 3872 mittit
492 3816 525 3872 ut
547 3810 670 3875 ueniret
692 3830 763 3874 cum
786 3810 928 3876 exercitu
956 3827 1013 3872 suo
1043 3806 1077 3869 iu
1107 3804 1260 3868 auxilium
1291 3801 1354 3865 sibi

250 4099 481 4170 lphaleltmall
584 4100 771 4156 8docetelll
877 4104 906 4152 ll)
924 4082 986 4152 artri
1010 4093 1036 4147 D
1142 4096 1167 4145 ll
1189 4089 1356 4144 rumonus)

182 4199 213 4248 12
232 4195 362 4249 ebubehel
381 4202 410 4247 ue
427 4194 483 4249 reid.
502 4212 572 4249 corr.
592 4196 619 4249 iu
638 4195 774 4250 ebubeher
791 4193 864 4250 inl)
961 4190 1123 4243 censumar
1140 4185 1167 4239 D
1259 4188 1289 4235 16
1307 4198 1354 4249 Aa·

179 4287 305 4341 bethall
377 4292 405 4342 ts
424 4288 559 4343 hedeliam
577 4288 604 4342 J)
688 4292 720 4342 22
739 4289 807 4344 abut
824 4287 851 4341 Ι)
926 4290 958 4339 25
977 4284 1011 4338 ab
1028 4267 1143 4337 hrrmD
1195 4275 1314 4329 Bahtuts
1329 4274 1356 4328 D

180 4382 212 4431 2ss
232 4378 430 4435 saccellauob
497 4384 529 4434 2¹1
547 4382 724 4450 insequuntur
741 4380 768 4436 Ι)
835 4384 866 4436 31
888 4348 1043 4435 tacebam}
1060 4378 1086 4429 1)
