3142 5056
270 307 335 372 660
440 362 441 367 ,
717 319 828 368 11111
850 315 1094 367 caeruvuonvrr

301 474 332 524 11
367 468 444 524 Abas
469 468 591 538 irruptio.
626 467 725 524 Vtham
743 467 829 522 malta
880 466 1021 523 ecclesiam
1054 467 1147 522 turbat
1182 472 1285 522 sextam
1311 465 1448 538 synodum

263 569 356 620 castra
381 561 525 618 incilicia
548 562 629 632 capit.
663 560 829 616 lastinianus
880 560 1058 616 uniuersalem
1076 559 1215 616 damnans.
1243 561 1393 630 Balgarum
1409 560 1448 616 lr-

265 656 379 712 clssssm
397 655 562 712 chersonem
589 655 669 710 mittit
687 653 829 710 chersoni·
881 655 971 724 ruptio
989 654 1141 709 uniuersam
1160 653 1304 708 Thraciam
1330 652 1448 722 deprae-

263 753 355 804 tenses
372 764 465 804 omnes
493 753 520 804 et
545 747 830 818 Bosphorouianenses
882 747 1011 802 dantium.
1045 747 1149 802 Arabes
1174 747 1260 802 111111
1282 755 1373 804 casua
1398 762 1447 802 ca·

264 841 382 898 interfici
397 841 502 898 iubens.
882 841 967 910 piant.

303 938 334 990 11
360 934 504 991 crudeliter
520 933 707 990 iuChersones
725 931 828 988 incolas
914 938 942 988 21
981 933 1058 988 Abas
1081 932 1241 988 Romaniam
1268 932 1373 988 inuadit
1397 947 1447 988 ea·

264 1027 398 1084 neutum
415 1043 433 1081 a
450 1027 588 1094 111111,
617 1025 697 1082 emm
722 1025 751 1079 rr
773 1025 829 1094 pri·
879 1027 972 1097 pieque
996 1011 1170 1082 1111111111
1197 1025 1321 1081 rmum
1354 1033 1449 1082 aare

265 1135 371 1186 mores,
391 1120 505 1190 captiuis
523 1118 684 1190 quibusdam
700 1117 828 1174 illustrio·
879 1125 968 1176 motus
993 1119 1022 1174 in
1039 1119 1124 1190 Syria.
1158 1118 1302 1190 Philippici
1324 1119 1392 1174 nisio
1417 1120 1448 1174 in

265 1213 342 1270 ribus
366 1229 427 1268 cum
445 1212 560 1268 Tudano
584 1211 705 1282 principe
732 1217 759 1266 et
775 1211 829 1265 Zo·
880 1213 976 1283 quiete,
995 1213 1040 1282 qui
1057 1212 1119 1268 dein
1136 1219 1306 1276 excaecatur,
1329 1227 1448 1268 corona-

266 1306 328 1361 helo
346 1305 381 1360 ad
398 1306 586 1376 imperatorem
602 1305 699 1360 ductis.
735 1303 829 1358 classis
880 1312 977 1376 torque
985 1306 1122 1362 Artemius
1137 1311 1240 1360 mutato
1257 1305 1448 1360 nominehna·

267 1397 390 1454 Romana
417 1399 445 1454 in
471 1398 559 1454 reditu
588 1412 674 1468 paene
699 1401 758 1452 tota
783 1395 830 1452 de·
880 1397 987 1454 stasias.
1023 1398 1108 1454 oculis
1134 1398 1234 1468 priuati
1257 1404 1286 1454 et
1310 1399 1356 1468 qui
1380 1399 1448 1452 Phi·

265 1506 362 1547 mersa.
396 1491 539 1546 Iustiniani
564 1490 694 1546 uaesania
719 1495 747 1546 et
771 1494 830 1544 trn-
879 1491 1008 1561 lippicum
1036 1499 1252 1548 excaecauerant
1284 1491 1364 1562 inque
1389 1493 1448 1547 exi-

266 1584 393 1642 culentia.
880 1584 945 1638 lium
963 1583 1044 1638 missi.

302 1681 333 1732 15
369 1674 558 1732 chersonitani
575 1675 704 1731 auxilium
717 1673 831 1730 chaiani
915 1681 948 1732 22
982 1678 1119 1732 Artemius
1152 1676 1300 1747 imperator
1333 1677 1448 1732 LXVII.
1558 1685 1559 1742 i

265 1769 419 1840 implorant.
463 1769 556 1824 Helias
600 1767 759 1838 spatharius
803 1772 831 1822 et
881 1769 1028 1825 Masalmas
1038 1769 1172 1826 Galatiam
1189 1768 1378 1840 depopulatur.
1396 1772 1449 1826 irn-

265 1863 432 1932 Philippicas
450 1861 589 1918 Bsrdanes
614 1860 675 1916 exul
700 1861 730 1916 in
747 1861 829 1916 Cher·
880 1869 991 1931 perator
1025 1864 1115 1932 specie
1139 1863 1215 1932 pacis
1249 1863 1380 1932 petendae
1412 1863 1451 1918 ad

265 1970 333 2010 sone
346 1954 490 2024 eriguntur.
514 1970 560 2010 eos
577 1953 613 2010 ad
629 1968 659 2010 se
675 1952 740 2008 duci
755 1953 831 2009 iubet
882 1955 984 2009 Vhalid
1000 1956 1102 2024 legatos
1120 1956 1209 2020 mittit,
1228 1957 1274 2026 qui
1285 1957 1451 2012 renunciant

267 2048 415 2117 imperator
431 2046 629 2116 Tudunumque
651 2052 678 2102 et
700 2045 831 2100 Zohelum
881 2047 1032 2104 Saracenos
1061 2047 1096 2102 ad
1121 2049 1373 2118 Constantinopolin
1397 2067 1450 2120 op-

267 2139 383 2198 restitui.
408 2140 559 2196 chersones
576 2139 787 2194 inhabitatorum
804 2143 831 2193 et
882 2141 1053 2210 pugnandam
1067 2157 1177 2212 magnos
1187 2141 1278 2198 lacere
1289 2151 1450 2212 apparatus.

267 2238 418 2290 ceterorum
452 2237 604 2288 castrorum
638 2231 747 2286 rebellio
786 2229 832 2300 qui
883 2234 1020 2288 Artemius
1037 2235 1155 2289 uicissim
1173 2251 1202 2290 se
1219 2235 1326 2290 instruit
1351 2242 1378 2290 et
1404 2236 1451 2290 di-

266 2325 448 2396 Philippicum
465 2325 654 2396 inperatorem
667 2324 813 2394 appellant.
883 2326 994 2396 ligenter
1012 2334 1157 2396 praeparat
1174 2335 1271 2382 contra
1286 2329 1387 2383 hostes.

304 2425 337 2476 16
353 2420 499 2490 imperator
514 2417 620 2474 saeuire
635 2417 723 2487 pergit
737 2417 832 2472 aliam
918 2423 951 2474 13
986 2419 1085 2476 Vhalid
1102 2420 1229 2484 moritur,
1255 2421 1299 2475 cui
1324 2421 1452 2476 succedit

267 2528 322 2585 que
339 2513 420 2568 mittit
437 2512 550 2568 classem
578 2525 670 2567 muros
688 2510 832 2566 Chersonis
884 2511 1028 2568 Saleiman.
1070 2512 1197 2568 Germani
1222 2513 1343 2583 episcopi
1369 2513 1453 2585 Cyni-

266 2605 390 2663 funditus
408 2611 529 2660 euertere
551 2619 697 2674 omnesque
719 2605 834 2659 interfici
885 2605 945 2660 oeni
961 2606 1102 2660 translatio
1121 2605 1389 2676 Constantinopolim!

267 2697 372 2756 iubens.
413 2697 579 2767 Philippicas
614 2697 649 2752 ad
684 2696 833 2752 Chaianum
919 2702 952 2752 21
986 2699 1095 2754 rebellio
1130 2699 1158 2752 in
1193 2699 1311 2754 themate
1336 2699 1454 2756 Obsicio

268 2791 398 2861 comupit
431 2791 528 2846 classis
544 2789 627 2846 missa
649 2789 685 2845 ad
702 2789 832 2859 Philippi-
884 2798 980 2848 contra
996 2791 1184 2861 imperatorem
1208 2793 1349 2860 magnique
1372 2794 1456 2863 logo·

268 2899 331 2942 curn
348 2899 454 2954 quoque
471 2883 570 2939 delicit.
884 2885 975 2940 thetae
1001 2884 1035 2940 ab
1061 2900 1093 2940 co
1119 2885 1193 2939 missi
1218 2885 1323 2940 caedes.
1357 2885 1456 2942 Theo·

307 2983 336 3032 11
372 2977 537 3032 lrrstinianus
554 2975 613 3046 ipse
634 2976 769 3046 egreditur
786 2991 832 3032 ex-
885 2977 990 3034 doniam
1016 2977 1150 3048 quendam
1175 2977 1287 3032 idiotam
1303 2977 1457 3048 imperato-

269 3070 396 3142 plorandi
412 3085 483 3140 quae
499 3070 654 3126 chersonae
676 3076 752 3138 gesta
774 3068 833 3124 lue·
886 3085 944 3126 rem
960 3070 1075 3125 inuitum
1094 3069 1216 3140 quamuis
1233 3069 1346 3124 iaciunt

269 3163 332 3216 rint.
368 3162 451 3218 duces
486 3167 580 3218 contra
605 3161 783 3217 landrianum
817 3178 836 3217 1
920 3168 952 3218 lb
971 3163 1084 3218 rebelles
1103 3164 1196 3218 orbern
1211 3163 1312 3232 regiam
1330 3165 1459 3233 capiunt

270 3255 422 3325 Philippico
449 3255 530 3310 missi.
566 3254 675 3318 Tiberii,
692 3253 836 3310 Iustiniani
886 3271 982 3326 magna
1007 3255 1104 3311 caedes
1120 3255 1203 3311 lacta.
1237 3255 1375 3310 Artemius
1395 3272 1461 3312 mo-

270 3347 441 3404 1111111111.
476 3346 630 3416 interempti
653 3352 680 3402 ct
703 3347 748 3402 alii
771 3363 835 3418 pro·
886 3349 991 3404 1111111
1015 3347 1125 3404 indutus
1157 3347 1253 3404 habitu
1277 3347 1461 3404 Thessaloni-

271 3455 356 3498 ceres.
887 3456 946 3496 cam
963 3441 1105 3511 relegatur.
1140 3441 1196 3496 Leo
1214 3447 1322 3511 praetor
1339 3442 1462 3497 omentis
1557 3441 1558 3519 ζ

308 3537 340 3590 18
367 3533 650 3590 exercitrmlustiniaui
667 3533 783 3588 delectio
801 3533 838 3588 ad
887 3533 1039 3590 Theodosio
1057 3549 1111 3589 non
1128 3540 1214 3604 peret.

270 3628 459 3698 Philippicum
492 3627 763 3691 11111111111111111,
788 3641 835 3682 cu·
921 3630 955 3682 16
980 3625 1463 3696 Τ111111111111111111ο1111Ἢ11.

270 3721 315 3778 ius
343 3726 426 3791 caput
452 3720 487 3776 ad
512 3720 691 3789 Philippicum
718 3720 836 3774 missum.
888 3719 1034 3775 Masalnras
1051 3719 1182 3776 aduersus
1191 3718 1466 3789 Constantinopolim

272 3812 424 3884 Philippico
449 3819 480 3868 ot
507 3812 541 3868 ab
559 3812 694 3868 haeretico
718 3811 837 3881 quodam
887 3829 963 3868 arma
989 3819 1080 3868 mouet
1106 3812 1252 3881 praemisso
1271 3811 1414 3867 Suleiman
1433 3821 1466 3869 et

271 3906 414 3978 imperium
431 3906 598 3976 praedictum
615 3904 675 3960 luit.
888 3906 1034 3962 llaumaro.
1070 3905 1205 3960 Sulsimsn
1222 3905 1363 3959 Ameriam
1393 3923 1464 3976 per·

310 4003 342 4054 19
376 3997 521 4069 Philippici
548 3998 655 4054 erilium
680 3998 731 4054 suh
755 3998 837 4054 Absi·
888 3999 1000 4054 nameus
1017 3999 1101 4054 allicit
1109 3999 1228 4053 Leonem
1245 3997 1357 4052 omentis
1373 4015 1466 4068 prae-

274 4107 367 4158 maro,
391 4107 410 4146 a
426 4106 479 4162 quo
497 4091 662 4146 lastinianus
679 4107 741 4146 eum
757 4106 837 4146 reno·
890 4097 975 4148 torem
993 4107 1042 4161 per
1059 4091 1172 4156 litteras,
1192 4091 1270 4160 quasi
1287 4093 1471 4150 eoueaiente

273 4185 356 4242 cauit
389 4183 533 4254 Philippici
549 4183 616 4240 uitia
633 4185 805 4254 reprehensa
889 4185 925 4240 ab
942 4185 1046 4240 Amorii
1063 4184 1204 4240 obsidione
1220 4198 1389 4240 recessurus.

308 4281 343 4332 21
376 4277 543 4348 Philippicas
571 4278 717 4347 imperator
742 4277 839 4332 LXVI.
925 4282 956 4334 21
992 4278 1048 4332 Leo
1066 4294 1083 4333 a
1098 4277 1240 4333 Saracenis
1259 4276 1320 4332 dolo
1339 4278 1472 4337 circum-

274 4370 415 4434 rlrmtuios
433 4371 467 4428 de
484 4377 620 4428 11111111
637 4371 753 4440 expellit
770 4369 840 4428 idem
891 4377 996 4438 uentus,
1018 4371 1064 4440 qui
1081 4386 1142 4426 eum
1160 4370 1276 4426 retinere
1293 4371 1422 4440 capiunt
