2834 5394
538 654 611 704 can.
634 656 877 704 anxur-xxxv
1230 642 1288 703 155

159 806 225 872 duit
261 807 416 875 Octauius
431 807 569 875 Salonas
591 827 779 893 oppugnare
801 817 934 876 conatus
954 829 1066 874 omnes
1082 809 1192 892 copias
1208 828 1289 890 quas

157 917 218 983 duxit
233 917 348 984 amisit.

211 1027 333 1094 Caelius
355 1028 493 1094 desciuit
515 1049 535 1092 a
557 1026 698 1094 Caesare
720 1048 758 1093 ac
780 1049 815 1094 se
837 1030 949 1094 Miloni
971 1029 1058 1094 cxuli
1080 1029 1185 1092 iunxit
1206 1049 1291 1093 cum·
1312 1026 1412 1092 XXX

153 1157 194 1221 que
209 1138 296 1203 ambo
319 1157 487 1204 seruorum
509 1158 606 1204 manu
629 1138 773 1222 Capuam
796 1158 985 1224 oppugnare
1015 1137 1211 1219 molirentur,
1240 1157 1291 1204 oe·

130 1247 191 1313 tciri
206 1256 281 1315 sunt.

206 1358 337 1424 bibulus
358 1358 446 1443 apud
461 1357 633 1442 Corcyram
655 1357 778 1442 pudore
801 1360 903 1424 uictus
926 1359 1012 1443 quod
1027 1358 1193 1425 custodiae
1209 1357 1290 1435 cius,

147 1487 216 1550 quan
235 1469 353 1553 pelago
375 1474 408 1534 et
430 1467 548 1552 oppido
570 1467 813 1552 praetendebat,
848 1468 950 1535 hostis
973 1469 1140 1550 inluserat,
1175 1467 1286 1533 inedia

147 1596 200 1642 sese
215 1578 398 1661 uigiliisque
420 1577 564 1642 coniecit.

207 1688 327 1772 Appius
357 1685 513 1752 Claudius
536 1686 734 1753 Censorinus
757 1688 812 1772 qui
840 1688 931 1753 iussu
959 1687 1091 1771 Pompei
1115 1686 1287 1755 Graeciam

113 1795 273 1879 intuebatur,
308 1798 374 1862 iam
403 1797 556 1861 abolitam
584 1797 710 1882 Pythici
739 1799 861 1861 oraculi
889 1797 985 1863 fidem
1015 1798 1115 1862 uoluit
1138 1796 1289 1880 experiri.

148 1906 239 1991 quippe
257 1908 299 1973 ab
322 1927 361 1973 eo
383 1907 500 1972 adacta
522 1914 613 1974 uates
634 1906 832 1972 descendere
860 1908 893 1972 in
923 1926 1054 1990 specum
1083 1904 1292 1989 respondisse

147 2014 220 2081 lertm
237 2016 275 2083 de
304 2018 390 2082 bello
417 2018 597 2083 consulenti
626 2016 717 2082 ‘nihil
745 2016 788 2081 ad
816 2024 848 2082 te
877 2017 947 2097 hoe,
983 2018 1137 2098 Romane,
1171 2014 1292 2080 bellum

148 2126 269 2208 pertinet:
291 2127 427 2192 Euboea
448 2126 547 2192 Coela
569 2127 747 2210 optinebis'.
777 2127 901 2192 Coela
922 2133 1028 2192 autem
1044 2131 1161 2191 uocant
1174 2124 1292 2190 Euboi·

149 2252 202 2297 eun
217 2237 325 2302 sinum.
370 2237 416 2301 ita
437 2236 563 2320 Appius
585 2237 741 2321 perplexa
762 2238 902 2303 incertus
926 2245 1012 2303 sorte
1034 2235 1192 2303 discessit.

117 2351 138 2401 ¹⁵
211 2346 329 2413 Interea
351 2345 438 2430 apud
459 2347 675 2431 Dyrrachium
698 2348 789 2411 multi
814 2348 947 2413 orientis
969 2366 1063 2430 reges
1085 2346 1129 2411 ad
1144 2345 1290 2410 Gnaeum

150 2450 303 2538 Pompeium
325 2475 398 2520 cum
421 2456 552 2522 auxiliis
574 2464 802 2522 conuenerunt.
854 2476 916 2540 quo
945 2477 1017 2520 eum
1042 2456 1163 2522 Caesar
1183 2455 1292 2521 uenis·

149 2568 193 2641 set
213 2562 352 2632 Gnaeum
374 2567 563 2651 Pompeium
585 2567 754 2633 obsidione
776 2568 894 2632 frustra
923 2566 1037 2647 cinxit,
1072 2568 1143 2650 ipse
1172 2573 1291 2631 terram

149 2670 297 2750 quindecim
319 2676 443 2739 milium
465 2696 621 2760 passuum
644 2677 733 2741 fossa
755 2684 973 2761 praestruens,
1007 2695 1078 2739 cnm
1108 2676 1155 2740 illi
1184 2674 1289 2739 maria

149 2792 271 2860 paterent.
329 2787 501 2869 Pompeius
538 2787 706 2852 castellum
743 2785 904 2869 quoddam
942 2787 1158 2869 propinquum
1195 2785 1287 2866 mari,

114 2892 209 2970 ²⁰tqtrod
227 2895 429 2962 Marcellinus
451 2895 609 2975 tuebatur,
634 2896 750 2961 euertit
771 2895 1001 2980 praesidiaque
1018 2893 1179 2973 Caesaris,
1205 2913 1289 2977 quac

149 2996 237 3068 ibidem
264 3005 481 3083 morabantur,
511 3005 635 3069 occidit.
688 3004 809 3071 Caesar
837 3008 1036 3088 Torquatum
1065 3005 1289 3087 legionemque

148 3127 217 3177 omn
244 3123 278 3180 ut
311 3123 512 3200 expugnaret
542 3115 717 3197 adgressus
751 3124 809 3182 est.
861 3115 921 3180 hoc
954 3116 1096 3200 periculo
1129 3115 1288 3181 sociorum

147 3215 248 3290 Gnaeus
270 3226 443 3310 Pompeius
465 3225 593 3309 cognito
616 3245 727 3291 omnes
756 3226 868 3310 copias
897 3245 935 3291 eo
957 3227 1055 3289 traxit
1077 3233 1109 3290 et
1131 3226 1226 3307 signa
1248 3244 1286 3289 eo

146 3342 263 3399 nronente
284 3335 420 3399 fulmina
442 3334 582 3402 aduersa
603 3344 816 3401 occurrerunt.
861 3356 939 3418 apes
969 3355 1097 3418 quoquc
1126 3333 1284 3399 obsedere

116 3438 247 3509 bucula.
292 3464 355 3527 quo
378 3444 447 3509 uiso
470 3446 595 3512 subitus
611 3465 737 3510 maeror
752 3445 893 3510 contudit
909 3447 1092 3510 exercitum.
1137 3445 1289 3528 fugerunt

147 3544 251 3634 hostiae,
280 3554 315 3618 in
338 3555 468 3638 templis
490 3555 662 3621 simulacra
685 3575 842 3622 conuersa
865 3556 931 3620 alia
958 3555 1117 3620 fleuerunt
1144 3555 1210 3618 alia
1239 3574 1290 3619 su-

146 3653 241 3728 darunt.
285 3669 394 3730 tantus
423 3683 499 3729 uero
528 3666 561 3729 in
590 3684 664 3731 aere
687 3686 847 3729 armorum
877 3667 1028 3748 strepitus
1057 3666 1115 3729 fuit
1144 3671 1178 3727 ut
1200 3663 1288 3728 Anti-

145 3767 228 3837 ochiae
249 3774 344 3857 quasi
366 3773 409 3838 ad
431 3774 603 3839 aduentum
626 3775 765 3841 hostiurn
787 3775 821 3840 in
844 3795 952 3840 muros
974 3781 1226 3839 concurreretur.

206 3881 328 3949 Interea
349 3882 472 3949 Caesar
494 3885 616 3950 omissa
637 3884 805 3949 obsidione
826 3884 869 3948 ad
890 3884 1078 3968 Pompeium
1100 3902 1136 3948 se
1158 3900 1287 3946 conuer·
1309 3878 1409 3945 XXX

114 3983 179 4049 tobit.
213 3994 392 4076 Torquatus
413 4001 519 4060 autem
541 4013 560 4059 e
582 3995 719 4077 uestigio
748 4014 960 4078 prorumpens
988 4013 1138 4058 auersum
1167 3992 1290 4057 insecu-

148 4100 183 4162 tus
200 4109 250 4168 est.
292 4105 339 4168 ita
361 4100 513 4169 Caesaris
536 4104 654 4170 milites
676 4105 811 4189 ancipiti
832 4103 975 4189 periculo
998 4103 1100 4167 territi
1122 4103 1193 4185 ipso
1210 4099 1291 4168 Cac-

149 4222 201 4273 sare
217 4213 332 4280 frustra
353 4212 531 4279 obsistente
553 4213 729 4297 ingerunt>
772 4215 878 4280 euasit
906 4220 1014 4277 tamen
1036 4209 1191 4296 (Caesar)
1214 4214 1291 4295 quia

152 4378 412 4395 5—-

195 4504 306 4561 3Celml
321 4505 348 4560 D
429 4510 551 4574 tcapua
568 4506 594 4560 l)
681 4512 711 4561 lo
729 4507 831 4561 abohta
848 4505 976 4575 petrcrl)
1062 4511 1091 4558 la
1111 4502 1292 4560 consulenti)

151 4589 172 4641 13
184 4598 259 4652 eccela
276 4600 381 4671 {priore
398 4597 466 4655 llll
553 4602 583 4652 18
602 4600 728 4667 mdrb31)
785 4600 907 4670 pltruent
923 4600 949 4654 Ι)
1033 4603 1066 4653 20
1084 4598 1242 4669 prqlrdratq·
1258 4597 1292 4651 D‘

148 4680 372 4747 ”abberad
474 4691 690 4748 ttobirderell
792 4697 824 4748 29
843 4692 1094 4762 oblobsrdroneI)
1152 4693 1246 4746 leont.
1267 4690 1293 4744 D

148 4773 352 4841 burmann
