2834 5394
528 663 601 712 car.
624 664 822 737 xxxxvr-c·
851 672 854 676 ·
1194 651 1256 715 587

169 815 291 880 Taliter
313 834 389 898 ergo
411 814 454 880 ad
475 836 628 899 magnum
644 817 800 900 palatium
820 816 906 883 idem
921 818 1047 903 patricii
1063 814 1409 885 nemen-XXXXVIII

86 935 135 993 tes
161 926 299 1009 ingressi
321 931 395 991 sunt
424 924 503 990 illud
531 925 671 1010 indeque
699 946 757 1011 per
784 933 885 993 totam
908 928 1019 993 urbem
1042 929 1202 1012 ignobiles
1224 935 1255 994 et

9 1026 21 1038 ’
86 1056 198 1104 seruos
221 1035 397 1119 dirigentes
419 1036 684 1102 acclamationem
707 1038 847 1103 focerunt
869 1044 945 1104 ante
960 1037 1099 1104 mediam
1119 1044 1255 1122 noctem,

85 1153 118 1213 et
149 1144 298 1212 custodes
327 1145 361 1210 in
390 1144 523 1210 circuitu
552 1147 682 1229 palatii,
719 1145 806 1230 quod
839 1152 899 1211 τοῦ
926 1143 1148 1233 Ἐλευθερίου
1177 1169 1257 1213 nun·

51 1264 235 1341 scupatur,
273 1261 451 1341 posuerunt
486 1255 541 1320 ubi
578 1275 650 1321 eam
687 1257 822 1341 contigit
858 1276 941 1324 esse.
999 1258 1139 1322 diluculo
1176 1278 1257 1325 sane

86 1373 289 1432 accersentes
319 1351 647 1431 eam'concluserunt
680 1367 714 1430 in
744 1367 858 1432 maiori
894 1368 1015 1451 palatio
1050 1375 1082 1432 et
1110 1369 1157 1433 ita
1186 1388 1257 1453 pro-

85 1481 252 1542 cesserunt
289 1474 331 1540 ad
360 1494 510 1558 magnam
544 1475 714 1542 ecclesiam
743 1476 786 1542 ad
815 1477 1034 1542 coronandum
1073 1478 1254 1544 scelestum.

85 1586 236 1651 conuenit
256 1584 381 1649 interea
401 1586 557 1651 uniuersa
579 1584 744 1670 plenitudo
767 1586 856 1653 urbis
886 1593 918 1652 et
950 1607 1062 1654 omnes
1092 1607 1175 1672 quae
1203 1605 1257 1670 ge-

85 1696 239 1761 rebantur
261 1694 395 1760 moleste
416 1694 561 1760 ferebant
590 1695 819 1762 maledicentes
841 1699 1007 1762 coronanti
1044 1707 1076 1762 et
1103 1702 1256 1762 coronato

40 1822 69 1871 lo
85 1804 271 1888 cunctisque
292 1804 529 1887 gratulantibus
552 1805 611 1871 eis.
1318 1796 1321 1802 ’

168 1913 325 1997 Equidem
342 1933 412 1978 cum
429 1914 584 1998 religione
598 1934 637 1980 ac
652 1916 776 1981 ratione
792 1916 938 1982 uiuentes
950 1914 1094 1980 diuinum
1111 1907 1411 1980 mi-xxxxvlm

85 2024 239 2089 rebantur
259 2023 411 2089 iudicium
433 2024 570 2106 qualiter
592 2043 664 2089 eam
691 2025 875 2108 permiserit
897 2045 980 2109 quae
1001 2045 1060 2110 pro
1082 2031 1171 2090 recta
1193 2022 1257 2088 fide

85 2153 173 2199 more
195 2139 370 2218 martyrum
393 2133 623 2217 agonizauerat
644 2155 666 2199 a
687 2135 819 2200 subulco
841 2134 960 2219 expelli
975 2135 1166 2220 praesertim
1184 2152 1255 2199 cum

86 2245 115 2308 ei
137 2242 339 2309 deuotissimi
361 2244 432 2309 eius
453 2244 626 2328 praecipue
648 2243 827 2310 adhaerere
848 2251 979 2330 propter
993 2243 1165 2309 auaritiam
1180 2262 1255 2328 pro·

40 2353 262 2437 reposuerint,
285 2354 352 2419 Leo
375 2353 497 2420 seilicet
518 2353 682 2420 eunuchus
704 2353 860 2438 patricius
882 2361 915 2419 et
936 2354 1141 2420 saccellarius
1164 2353 1257 2420 Sino·

85 2482 164 2547 peos
187 2468 218 2529 et
241 2461 302 2527 deo
323 2463 432 2547 perosi
454 2462 616 2548 Triphylii
638 2468 736 2545 atquc
762 2463 888 2548 patricii
917 2464 973 2547 qui
1002 2464 1150 2548 superius
1178 2461 1256 2528 dicti

85 2578 160 2638 sunt
181 2571 235 2655 qui
258 2571 352 2637 donis
374 2573 522 2656 plurimis
543 2573 586 2638 ab
614 2574 672 2637 illa
699 2573 792 2638 ditati
822 2581 896 2639 sunt
924 2578 957 2640 et
985 2592 1057 2638 cum
1085 2592 1125 2639 ea
1153 2591 1254 2657 saepe

85 2688 317 2747 candescentes
339 2687 371 2746 et
392 2680 633 2748 adulationibus
656 2701 728 2746 cum
750 2683 937 2749 iuramentis
959 2682 1167 2748 horribilibus
1189 2700 1256 2747 eer-

86 2797 152 2854 tam
175 2788 348 2855 reddentes
371 2790 520 2858 omnibns
543 2789 653 2855 mnndi
675 2790 773 2857 rebus
789 2810 824 2857 se
837 2793 1092 2857 necessariorem
1108 2797 1258 2874 reputare

37 2923 71 2973 20
87 2919 181 2983 quam
204 2898 362 2964 baberent
383 2918 462 2983 erga
483 2899 572 2963 illam
595 2899 847 2965 beniuolentiam
875 2899 1089 2980 affirmabant,
1120 2899 1175 2964 alii
1203 2919 1259 2964 an·

86 3018 150 3074 tem
173 3010 206 3073 in
228 3009 345 3074 ecstasi
374 3007 450 3072 iacti
478 3015 642 3090 gestorum
671 3007 958 3092 certitudinemque
985 3008 1098 3073 horum
1128 3008 1259 3075 minime

86 3120 260 3185 sentientes
284 3119 442 3183 somnium
465 3136 500 3183 se
523 3117 634 3183 uidere
662 3118 829 3202 putabant
867 3117 922 3182 alii
951 3124 1057 3183 antem
1086 3119 1139 3202 qni
1167 3117 1256 3184 dnm-

86 3235 176 3294 taxat
197 3225 397 3313 perpendere
420 3226 503 3292 bene
525 3227 672 3293 sciebant
694 3228 900 3312 praeteritam
923 3227 1108 3293 felicitatem
1130 3228 1256 3294 beatifi-

87 3338 204 3403 cabant
226 3345 257 3402 et
279 3338 417 3402 futuram
440 3355 499 3421 per
526 3336 732 3421 tyrannidem
759 3337 979 3402 infelicitatem
1007 3337 1163 3420 lugebant
1191 3357 1259 3403 ma-

38 3469 72 3519 25
89 3449 237 3530 ximeque
269 3446 304 3510 bi
336 3445 391 3531 qui
425 3446 559 3530 maligni
593 3447 659 3512 uoti
686 3446 817 3531 tyranni
839 3446 1072 3531 experientiam
1095 3446 1259 3530 quandam

88 3563 163 3621 ante
184 3563 404 3640 perceperant.
448 3575 543 3638 porro
571 3557 741 3623 uniuersos
767 3555 976 3621 communiter
997 3554 1186 3641 possidebat
1208 3577 1259 3623 ca·

87 3665 153 3748 ligo
176 3672 208 3728 et
229 3664 300 3729 sine
322 3664 543 3730 consolatione
566 3666 682 3732 mentis
712 3664 848 3731 defectio
871 3684 912 3731 ne
934 3685 993 3750 per
1015 3666 1143 3749 singula
1164 3667 1259 3735 mise

88 3773 212 3839 rendae
232 3773 320 3838 illius
342 3772 407 3837 diei
429 3773 586 3839 deformia
606 3773 707 3839 ncrba
729 3775 874 3840 scribens
896 3774 1051 3859 protelem
1068 3793 1257 3842 sermonem.

173 3882 323 3965 Denique
346 3884 494 3966 sequenti
516 3883 569 3948 die
591 3884 728 3967 sumptis
750 3882 942 3968 quibusdam
966 3902 1006 3948 ex
1034 3885 1180 3968 patriciis
1208 3906 1260 3953 as·
1280 3887 1308 3952 L

40 4016 73 4066 30
90 3991 198 4058 cendit
220 3991 262 4056 ad
285 3990 520 4076 imperatricem
542 3992 707 4059 custodiae
735 3993 951 4077 mancipatam
982 3992 1137 4059 simulans
1166 4001 1201 4059 ut
1228 3996 1258 4062 ei

89 4102 187 4168 moris
209 4107 279 4166 erat
300 4101 417 4169 falsam
438 4101 671 4185 benignitatem
693 4122 752 4186 per
774 4121 870 4185 qnam
892 4107 924 4166 et
944 4101 1054 4186 plnres
1069 4101 1204 4188 decepit,
1228 4110 1261 4171 et

88 4232 248 4280 excusans
277 4229 312 4277 se
348 4211 434 4295 qnod
471 4210 590 4278 inuitus
619 4211 662 4277 ad
692 4210 906 4296 principatum
941 4210 1163 4277 conscenderit
1199 4231 1260 4279 nec

87 4324 173 4389 hunc
195 4341 347 4406 nmquam
369 4319 613 4387 desiderauerit.
659 4319 873 4387 maledicebat
900 4327 1006 4385 autem
1030 4321 1082 4387 his
1105 4321 1161 4405 qui
1182 4341 1258 4406 pro-

158 4599 240 4650 4ιοῦ
257 4591 432 4666 ’Ebc-mico
462 4594 598 4666 Theopla:
624 4601 704 4650 tontu
733 4594 867 4650 eleutheru
884 4595 910 4646 Ι)
1005 4599 1021 4649 6
1039 4595 1218 4651 accersientes
1233 4596 1261 4654 D

92 4694 121 4744 11
142 4693 175 4752 et
192 4687 342 4758 qurdemD
412 4692 441 4742 12
468 4686 523 4742 frde
540 4687 636 4743 omli
708 4693 737 4743 te
756 4686 866 4756 trrphrln
883 4687 910 4743 Ι)
990 4691 1020 4742 te
1038 4687 1259 4759 adclatromb3D

89 4787 121 4836 21
142 4779 269 4837 exme
