2834 5394
162 282 223 344 324
652 296 745 343 ornan
767 296 843 342 xnn

163 447 335 515 aetatibus.
387 447 585 532 deduxitque
613 467 669 514 eos
697 447 740 512 ad
770 447 932 531 quandam
961 467 1074 532 rupem
1103 447 1261 513 decliuius
1289 449 1342 512 in-

163 559 364 626 cumbentem
387 560 546 643 iussitque
567 563 602 623 ut
623 577 787 623 cornarani
809 557 973 624 schcmate
996 566 1098 623 semet
1125 558 1215 641 ipsos
1238 557 1342 622 inuol-

164 674 286 736 uerent.
331 668 393 734 hoc
414 687 491 753 ergo
513 668 677 735 faciebant
697 668 823 752 priores
846 674 877 733 et
899 687 970 731 curn
993 669 1142 733 uenirent
1164 667 1207 731 ad
1229 688 1340 752 rupes,

163 786 296 865 repente
329 779 548 846 moriebantur
580 785 645 844 tam
679 778 847 843 dilacerati
880 779 985 843 acutis
1017 779 1152 862 rupibus
1180 798 1275 862 quarn
1306 779 1341 842 in

167 909 253 974 aqua
275 890 391 955 necati.
436 891 509 974 phm
531 896 640 954 tamen
662 889 743 953 rnori
765 893 938 972 potuerunt
967 888 1030 954 nisi
1058 888 1120 954 deo
1147 888 1376 974 prouidente5

165 999 298 1084 quidam
327 1000 389 1064 uiri
412 998 589 1066 Christiani
618 999 884 1083 superuenissent
911 999 1089 1083 piscatores
1117 1008 1213 1082 atque
1241 1018 1341 1081 nego-

165 1112 306 1193 tiatores,
336 1109 391 1193 qui
413 1109 496 1176 alios
518 1129 589 1174 eurn
611 1118 802 1174 necarentur
824 1109 1000 1193 eripientes
1023 1115 1250 1173 recreaueruut
1272 1116 1340 1172 turn

166 1220 286 1284 malum
309 1239 418 1285 eorum
441 1220 597 1285 stultitiae
620 1221 805 1301 sentientes,
840 1218 923 1283 alios
954 1237 996 1283 ne
1018 1225 1119 1283 senrct
1142 1219 1230 1302 ipsos
1253 1219 1341 1284 iaetu

165 1328 380 1395 interficerent
410 1337 592 1411 tenuerunt,
629 1330 817 1395 nuntiantes
846 1348 955 1393 eorum
985 1337 1119 1393 mortem
1149 1330 1203 1412 qni
1234 1330 1340 1413 primo

164 1438 355 1505 ceciderant.
401 1440 456 1524 qui
488 1441 586 1506 etiam
616 1447 828 1522 agnoscentes
858 1438 1076 1504 seductionem
1106 1439 1279 1523 culpabant
1304 1459 1341 1504 se
1360 1449 1391 1498 10

165 1569 204 1616 co
226 1549 313 1633 quod
335 1550 429 1615 facile
450 1551 480 1615 ei
503 1549 728 1616 credidissent.
773 1568 909 1632 eurrrquc
931 1550 1111 1615 uoluissent
1138 1551 1227 1613 illum
1257 1550 1341 1632 peri·

165 1679 252 1726 mere
275 1660 486 1741 seductorem,
510 1659 782 1744 comprehendere
802 1660 1028 1743 nequiuerunt‚
1051 1667 1184 1742 repente
1200 1679 1341 1742 uanique

165 1769 326 1853 disparuit
359 1770 511 1854 deditque
545 1770 762 1854 suspicionem
794 1770 871 1851 quia
899 1768 994 1833 fuerit
1026 1768 1162 1833 daernon
1185 1789 1341 1835 erroneus

167 1878 308 1944 humano
343 1879 507 1944 schemate
539 1879 805 1944 circumamictus.
860 1899 919 1963 pre
933 1958 937 1965 .
951 1878 1013 1942 hac
1045 1880 1154 1962 itaque
1186 1879 1342 1963 passione

167 1989 257 2053 rnulti
292 1994 366 2052 tune
400 1987 602 2055 Cretensium
636 1988 829 2054 Iudaeorum
862 1989 905 2053 ad
939 1988 1157 2053 Christianam
1190 1991 1342 2056 conuersi
1360 2002 1390 2050 15

167 2104 242 2165 sunt
263 2097 371 2163 fidcnr.

68 2214 146 2279 Xlll
256 2206 384 2273 Interea
412 2208 595 2274 incendium
625 2208 658 2273 in
686 2208 817 2274 ciuitate
840 2208 1199 2293 Constantinopolitano
1222 2209 1341 2274 iactum

169 2318 328 2403 paulatim
350 2320 498 2403 peruenit
520 2317 562 2384 ad
584 2319 727 2385 thermas
749 2338 832 2402 quae
855 2325 1011 2384 uocantur
1022 2319 1198 2399 Achilleae,
1223 2318 1343 2385 deinde

166 2427 210 2494 ad
230 2430 336 2495 locum
364 2430 419 2511 qui
447 2430 564 2494 dicitur
586 2429 750 2513 Pelargus‚
788 2430 834 2493 ita
861 2437 896 2493 ut
917 2430 1170 2494 Nouatianorunr
1200 2450 1343 2514 eompre-

170 2538 364 2606 henderctur
386 2540 531 2607 eeclesia.
576 2547 652 2605 tune
673 2539 773 2604 fertur
794 2540 929 2604 Paulum
953 2559 1064 2605 eorum
1086 2540 1272 2624 episcopum
1295 2541 1342 2603 in·
1358 2560 1391 2609 aa

171 2658 219 2714 ter
241 2648 388 2716 flammas
410 2651 569 2717 ecelesiae
591 2650 759 2731 restitisse,
791 2650 1027 2733 supplicantem
1056 2649 1117 2714 deo
1139 2670 1180 2713 ne
1203 2650 1343 2714 ecclesia

170 2760 290 2842 pariter
312 2767 516 2825 cremaretur.
561 2760 615 2843 qni
636 2761 727 2825 loeus
750 2766 879 2843 ereptus
909 2766 958 2826 est
985 2768 1017 2824 et
1040 2759 1194 2824 haetenus
1217 2759 1342 2823 decimo

171 2875 261 2933 sexto
289 2868 443 2935 kalendis
466 2870 666 2954 Septembris
695 2868 782 2952 apud
804 2869 1006 2935 Nouatianos
1029 2870 1173 2934 collectio
1201 2869 1343 2933 celebra-

168 2987 228 3042 tur.
272 2978 358 3043 hune
385 2988 493 3045 tamen
522 2980 626 3043 locum
655 2998 720 3043 non
749 2979 851 3043 solum
876 2978 1053 3045 Christiani
1083 2978 1140 3044 sed
1164 2980 1261 3043 etiam
1284 2979 1343 3041 Pa·

167 3088 244 3170 gani
267 3108 308 3153 ex
330 3110 368 3153 eo
391 3096 536 3174 ternpore
558 3095 763 3154 uenerantur.
809 3088 910 3170 erigit
931 3108 1016 3152 nune
1038 3089 1127 3153 loeus
1151 3087 1278 3153 edicere
1301 3086 1342 3152 de
1360 3109 1391 3158 25

169 3195 381 3263 haehaeresi
403 3197 489 3263 node
511 3206 624 3263 exorta
645 3204 705 3263 est.
751 3199 898 3263 Nouatus
921 3199 1030 3282 itaque
1052 3199 1222 3283 presbyter
1244 3198 1344 3262 eecle-

170 3306 239 3371 siae
253 3308 428 3390 Romanae,
452 3309 507 3391 qui
529 3316 661 3393 propter
682 3308 948 3392 persecutionem,
972 3328 1056 3393 quae
1080 3309 1139 3374 sub
1155 3308 1255 3373 Decio
1277 3308 1343 3372 ine-

173 3423 222 3481 rat
244 3417 336 3500 facta,
366 3438 402 3483 sc
424 3418 609 3502 episcopum
633 3418 739 3483 iacere
762 3426 794 3483 et
817 3418 1001 3484 Cornelium
1025 3419 1129 3484 eicere
1151 3418 1273 3500 uolens,
1298 3417 1313 3479 i
1333 3454 1344 3462 -

170 3526 259 3593 ciens
281 3528 461 3594 oblationes
484 3534 516 3593 et
537 3527 734 3613 dispertiens
756 3528 812 3592 uni
836 3529 952 3611 cuique
967 3530 1147 3613 portionem
1165 3535 1196 3593 et
1211 3527 1344 3592 tradens

173 3637 234 3704 hoc
255 3640 362 3704 iurare
384 3659 443 3724 pro
466 3637 658 3705 benedicere
680 3641 817 3705 miseros
841 3638 988 3704 hornines
1011 3639 1096 3722 eogit
1124 3648 1237 3704 tenens
1260 3644 1344 3701 utra·
1362 3658 1393 3708 aa

171 3769 233 3832 que
262 3770 360 3814 manu
390 3769 520 3815 manum
551 3748 740 3833 accipientis
768 3757 801 3814 et
827 3769 893 3814 non
921 3749 1087 3814 dimittens
1109 3748 1212 3812 donee
1232 3747 1344 3811 iurans

172 3859 253 3924 haec
276 3860 364 3925 dicat
392 3859 473 3925 ‘iura
501 3859 581 3924 mihi
610 3878 806 3944 percorpus
829 3869 860 3924 et
883 3860 1075 3942 sanguinem
1098 3858 1220 3922 domini
1243 3856 1345 3921 nostri

172 3970 247 4036 Iesu
270 3969 390 4035 Christi
421 3969 507 4055 quod
535 3990 710 4053 numquam
739 3968 914 4053 aliquando
942 3989 994 4033 me
1023 3968 1227 4050 derelinquas
1250 3975 1282 4031 et
1304 3965 1347 4029 ad

241 4249 382 4299 itomaru
401 4244 462 4310 BP,
494 4250 646 4317 auspicatum
667 4246 792 4310 Grutcro,
817 4259 955 4299 comarum
972 4242 1103 4298 Pithoeus
1190 4240 1348 4297 seernateil

173 4337 330 4391 coaluerant
347 4337 374 4391 D
442 4338 591 4393 5ncctrll
647 4343 675 4392 13
694 4338 832 4407 disparunt
849 4338 876 4392 ll
929 4342 959 4390 14
978 4338 1092 4391 leernatc
1110 4336 1136 4390 Ι)
1186 4337 1256 4391 hune
1275 4336 1347 4391 ital)

173 4431 206 4481 m
225 4424 273 4481 xio
292 4447 329 4483 m.
347 4433 400 4484 sne-1·
415 4430 441 4484 u
510 4436 542 4486 ae
560 4432 632 4486 nanc
649 4418 740 4486 lieres&
759 4431 786 4484 Β
855 4435 887 4485 aa
904 4429 952 4483 nnn
970 4429 996 4483 ι)
