2834 5394
473 650 581 698 mnnx
603 650 843 699 cnrrrvnonun
1181 633 1242 700 623

70 801 124 856 duo
142 800 175 855 de
189 800 319 869 Iugurtha
336 799 399 856 acti.
431 799 576 869 Iugurthae
592 800 633 855 in·
719 803 735 854 6
769 799 869 854 bellnm
904 798 1010 854 sociale
1062 795 1243 867 perniciosum

70 894 172 947 teritus.
202 892 337 948 Ciceronis
355 893 492 948 natiuitas.
521 893 633 948 obscae·
684 893 778 947 Liuius
802 892 908 946 Drusus
935 892 1059 945 tribunus
1085 890 1172 960 plebis
1198 904 1241 945 se·

71 1004 134 1040 num
152 992 179 1040 et
196 986 272 1040 triste
289 986 448 1055 prodigium
470 986 633 1056 supplicium
683 984 792 1040 ditionis
818 991 915 1040 auctor
946 985 1059 1039 Latinos
1087 997 1179 1038 omnes
1215 982 1243 1037 in

67 1079 103 1153 de
120 1079 206 1133 tribus
223 1079 378 1133 Vestalibus
395 1083 540 1149 sumptum.
683 1094 759 1134 arma
794 1078 920 1134 concitat.
981 1077 1108 1147 prodigiis
1158 1074 1242 1130 uariis

104 1176 135 1225 lt
172 1171 287 1227 Romam
320 1172 425 1241 aliquot
459 1171 580 1228 cladibus
615 1187 632 1226 a
682 1172 748 1228 urbs
764 1172 867 1227 territa
902 1170 985 1225 Drusi
1002 1169 1107 1224 caedes.
1144 1167 1242 1223 CScr·

70 1264 205 1333 Tigurinis
241 1264 340 1319 affecti.
392 1265 506 1321 Tolossa
549 1280 567 1319 a
600 1263 631 1334 Q.
682 1265 743 1321 nius
769 1271 879 1335 praetor
903 1263 1069 1319 interfectus.
1122 1261 1243 1332 prodigia

70 1357 203 1426 Caepione
221 1363 317 1425 capta,
334 1372 432 1412 aurum
448 1364 477 1413 et
492 1365 632 1428 argentum
682 1373 752 1429 quae
793 1363 995 1413 anoecoeserunt
1023 1357 1077 1411 ista
1118 1357 1245 1411 intestina

70 1449 132 1504 inde
149 1451 219 1504 male
236 1465 370 1504 auersum.
682 1451 760 1506 bella.

717 1549 731 1597 'l
768 1543 816 1598 Cu.
834 1543 979 1612 Pompeius
997 1548 1106 1611 praetor
1123 1541 1244 1596 aPicen-

337 1647 364 1711 v
683 1638 756 1693 tibus
784 1637 888 1701 uictus,
923 1652 941 1690 a
967 1635 1130 1690 Samnitibus
1160 1635 1245 1691 Iulius

683 1730 792 1786 Caesar.
827 1729 921 1783 Rutilii
945 1745 999 1783 cos.
1025 1729 1120 1783 infelix
1154 1744 1245 1798 pugna
1349 1775 1352 1781 .

107 1826 116 1873 t
155 1821 338 1877 Romanmm
369 1823 463 1891 ingens
495 1823 585 1878 clades
614 1839 632 1878 a

71 1912 184 1968 Cimbris
209 1914 339 1970 Teutonis
358 1915 492 1984 Tigurinis
515 1916 630 1971 Ambro-

70 2006 148 2061 nibus
174 2014 297 2076 accepta.
332 2007 436 2063 Romae
460 2009 520 2064 ideo
546 2010 631 2064 maxi-

68 2115 128 2154 mus
145 2101 234 2155 luctus
264 2106 291 2155 et
306 2101 455 2170 trepidatio.
491 2102 522 2169 Q.
532 2102 634 2158 Fabius

68 2192 200 2247 Maximus
217 2193 354 2262 parricidii
380 2194 521 2250 damnatus
539 2196 574 2251 ob
592 2196 633 2251 in·

69 2285 211 2341 terfectum
233 2286 325 2341 filium.

103 2383 118 2432 2
153 2379 241 2434 Mario
272 2379 372 2435 bellum
395 2381 558 2437 Cimbricum
586 2383 632 2438 de·

67 2478 171 2526 cretum
218 2473 328 2543 eiusque
363 2475 496 2544 expeditio
531 2481 558 2531 et
599 2477 633 2531 de

70 2565 205 2633 Tigurinis
239 2567 476 2636 Ambronibusque
509 2569 632 2634 uictoria,

68 2673 182 2725 quorum
200 2658 323 2713 inuberes
342 2674 371 2714 se
388 2661 508 2729 paruulis
524 2662 579 2716 suis
597 2660 632 2716 ad

68 2765 135 2803 saxa
153 2750 251 2804 collisis
269 2750 341 2805 ferro
355 2766 388 2807 ac
398 2753 543 2823 suspendio
560 2754 631 2822 peri·

69 2850 154 2896 munt.

103 2939 118 2989 3
154 2935 234 2988 Marii
247 2943 274 2990 et
283 2936 372 2989 Catuli
389 2937 499 3005 insignis
517 2939 633 2993 uictoria

69 3029 102 3083 de
127 3027 240 3083 Cimbris
264 3036 292 3082 et
317 3028 492 3085 Teutonibus.
528 3048 632 3101 pugna-

67 3129 124 3176 tum
167 3138 219 3176 non
244 3122 301 3176 sine
326 3123 419 3178 labore
451 3139 511 3177 cum
539 3140 631 3179 earum

66 3215 184 3282 gentium
201 3215 357 3271 mulieribus
374 3216 523 3286 harumque
539 3219 633 3274 uanae

683 1823 850 1878 cumMarsis
860 1830 887 1878 et
898 1822 1003 1887 caedes,
1020 1837 1101 1890 quam
1117 1822 1244 1878 continuo

683 1916 803 1972 uindicat
819 1917 931 1971 ilarius.
968 1915 1066 1985 Caepio
1093 1915 1245 1970 aVestinis

684 2018 713 2066 et
734 2011 832 2065 Marsis
856 2026 917 2065 cum
941 2009 1060 2063 exercitu
1082 2008 1242 2064 trucidatus

683 2104 744 2158 iulii
761 2103 885 2158 Caesaris
904 2102 936 2157 de
953 2101 1118 2156 Samnitibus
1145 2107 1172 2155 et
1188 2101 1244 2157 Ln-

684 2197 761 2253 eanis
783 2196 912 2260 uictoria,
939 2210 993 2264 qua
1016 2202 1125 2249 senatus
1143 2195 1246 2251 Romae

683 2291 773 2346 animo
791 2294 901 2358 recepto
919 2293 996 2357 togas
1014 2288 1165 2357 resumpsit.
1183 2288 1244 2343 Ma·

682 2384 716 2440 rii
733 2383 788 2438 alia
804 2382 918 2437 uictoria
936 2381 969 2436 de
980 2382 1088 2436 Marsis
1116 2382 1246 2437 Aesernia

684 2493 701 2532 a
725 2476 757 2530 L.
777 2475 851 2531 Sulla
872 2481 988 2530 seruata.
1023 2475 1147 2529 Picentes
1169 2474 1246 2542 gram

683 2570 785 2640 proelio
804 2569 957 2638 aPompeio
976 2567 1056 2623 caesi.
1081 2568 1147 2622 uicti
1161 2568 1244 2623 Etru·

683 2663 721 2718 sci
739 2668 766 2716 et
782 2661 885 2715 Vmbri.

718 2759 733 2809 8
767 2754 896 2809 Meuium
914 2754 959 2807 diu
976 2754 1116 2807 obsessum
1134 2753 1245 2808 aPom-

683 2848 744 2917 peio
761 2847 968 2914 Marsorumque
985 2845 1149 2899 multamilia
1156 2860 1243 2900 caesa.

683 2940 838 2993 Italicorum
856 2945 973 3008 quatuor
988 2938 1089 2992 milium
1106 2953 1178 2992 mors
1195 2938 1244 2993 mi·

684 3032 806 3086 serabilis
811 3031 917 3100 frigoris
926 3032 1013 3100 rigore
1024 3029 1243 3086 exanimatorum.

683 3125 808 3179 Picentes
825 3125 921 3179 iterum
930 3125 1003 3179 uicti.
1030 3124 1151 3179 ludacilii
1168 3124 1245 3180 ducis

684 3233 776 3273 eorum
793 3218 962 3272 uoluntarius
979 3217 1111 3272 interitus.

67 3315 173 3363 mortes.
210 3309 298 3364 Mario
316 3316 343 3363 et
360 3308 457 3365 Catulo
480 3311 632 3381 triumphus
717 3316 733 3364 9
768 3311 859 3366 Sullae
883 3311 916 3365 de
933 3311 1097 3365 Samnitibus
1122 3309 1244 3366 uictoria

69 3402 200 3456 decretus.
681 3404 798 3458 iuuentii
816 3404 903 3458 Italici
920 3404 996 3458 ducis
1014 3403 1147 3458 interitus.
1175 3403 1242 3459 Por·

102 3500 116 3546 t
152 3494 269 3548 Malleoli
287 3496 443 3550 matricidae
460 3497 630 3567 supplicium.
681 3497 739 3552 cius
757 3496 826 3552 Cato
853 3513 907 3552 cos.
935 3513 952 3551 a
979 3496 1033 3552 tilio
1058 3496 1086 3551 O.
1105 3497 1186 3551 Marii
1216 3497 1244 3552 in

67 3589 226 3655 grauuissima
249 3588 358 3651 seditio,
391 3591 468 3644 euius
496 3605 580 3645 eausa
597 3591 629 3646 L.
680 3591 797 3644 tumultu
819 3590 882 3644 belli
904 3597 1056 3660 prostratus
1087 3591 1122 3646 ob
1146 3606 1245 3646 uanam

69 3686 218 3756 Appuleius
252 3686 421 3739 Saturninus.
474 3683 530 3737 eins
570 3701 630 3738 cum
681 3683 874 3752 gloriationem.
916 3684 1064 3739 Marrucini
1086 3684 1245 3755 vestinique

69 3781 98 3847 Q.
106 3779 216 3834 Metello
225 3777 367 3833 Numidico
385 3776 546 3830 inimicitiae.
571 3776 631 3830 Ma·
682 3778 782 3831 uastmi
813 3777 966 3846 aSulpicio
996 3778 1084 3846 legato
1114 3778 1243 3847 Pompeii.

68 3874 100 3926 rii
134 3871 264 3927 Glauciae
297 3870 435 3925 Saturnini
467 3870 630 3939 conspiratio
681 3871 843 3938 Pompedius
878 3878 904 3923 et
928 3870 1053 3925 Obsidius
1088 3870 1122 3924 ab
1150 3871 1244 3926 eodem

69 3965 319 4027 contraMetellum,
338 3962 503 4033 quitandem
522 3964 631 4019 exulare
682 3965 804 4033 oppressi
837 3968 864 4017 et
886 3964 977 4017 occisi.
1012 3963 1141 4017 Asculum
1164 3964 1243 4019 Pom-

68 4060 179 4128 cogitur.
215 4059 333 4113 Memmii
352 4057 455 4112 caedes.
681 4058 757 4125 peius
781 4057 917 4124 ingressus
941 4057 1052 4124 eiusque
1068 4056 1198 4112 seueritas
1215 4058 1243 4112 in

101 4158 115 4205 5
152 4152 288 4207 Saturnini
312 4152 424 4206 infames
451 4165 542 4205 ansus.
583 4150 628 4204 cui
680 4151 777 4205 uictos.
812 4149 916 4204 Aerarii
933 4149 1049 4202 Romani
1065 4149 1165 4218 inopia.
1193 4149 1242 4205 So·

66 4262 94 4300 se
114 4246 217 4300 Marius
245 4244 354 4298 tandem
387 4244 507 4312 opponit.
550 4259 628 4313 proe-
680 4243 757 4296 thimi
791 4244 861 4312 regis
895 4243 924 4296 in
957 4241 1097 4296 Graeciam
1130 4243 1242 4312 irruptio

66 4340 130 4393 lium
149 4338 312 4393 intestinum.
341 4337 479 4391 Saturnini
498 4337 629 4391 Glauciae
680 4336 789 4391 tandem
807 4352 826 4390 a
854 4335 883 4390 C.
902 4336 994 4391 Sentio
1012 4343 1131 4404 superat.

67 4433 179 4486 aliorum
206 4432 311 4487 caedes.
370 4430 404 4485 de
422 4430 522 4484 Metelli
540 4430 628 4484 reditu
752 4435 783 4482 to
817 4430 931 4498 primurn
957 4429 1036 4484 ciuile
1063 4428 1162 4482 bellum
1185 4444 1242 4483 mo·

67 4526 170 4591 rogatio
205 4525 391 4594 promulgata,
434 4524 511 4591 eique
545 4523 627 4577 inter·
681 4528 739 4575 tum
783 4528 810 4576 et
841 4522 1063 4577 Mithridaticum.
1106 4522 1168 4576 belli
1204 4523 1241 4578 ci·

68 4633 171 4673 cessum
203 4634 220 4672 a
253 4617 382 4672 factiosis.
430 4616 523 4671 Rutilii
562 4616 630 4669 inte-
683 4615 744 4668 uilis
771 4630 855 4669 causa
877 4615 982 4669 Marius
1009 4615 1152 4684 septimum
1177 4631 1241 4670 con·

66 4711 173 4779 gerrimi
189 4711 241 4767 tciri
265 4710 452 4766 condemnatio
471 4714 497 4764 et
515 4709 630 4764 exilium.
684 4708 801 4762 sulatum
849 4707 981 4763 affectans
1023 4716 1050 4762 et
1086 4716 1117 4762 nt
1149 4714 1244 4764 conus
