2834 5394
176 242 240 306 580
688 257 781 306 cmm
802 258 872 306 xxv

176 428 249 472 cum
273 409 354 493 ipsis
376 415 478 485 erant
502 407 699 475 debellasset
719 415 817 494 atquc
846 408 993 486 uicisset,
1017 405 1291 491 comprehendit
1313 405 1376 470 illos

177 525 211 583 ct
232 518 392 583 interfecit
413 518 632 584 Andronicum
662 518 863 604 spatharium
890 525 924 583 et
944 514 1177 582 turmarcham
1203 535 1327 582 eornm
1351 525 1377 580 ct

178 626 395 711 Theophilum
423 628 639 693 turmarcham
668 635 766 712 atque
788 627 979 711 Gregorium
1008 627 1216 710 episcopum
1249 627 1377 711 Sinope,

179 736 321 822 reliquos
344 756 421 802 uero
444 756 549 802 rerum
578 738 710 804 iacturis
738 743 771 803 et
802 737 983 821 sumptibus
1011 743 1045 801 et
1065 736 1379 822 proscriptionibus

178 845 333 911 subdidit.
376 866 472 931 porro
495 846 583 913 mille
605 847 728 914 uinctos
751 847 913 913 exercitus
935 847 1078 931 ipsorum
1103 846 1308 913 introduxit
1328 850 1401 932 peri

180 954 434 1020 Blacbemarum
455 962 582 1040 portam
610 957 644 1021 in
671 956 799 1038 urbem,
831 976 965 1040 quorum
999 955 1152 1021 faciebus
1188 965 1380 1022 atramento

179 1071 212 1128 ct
226 1064 453 1145 punctionibus
469 1066 698 1150 suprascripsit
714 1065 942 1132 ‘Armeniacus
957 1064 1140 1131 insidiatcr'
1162 1074 1203 1132 et
1220 1066 1381 1152 dispersit

179 1189 236 1237 ecs
265 1178 331 1236 tam
359 1173 393 1237 in
424 1173 568 1239 Siciliam
595 1196 693 1260 quam
721 1176 755 1241 in
778 1183 902 1241 ceteras
930 1176 1064 1240 insulas.
1110 1175 1280 1240 Armenii
1303 1195 1380 1241 sanc

178 1279 361 1364 proditores
384 1302 493 1349 eorum
515 1283 596 1350 nihil
618 1285 660 1349 ab
682 1285 876 1370 imperatore
904 1284 1035 1350 honoris
1064 1302 1125 1350 seu
1156 1284 1378 1350 liberalitatis

181 1392 321 1457 assecuti
341 1400 480 1460 castrum
503 1393 687 1459 Camacban
710 1394 873 1461 Arabibus
896 1393 1106 1459 tradiderunt.
1394 1394 1414 1443 Ν

23 1490 189 1564 xxxnn
266 1502 360 1568 Anno
376 1503 504 1588 imperii
520 1501 723 1569 Constantini
739 1511 851 1588 quarto
873 1509 1027 1588 ceperunt
1039 1502 1170 1569 Arabes
1186 1503 1378 1570 Thebasan

180 1616 321 1678 castrum
349 1613 409 1679 sub
439 1612 537 1678 uerbo
565 1619 696 1697 propter
723 1613 809 1697 quod
831 1621 863 1678 et
884 1613 1046 1697 principes
1075 1612 1147 1678 eius
1170 1612 1378 1680 dimiserunt

181 1720 225 1787 ad
245 1723 386 1807 propria.

265 1831 359 1895 Anno
381 1830 509 1915 imperii
531 1831 582 1897 sui
604 1832 715 1915 quinto
730 1831 962 1898 Constantinus
985 1829 1059 1895 odio
1081 1829 1212 1897 habens
1230 1832 1375 1898 Mariam

181 1957 313 2004 uxorem
336 1958 428 2005 suam
450 1941 678 2006 summissione
700 1943 812 2008 matris
834 1961 914 2008 suae
934 1940 1152 2026 principatum
1175 1942 1375 2026 appetentis
1397 1945 1415 1993 ¹³

181 2053 213 2112 ct
235 2064 297 2127 quo
319 2048 361 2112 ab
376 2047 524 2114 omnihus
540 2049 806 2133 reprehensibilis
821 2051 1017 2116 iudicaretur
1036 2050 1236 2133 affectantis,
1264 2052 1375 2136 coegit

180 2173 254 2221 earn
277 2162 311 2220 ut
332 2156 423 2222 fieret
450 2157 622 2240 monacha,
652 2179 748 2241 quam
777 2180 848 2225 cum
881 2160 1061 2226 inflexisset
1087 2159 1232 2224 totondit
1258 2180 1373 2227 mense

180 2264 332 2331 Ianuario
356 2275 387 2333 ct
407 2267 511 2352 Aprili
534 2286 644 2334 mense
666 2270 766 2333 mouit
794 2271 968 2336 exercitum
998 2268 1155 2334 aduersus
1179 2269 1320 2337 Arabes
1340 2276 1372 2336 et

181 2394 294 2442 mense
315 2376 401 2443 Maio
423 2377 542 2444 bellum
565 2378 670 2444 iniens
693 2398 763 2443 cum
787 2400 850 2443 uno
873 2399 967 2445 cursu
988 2379 1131 2463 ipsorum
1153 2377 1190 2442 in
1213 2380 1292 2445 loco
1315 2380 1371 2462 qui

180 2484 298 2551 dicitur
312 2488 447 2554 Anusan
463 2487 539 2553 uicit
554 2489 650 2553 uertit
671 2496 702 2554 et
717 2489 777 2554 hos
791 2488 954 2555 insecutus
977 2494 1026 2553 est
1041 2507 1143 2570 nsque
1158 2486 1205 2551 ad
1221 2508 1367 2554 aaronem.
1384 2496 1409 2545 2¹]

181 2602 304 2659 etcum
328 2598 472 2664 uenisset
491 2598 655 2682 Ephesum
678 2605 709 2664 et
730 2597 818 2681 apud
840 2599 1007 2662 Dcilocum
1029 2597 1193 2662 orationes
1219 2598 1367 2680 iecisset,

180 2708 406 2771 commercium
428 2707 653 2791 nundinarum,
677 2706 764 2792 quod
786 2714 912 2772 centum
935 2714 1004 2773 erat
1025 2706 1094 2770 auri
1117 2705 1300 2790 librarum,
1323 2709 1368 2772 in-

182 2810 296 2895 dulsit,
320 2816 362 2880 ad
390 2818 577 2882 famulatum
607 2817 709 2882 sancti
737 2816 892 2882 lobannis
921 2816 1070 2900 apostoli.
1114 2815 1265 2898 Augusto
1292 2836 1368 2882 uero

181 2943 291 2990 mense
304 2929 471 2991 coronauit
486 2929 659 3010 imperator
674 2925 863 2991 Theodoten
879 2926 1109 2991 cubiculariam
1125 2925 1367 3009 inAugustam,

181 3039 213 3097 et
234 3033 445 3118 desponsauit
466 3056 538 3100 cam
561 3037 680 3120 inique.
1384 3041 1408 3089 '5

26 3142 154 3209 XXXV
268 3143 363 3207 Anno
386 3144 512 3227 imperii
535 3145 585 3210 sui
607 3153 699 3212 scxto
721 3144 896 3209 indictione
912 3144 1017 3228 prima
1032 3143 1210 3208 celebrauit
1225 3145 1368 3228 impera-

181 3257 230 3315 tor
250 3251 481 3320 Constantinus
505 3273 576 3318 cum
598 3253 765 3321 Theodoto
786 3255 970 3339 nuptiarum
999 3253 1159 3337 principia
1181 3253 1215 3317 in
1240 3257 1368 3338 palatio

181 3361 283 3428 sancti
318 3363 444 3429 Maurae
476 3384 534 3449 per
567 3363 638 3431 dics
673 3365 890 3449 quadraginta
923 3365 1195 3448 prolongatarum.
1251 3385 1368 3431 mense

181 3492 257 3538 uero
279 3473 384 3558 Aprili
414 3474 558 3541 eiusdem
587 3474 772 3540 indictionis
808 3480 963 3538 nocturno
999 3481 1142 3556 tempore
1178 3472 1285 3539 lactus
1317 3482 1369 3541 est

179 3588 401 3651 terraemotus
423 3585 456 3649 in
479 3585 586 3650 insula
602 3586 697 3651 Creta
719 3583 815 3649 ualde
837 3583 1001 3663 terribilis,
1025 3601 1136 3647 menso
1149 3588 1259 3647 autern
1275 3585 1366 3651 Maio
1384 3594 1412 3644 ao

180 3694 283 3759 factus
306 3701 355 3759 est
376 3694 656 3780 Constantinopoli
686 3695 781 3761 nimis
796 3693 970 3759 horribilis.
1015 3690 1195 3756 Cardamus
1218 3701 1369 3775 praeter-

181 3822 222 3869 ca
243 3802 392 3870 dominus
408 3805 581 3888 Bulgariae
599 3804 802 3870 denuntiauit
824 3803 1010 3887 imperatori
1031 3801 1142 3866 dicens
1167 3800 1232 3866 ‘aut
1254 3803 1368 3871 tribue

181 3911 261 3975 mibi
284 3922 379 3997 pacta
406 3925 462 3978 aut
484 3915 612 3980 ueniam
642 3934 743 3995 usque
766 3913 808 3978 ad
830 3932 961 3978 auream
984 3919 1125 3996 portam,
1150 3916 1182 3974 et
1204 3909 1369 3978 demoliar

216 4091 480 4098 .,..-,---——-.

251 4188 266 4238 3
294 4169 392 4255 lynopri
420 4186 445 4241 D
560 4185 783 4254 Adsumptrhui
807 4201 857 4238 om.
885 4182 911 4237 D
1022 4181 1079 4234 l&
1091 4183 1231 4251 posterius
1259 4199 1313 4235 cm.
1341 4185 1370 4240 D

188 4283 217 4330 19
246 4279 352 4332 mhreol
376 4278 403 4333 D
475 4283 504 4333 21
526 4257 660 4334 dilocirll
715 4277 838 4332 fecrrsent
856 4255 1030 4329 comertrirD
1129 4279 1161 4328 *Η
1179 4259 1310 4330 theodote
1342 4279 1371 4332 Ι)

183 4371 216 4422 25
235 4369 446 4438 drlponlaurtl)
514 4376 547 4427 ts
565 4385 650 4426 mame
668 4371 695 4425 D
762 4375 792 4424 31
813 4350 1080 4437 contantrnopolib
1149 4372 1181 4422 32
1200 4367 1325 4439 uulgarrq
1340 4370 1370 4425 D
