2834 5394
177 221 240 286 508
656 233 748 282 LIBRI
769 232 858 281 xxm

176 388 251 456 illos
273 386 402 470 quidem
425 386 624 468 occidemus,
653 392 685 451 te
707 392 814 452 autem
843 385 1073 455 occultabimus
1105 386 1222 455 donec
1245 409 1372 458 coacer-

179 504 270 567 uetur
300 498 438 584 populus
470 503 581 564 noster
613 502 646 561 et
677 495 724 562 sic
757 494 957 561 concorditer
984 496 1218 581 ingrediemur
1248 507 1369 568 terram

176 609 339 695 ipsorum!
367 607 454 692 quod
475 613 508 674 et
529 606 646 672 iactum
668 613 727 671 cst.
759 604 992 691 comprehenso
1014 607 1159 692 denique
1182 610 1368 696 Spatbario

176 738 249 786 cum
270 717 456 785 bominibus
477 716 548 784 eius
570 715 662 782 missi
684 715 886 800 Abasgorum
908 716 1088 785 uincientes
1111 737 1190 784 eum
1216 721 1366 788 abibant

177 829 254 898 dein
281 837 367 896 retro
396 827 562 895 uenientes
584 826 682 893 Alani
710 847 781 891 cum
803 824 936 892 Hiotaxi
967 826 1098 894 domino
1121 849 1184 896 suo
1211 832 1393 899 occidunte

176 939 336 1023 Abasgos
353 937 561 1023 spatharium
583 937 790 1003 occultantes.
813 943 846 1004 et
865 937 978 1004 clectis
1001 937 1159 1005 militibus
1181 948 1299 1008 motus
1314 952 1364 1010 est

176 1050 211 1116 in
226 1048 405 1134 Abasgiam
421 1054 453 1113 et
467 1048 630 1131 insperate
645 1049 791 1113 clusuras
813 1047 980 1130 ingressus
996 1049 1130 1114 multam
1153 1051 1189 1116 in
1205 1051 1363 1137 Abasgos

175 1157 332 1246 praedam
354 1164 386 1225 et
406 1157 632 1224 exterminium
654 1163 807 1242 operatus
830 1163 889 1225 est.

87 1263 156 1331 1111
263 1269 389 1347 Quibus
418 1267 538 1334 auditis
566 1267 764 1334 lastinianus
793 1275 826 1333 et
853 1275 1016 1351 comperto
1045 1268 1260 1352 quodetiam
1291 1273 1361 1340 sine

178 1379 326 1467 pecuniis
340 1384 516 1465 praecepta
538 1398 598 1444 sua
619 1377 685 1445 sint
706 1385 779 1443 acta
789 1377 888 1443 mittit
901 1378 1026 1444 litteras
1040 1378 1083 1444 ad
1097 1377 1255 1466 Abasgos
1274 1381 1359 1467 ‘quia
1375 1399 1400 1448 rc

178 1490 208 1559 si
222 1490 357 1557 saluum'
371 1489 522 1574 inquiens
537 1487 760 1574 ‘Spatharium
776 1494 920 1554 nostrum
936 1487 1151 1556 custodieritis
1174 1498 1208 1556 et
1223 1512 1288 1577 per
1302 1514 1358 1561 uos

178 1602 327 1668 illaesum
360 1599 499 1666 transire
529 1598 741 1684 permiseritis
773 1618 886 1666 omnes
919 1618 1071 1666 excessus
1104 1607 1232 1669 uestros
1264 1603 1357 1671 uobis

178 1710 394 1798 ignoscimus!
437 1715 471 1775 at
498 1709 546 1775 illi
573 1727 645 1774 cum
674 1706 793 1791 gaudio
821 1707 873 1775 his
902 1709 1041 1793 receptis
1068 1709 1226 1777 miserunt
1249 1713 1356 1780 denuo

178 1823 213 1889 in
234 1821 386 1887 Alaniam
407 1818 614 1905 perhibentes
644 1817 808 1885 ‘dabimus
836 1818 930 1885 uobis
958 1818 1089 1886 obsides
1117 1819 1202 1888 filios
1224 1832 1356 1891 nostros

178 1938 212 1999 et
243 1929 318 1995 date
350 1929 445 1994 nobis
476 1927 683 2013 Spatbarium
712 1935 747 1993 ut
774 1928 937 1995 mittamus
959 1948 1032 1994 eum
1056 1928 1098 1994 ad
1119 1930 1357 2000 lastinianum!
1372 1947 1398 1997 ta

178 2058 290 2106 uerum
319 2037 512 2123 Spatbarius
544 2036 604 2102 boe
636 2035 806 2104 admittere
838 2039 942 2105 noluit
969 2058 1119 2107 asserens
1148 2042 1246 2108 ‘ualet
1275 2044 1356 2110 mihi

179 2149 259 2217 deus
281 2147 409 2232 aperire
437 2146 553 2213 ostium
582 2146 731 2212 exeundi.
775 2168 850 2213 nam
878 2168 937 2233 per
959 2147 1135 2233 Abasgiam
1164 2169 1230 2219 non
1253 2155 1356 2220 exeo!

178 2267 252 2347 post
273 2257 405 2342 aliquod
427 2275 503 2323 uero
525 2265 652 2342 tempus
675 2276 746 2322 curn
769 2257 928 2325 exercitus
950 2259 1165 2325 Romanorum
1188 2269 1221 2327 et
1242 2264 1356 2331 Arme-

178 2371 304 2439 niorum
320 2368 458 2453 ingressi
473 2372 585 2434 essent
600 2368 633 2434 in
648 2367 799 2433 Lazicam
815 2367 1101 2454 etArchaeopolim
1116 2382 1353 2456 expugnarent,

179 2482 413 2549 Saracenorum
436 2477 547 2543 audito
569 2477 711 2545 aduentu
731 2485 943 2545 recesserunt.
981 2481 1124 2564 separati
1146 2500 1223 2546 uero
1247 2503 1289 2550 ex
1305 2485 1355 2552 eis
1369 2489 1399 2541 2⁰

178 2611 281 2676 usque
304 2589 346 2655 ad
369 2590 524 2656 ducentos
547 2586 763 2654 ascenderunt
792 2587 826 2653 in
847 2596 956 2673 partes
978 2589 1124 2673 Apsiliae
1152 2597 1251 2676 atque
1268 2592 1354 2660 Cau·

179 2700 339 2767 casiorum
362 2698 516 2763 montium
538 2696 786 2783 depraedantes.
832 2698 1004 2766 Saracenis
1033 2720 1112 2766 sane
1134 2701 1176 2766 ad
1197 2702 1354 2770 Lazicam

178 2808 383 2877 uenientibus
411 2809 488 2890 luga
515 2808 627 2892 lapsus
653 2809 868 2874 Romanorum
897 2807 1184 2894 armeniorumque
1212 2816 1355 2898 populus

178 2920 301 2988 Phasin
324 2938 473 2984 remeans
495 2915 585 2983 adiit.
615 2916 744 2982 ducenti
765 2935 842 2982 uero
865 2917 911 2982 illi
930 2927 1111 2986 remeantes
1133 2917 1167 2985 in
1183 2920 1356 2993 Caucasiis

178 3037 296 3096 stetere
318 3026 479 3092 montibus
501 3025 730 3091 latrocinantes
759 3031 791 3090 et
813 3026 862 3092 sui
892 3025 1152 3113 desperationem
1180 3033 1353 3116 patientes.
1371 3044 1403 3094 sc

130 3137 161 3204 V
266 3137 338 3215 Quo
359 3141 522 3219 comperto
543 3135 640 3200 Alani
667 3134 814 3200 arbitrati
841 3143 915 3202 sunt
937 3139 1170 3205 multitudinem
1193 3144 1355 3211 Romano-

178 3267 248 3314 rum
270 3247 305 3312 in
326 3244 494 3310 Caucasiis
515 3244 678 3310 montibus
701 3263 775 3310 esse
800 3244 1042 3331 gaudentesque
1064 3249 1155 3315 aiunt
1177 3252 1354 3335 Spatbario

177 3356 329 3425 ‘Romani
351 3354 628 3440 appropinquant,
651 3374 750 3439 perge
778 3355 821 3421 ad
850 3356 924 3422 eos'
967 3356 1147 3444 adsumptis
1170 3381 1247 3445 ergo
1270 3364 1353 3449 Spa-

175 3468 301 3535 tharius
329 3466 443 3533 Alanis
472 3465 707 3548 quinquaginta
734 3464 885 3532 trausiuit
912 3484 983 3531 cum
1012 3471 1240 3554 cyclopedibus
1263 3474 1352 3541 Maio

176 3599 287 3646 mense
311 3577 486 3644 Caucasias
508 3583 632 3641 montes
655 3581 687 3640 et
708 3575 832 3641 inuenit
854 3594 919 3642 eos.
950 3577 1036 3643 unde
1059 3580 1192 3644 multum
1214 3585 1351 3665 gauisus
1370 3595 1404 3644 eo

178 3689 402 3758 sciscitabatur
431 3687 562 3751 ubinam
590 3692 676 3753 esset
703 3686 867 3771 populus?
901 3686 955 3768 qui
984 3686 1133 3754 dixerunt
1162 3690 1353 3762 ‘Saracenis

176 3799 370 3865 irruentibus
392 3799 424 3862 in
442 3796 632 3862 Romaniam
648 3795 769 3861 reuersi
791 3801 876 3861 sunt.
905 3815 965 3862 nos
988 3804 1093 3863 autem
1116 3820 1180 3866 non
1203 3804 1353 3871 ualentes

244 4091 456 4161 rrrngredmmur
473 4095 537 4153 (ram
556 4094 584 4147 in
595 4084 667 4159 'roal
687 4094 712 4150 Ι)
777 4092 984 4168 3dcn1q·m1il1
1003 4081 1133 4160 abasgorfi
1164 4095 1298 4164 spathario
1317 4084 1350 4152 cd

174 4183 302 4250 hom1n1b3
321 4186 377 4238 erni
393 4186 582 4241 uincienteil)
650 4189 815 4246 berectilD
884 4196 912 4245 ll
933 4189 1006 4259 quali
1022 4192 1027 4256 Ι
1043 4171 1160 4244 saluii)
1245 4196 1273 4244 16
1293 4208 1349 4246 am-

176 4275 316 4330 mitterel)
370 4283 399 4330 17
417 4258 575 4334 horario·
626 4283 656 4333 18
674 4281 777 4351 miquot
794 4282 821 4337 D
896 4288 927 4337 19
944 4282 1126 4350 archeopobm
1145 4284 1306 4350 expugnarit
1325 4284 1351 4338 D

178 4370 209 4420 tl
229 4371 396 4424 remanentes
411 4369 438 4424 Ι)
504 4375 536 4426 28
554 4349 698 4437 aripuit>
