3266 5082
276 319 341 382 260
577 311 584 322 '
788 331 881 378 mear
903 329 940 376 xr

278 483 466 552 desiderata
488 503 524 550 se
546 481 653 550 dicere
675 481 837 550 fateretur.
881 481 910 549 is
933 501 1006 549 eum
1028 481 1209 568 perducens
1230 479 1274 546 ad
1288 477 1451 564 quendam

279 595 437 661 idolorum
459 595 563 660 locum
588 600 620 661 et
642 593 858 660 intromittens
880 594 914 657 in
928 591 1061 678 adytum
1077 589 1261 659 seductores
1276 589 1453 657 daemones

280 706 429 772 euocauit
460 704 577 790 quibus
610 703 809 771 sollemniter
840 702 1075 788 apparentibus
1103 709 1225 770 terrore
1252 701 1455 787 compellitur

279 814 425 882 lulianus
452 815 486 880 in
516 815 620 882 fronte
649 834 710 881 sua
738 813 841 880 crucis
864 812 1067 897 signaculum
1089 813 1237 880 formare.
1281 819 1357 879 tunc
1379 811 1455 877 dae

281 944 394 992 mones
416 926 542 1011 tropaei
564 924 717 991 dominici
739 923 875 1009 figuram
897 924 1110 1009 respicientes
1132 928 1265 1009 repente
1287 921 1488 1008 disparuec

281 1043 365 1102 runt.
411 1034 495 1120 quod
518 1055 699 1120 agnoscens
721 1055 836 1118 magns
858 1033 964 1119 coepit
979 1035 1110 1120 culpare
1124 1034 1296 1099 lulianum.
1323 1033 1384 1106 ,ad
1398 1034 1455 1100 ille

282 1153 437 1212 terrorem
460 1143 657 1229 significauit
679 1152 711 1211 et
733 1144 836 1212 crucis
858 1163 894 1212 se
909 1143 992 1210 dixit
1013 1144 1220 1229 obstupuisse
1242 1145 1392 1210 uirtutem
1416 1163 1454 1210 eo

283 1254 371 1340 quod
392 1254 539 1322 uidentes
561 1254 623 1320 hoc
638 1255 766 1339 signum
782 1254 959 1322 daemones
974 1261 1185 1322 euanoerunt.
1230 1275 1326 1340 porro
1341 1274 1456 1338 magus

284 1369 360 1430 ‘non
381 1365 442 1452 hou
465 1364 639 1450 suspiceris
662 1365 767 1450 inquit
789 1385 807 1430 o
830 1364 914 1431 bone
936 1366 986 1430 uir
1008 1365 1085 1449 quia
1107 1365 1281 1430 timuerunt
1303 1365 1386 1431 sicut
1406 1364 1456 1430 ais

283 1474 343 1542 sed
364 1474 541 1542 abominati
563 1475 624 1541 hoc
646 1476 773 1559 signum
796 1475 904 1560 potius
925 1474 1171 1542 abscesserunt.
1216 1481 1249 1540 et
1262 1475 1309 1540 ita
1323 1475 1457 1560 capiens
1475 1481 1506 1532 1⁰

283 1585 437 1654 miserum
460 1585 534 1652 odio
549 1586 686 1672 repleuit
702 1584 878 1652 Christiani
894 1584 1053 1669 signaculi
1067 1585 1240 1651 Iulianum.
1283 1591 1358 1670 post
1375 1585 1457 1650 haec

283 1696 382 1780 igitur
411 1695 619 1763 Constantius
653 1695 801 1761 euocauit
831 1695 991 1761 Iulianum
1025 1702 1056 1761 et
1088 1695 1254 1762 constituit
1282 1693 1457 1762 Caesarem

285 1806 424 1892 septimo
446 1806 519 1874 idus
533 1805 728 1872 Nouembris
750 1805 896 1890 dansque
913 1805 942 1873 ei
958 1806 1126 1889 coniugem
1142 1805 1299 1872 Helenam
1316 1823 1458 1871 sororem

286 1937 389 2000 suam,
428 1935 511 2000 quae
533 1914 725 1982 Constantia
746 1914 833 1982 dicta
855 1922 912 1994 est
951 1922 1062 1982 uonna
1090 1914 1246 1982 barbaros
1267 1935 1340 1980 eum
1363 1914 1460 1981 desti-

285 2027 377 2091 nauit
398 2025 441 2090 ad
463 2026 598 2092 Gallias.
642 2025 676 2090 hi
698 2045 839 2111 namque
860 2025 1001 2107 barbari,
1025 2045 1159 2110 quorum
1181 2026 1356 2110 imperator
1378 2024 1459 2090 Con·
1480 2029 1507 2080 ¹5

288 2136 427 2203 stantius
446 2141 562 2219 contra
575 2135 796 2218 Magnentium
820 2135 943 2202 solacia
964 2137 1102 2221 petierat
1123 2155 1194 2200 cum
1217 2135 1300 2201 nihil
1322 2135 1458 2220 proluis·

287 2251 361 2312 sent
382 2251 494 2311 contra
515 2253 697 2330 tyrannum,
719 2247 935 2312 Romanorum
958 2246 1133 2313 uastabant
1155 2245 1262 2322 urbes,
1299 2246 1383 2310 alias
1406 2265 1460 2310 ex·

287 2355 476 2441 pugnabant
487 2362 521 2421 ut
535 2355 654 2442 ubique
669 2355 766 2423 foeda
780 2357 917 2424 uastitas
932 2363 1019 2423 esset
1032 2358 1275 2440 Romanumque
1290 2355 1461 2440 imperium

286 2485 352 2532 non
374 2464 475 2532 dubia
496 2467 560 2532 iam
583 2469 767 2533 calamitate
789 2473 925 2534 nutaret.

133 2577 260 2644 XXVII
376 2575 456 2642 cum
486 2585 572 2645 esset
599 2599 675 2663 ergo
704 2579 893 2644 iuuenculus
914 2576 1069 2658 Iulianus,
1107 2576 1202 2642 iussit
1230 2576 1260 2642 ei
1288 2576 1463 2660 imperator
1480 2583 1511 2634 tt

288 2695 418 2770 praeter
446 2688 616 2755 consilium
646 2689 762 2754 ducum
797 2687 878 2754 nihil
916 2686 1021 2752 moliri
1051 2694 1282 2771 praesumeret.
1327 2703 1463 2768 cumque

290 2795 389 2863 duces
411 2803 546 2882 accepta
567 2805 728 2883 potestate
755 2798 966 2882 neglegerent
992 2804 1025 2863 et
1052 2803 1224 2882 propterea
1251 2795 1384 2862 barbari
1413 2815 1464 2861 su-

290 2913 451 2992 perorent,
481 2912 559 2973 tunc
572 2907 717 2975 lulianus
739 2907 838 2974 duces
860 2906 990 2990 quidem
1019 2905 1146 2974 deliciis
1167 2925 1286 2973 uacare
1307 2905 1464 2991 permisit,

290 3037 423 3084 sumens
446 3025 553 3083 autern
575 3018 694 3084 milites
717 3018 828 3102 eisque
852 3017 957 3103 spolia
978 3027 1215 3102 peremptorum
1233 3017 1373 3083 hostium
1390 3034 1463 3081 con·

290 3128 490 3211 promittens,
527 3127 654 3193 initium
683 3127 834 3194 uincendi
858 3127 1014 3194 barbaros
1041 3128 1116 3192 iecit
1145 3134 1177 3192 et
1204 3146 1345 3192 amorem
1369 3145 1461 3192 suum
1479 3133 1509 3184 tt

159 3231 161 3236 ’
290 3234 378 3320 apud
400 3236 519 3304 milites
542 3238 720 3303 collocauit.
764 3237 864 3303 fertur
888 3238 997 3321 itaque
1019 3237 1104 3322 quod
1133 3236 1210 3302 dum
1238 3237 1272 3302 in
1301 3233 1464 3320 quandam

291 3344 454 3410 ciuitatem
477 3346 593 3413 fuisset
614 3347 781 3432 ingressus
803 3367 923 3413 corona
943 3348 1058 3412 laurea
1079 3346 1195 3431 quibus
1224 3347 1328 3413 solent
1357 3345 1466 3410 ciuita-

291 3461 342 3521 tes
365 3458 473 3521 ornari
495 3457 768 3524 intercolumnas
790 3457 937 3542 pendens
959 3464 1053 3541 rupto
1075 3457 1150 3523 lune
1173 3476 1271 3541 super
1284 3457 1355 3522 eius
1369 3461 1466 3540 caput

292 3564 417 3632 decidit
438 3585 575 3652 eumque
598 3567 766 3652 aptissime
789 3565 965 3633 coronauit.
1010 3586 1073 3650 quo
1103 3565 1185 3631 iacto
1215 3567 1321 3632 cuncti
1348 3566 1465 3631 clama·

293 3685 410 3743 nerunt
443 3678 520 3762 quia
553 3677 583 3744 ei
617 3679 744 3762 signum
777 3679 859 3744 foret
891 3677 1028 3762 imperii.
1071 3677 1195 3744 interea
1225 3696 1299 3742 cum
1320 3675 1465 3742 Iulianus
1482 3687 1513 3739 3ο

292 3787 382 3873 apud
397 3788 623 3873 imperatorem
646 3788 688 3856 de
710 3787 826 3854 ducum
849 3787 1056 3871 neglegentia
1077 3793 1272 3872 quereretur,
1295 3787 1376 3852 alter
1398 3786 1467 3850 mit·

292 3897 371 3962 titur
392 3898 547 3982 magister
568 3917 729 3964 armorum
752 3898 822 3964 eius
843 3898 1004 3963 alacritati
1026 3898 1234 3979 conueniens,
1264 3896 1356 3964 cuius
1378 3895 1469 3963 mini-

294 4007 393 4074 sterio
415 4026 487 4073 cum
515 4007 664 4076 barbaris
692 4009 886 4075 fiducialiter
918 4015 968 4074 est
1000 4027 1202 4091 congressus.
1247 4015 1279 4072 et
1312 4007 1389 4073 dum
1422 4005 1469 4071 illi

362 4183 512 4240 tadrtuiD
582 4167 786 4254 aiolldpmtI)
872 4182 1033 4237 iiormaurt
1051 4181 1186 4250 ugnaculi
1200 4179 1227 4235 D
1306 4179 1471 4251 5trope11)

294 4281 400 4346 tccprt
418 4277 445 4332 1)
497 4277 727 4347 robmpmttelt
790 4275 960 4346 amqurdD
1022 4281 1052 4330 10
1071 4274 1275 4330 abcctl'eruntD
1337 4282 1366 4329 rt
1386 4274 1471 4344 iugce-

295 4370 404 4426 culrtD
473 4370 660 4428 latomo
730 4362 991 4438 mmmdcccclii
1066 4367 1286 4438 tiquodom.ll
1337 4367 1470 4438 quodid)

296 4466 328 4516 28
347 4461 470 4532 ruptaD
527 4463 660 4535 capudI)
