3142 5056
526 248 633 296 INDEX
655 247 895 300 cselrvuonvit

1245 239 1306 302 663

127 399 289 456 Theodorus
316 397 431 452 Mansor
464 396 605 466 relegatus.
641 396 696 453 alia
746 397 854 469 accipit,
871 398 1307 468 legatiathalidSaracenornm

129 495 180 550 sub
198 493 290 547 Leone
316 503 386 559 quae
410 488 575 556 acciderunt,
602 490 630 544 in
652 490 695 544 his

130 585 202 656 quod
229 584 365 640 Suleiman
393 583 585 652 Pergamenum
610 597 693 652 queu-

128 679 191 734 dam
210 678 311 747 ceperit
337 676 384 744 qui
401 691 430 730 se
447 675 531 730 filium
552 674 694 732 Iustiniani

129 787 189 828 esso
207 771 344 825 Tiberium
363 769 438 824 dixit.

165 871 197 920 30
233 863 370 919 Suleiman
393 861 422 916 in
445 860 605 916 &maniam
622 862 692 917 irru-

130 959 245 1028 ptiones.
272 972 336 1026 pars
355 955 551 1012 Saracenorum
568 969 585 1008 a
602 953 695 1010 Leone

129 1051 200 1114 lusa,
217 1049 385 1120 principibus
402 1049 521 1119 ipsorum
540 1047 634 1102 caesis.

166 1149 193 1198 31
233 1142 336 1198 incensi
359 1142 412 1196 lori
429 1142 556 1201 Damasci
583 1148 693 1204 altau.

130 1237 264 1300 censibus,
293 1234 339 1304 qui
364 1236 459 1304 puniti.
494 1244 582 1294 torrae
605 1247 693 1296 motus

128 1330 223 1398 ingens
240 1329 372 1396 uariaque
388 1345 458 1398 quae
474 1331 579 1386 dederit
587 1333 693 1390 damna.

131 1422 167 1477 ad
184 1420 397 1477 aedificationem
406 1438 542 1479 murorum
559 1427 633 1481 urbis
651 1443 693 1483 re-

128 1515 189 1584 giae
212 1521 391 1569 terraemotu
409 1517 589 1586 collapsorum
607 1520 693 1576 tribu·

130 1615 189 1662 tum
207 1614 330 1662 exactum
348 1623 365 1662 a
380 1610 488 1678 populo.

166 1705 198 1756 32
235 1700 334 1756 Leonis
352 1717 433 1767 mors,
451 1703 509 1758 eius
521 1705 693 1774 uituperatio.

166 1798 198 1848 33
235 1793 403 1848 Constantini
413 1794 511 1852 Leonis
529 1797 576 1851 filii
588 1803 615 1853 et
632 1815 693 1855 suc·

130 1887 248 1943 cessoris
265 1885 368 1954 flagitia
385 1895 412 1942 et
429 1889 561 1957 impiatos.
596 1892 695 1948 Eualid

130 1980 254 2050 captiuos
266 1979 432 2036 Christianos
450 1982 584 2050 interficit
606 1985 636 2040 in
652 1986 694 2041 his

129 2073 260 2144 Eutychii
278 2073 442 2143 martyrium.

349 2270 479 2336 XXIIII

168 2452 180 2501 1
200 2445 394 2500 Constantinus
402 2445 695 2516 llllimperatorLXX·

130 2538 263 2594 aduersus
282 2537 432 2592 Saracenos
451 2540 593 2606 egreditur.
614 2543 695 2596 Arta·

745 492 892 562 principem
918 498 974 548 tam
991 507 1009 548 a
1026 491 1203 549 Constantino
1227 507 1308 564 quam

745 585 780 640 ab
806 585 961 642 Artauasdo
984 585 1067 641 missi.
1101 591 1190 641 terrae
1218 592 1307 642 motus

745 679 873 748 ingentes.

779 778 794 826 5
823 772 933 828 Cosmus
942 771 1140 826 Alexandrinus
1151 771 1309 842 patriarcha

744 865 985 920 Monothelitarum
996 865 1101 920 haeresi
1111 864 1253 934 repudiata
1271 864 1308 920 ad

744 959 931 1015 orthodoxiam
949 957 1027 1012 redit.
1056 957 1254 1013 Saracenorum
1270 957 1306 1012 ir·
1325 963 1330 974 '

744 1052 843 1121 ruptio.
878 1051 1079 1120 Metropolitum
1092 1050 1220 1107 Dammci
1237 1065 1308 1106 mar-

744 1146 850 1216 tyrium.

779 1244 795 1294 6
821 1238 896 1294 Petri
914 1237 1035 1308 etipsius
1046 1236 1173 1294 Damasci
1189 1236 1308 1306 episcopi

745 1331 908 1402 martyrium.
925 1331 1041 1386 loannes
1051 1329 1223 1401 Chrysoroas.
1256 1328 1307 1400 Cy·

744 1425 796 1494 prii
813 1424 848 1479 ab
866 1423 964 1478 Vlralid
981 1424 1009 1478 in
1027 1423 1131 1493 Syriam
1148 1422 1282 1478 translati.

779 1523 792 1570 l
829 1517 1000 1571 Artauasdus
1024 1515 1108 1570 filiurn
1125 1531 1203 1570 suum
1226 1513 1307 1570 Nice·

743 1610 858 1680 phorum
893 1609 1018 1666 coronari
1053 1615 1131 1664 curat
1171 1613 1309 1678 totamque

743 1704 837 1758 Asiam
855 1701 1043 1772 depopulendo
1062 1701 1143 1770 capit.
1164 1689 1308 1756 'Constan-

743 1795 794 1850 tini
812 1811 873 1850 cnm
890 1793 1045 1850 Artauasdo
1069 1792 1220 1849 conflictus.
1256 1795 1308 1848 Ar·

744 1889 851 1944 tauasdi
885 1887 956 1958 fuga.
999 1886 1108 1955 togatus
1143 1895 1170 1942 et
1197 1885 1308 1943 Nicetes

744 1980 816 2037 lilius
833 1981 981 2036 Artauasdi
1004 1981 1038 2035 ab
1063 1978 1156 2034 eodem
1175 1979 1307 2034 Constan-

745 2075 810 2130 tino.
846 2073 950 2129 nefaria
985 2075 1056 2128 iuter
1089 2079 1180 2142 partes
1193 2071 1257 2127 odia
1282 2077 1309 2126 ot

744 2167 820 2224 iacta
837 2169 890 2222 isto
907 2168 985 2222 bello.

781 2265 796 2316 8
832 2261 984 2330 Stephanus
1007 2275 1080 2330 papa
1105 2257 1244 2312 Romanus
1267 2257 1308 2311 ni·

746 2353 796 2408 mis
814 2369 831 2408 a
847 2351 1033 2422 longobardis
1049 2357 1165 2406 uexatus
1189 2348 1310 2420 confugit

746 2446 782 2500 ad
792 2446 919 2516 Pipinum
928 2445 1060 2499 Maiorem
1069 2443 1164 2499 domus
1181 2443 1209 2496 ln
1227 2455 1308 2512 regno

747 2539 923 2593 Francorum.
958 2553 1049 2607 regum
1062 2535 1229 2591 Francorum
1247 2535 1308 2588 olim

132 2630 421 2700 oasdusCuropolatos
439 2638 467 2685 ot
484 2633 630 2701 imperator
643 2633 695 2688 sihi
747 2647 805 2686 mos
823 2637 850 2685 et
867 2629 978 2686 Melonis
997 2630 1091 2684 domus
1114 2627 1240 2683 osticium.

131 2725 247 2780 inuicem
265 2724 392 2792 suspecti.
418 2724 513 2780 frauda
530 2725 582 2779 sibi
600 2733 695 2795 parata
782 2727 797 2778 9
832 2725 944 2792 Pipinus
975 2723 1003 2777 in
1029 2736 1116 2790 regom
1141 2721 1309 2803 Francorum

131 2818 269 2874 intellecta
292 2817 463 2872 Artauasdus
497 2819 625 2888 populum
660 2819 695 2874 ad
746 2821 900 2888 prouectus.
924 2817 982 2871 eius
992 2815 1137 2870 strenuitas
1155 2815 1308 2883 praeclara·

132 2910 303 2966 rebellionem
320 2909 432 2964 inducit.
461 2911 545 2966 Beser
564 2913 694 2982 patricius
746 2925 797 2980 que
815 2910 929 2964 uictoria
950 2908 983 2964 de
1001 2906 1142 2962 Saracenis
1160 2921 1193 2961 ex
1210 2906 1309 2975 Hispa·

130 3017 235 3058 caesus.
264 3003 435 3058 Constantini
449 3003 522 3073 tuga,
542 3005 692 3074 puiCrien·
746 3004 791 3058 nia
809 3003 1017 3072 erumpentibus.

131 3093 201 3150 tales
219 3101 246 3148 et
264 3094 431 3151 Thracenses
460 3097 487 3150 in
514 3113 578 3152 snas
603 3104 695 3167 partes
784 3102 814 3151 to
849 3097 925 3165 signa
949 3094 1024 3149 lacta
1049 3099 1077 3148 ot
1099 3099 1187 3147 terrae
1212 3097 1309 3146 motus.

131 3187 222 3242 trahit.
747 3189 846 3243 vocuo
863 3189 898 3244 ab
916 3187 1053 3243 Arabibus
1075 3185 1164 3241 occiso
1189 3183 1310 3240 succedit

167 3283 182 3333 2
209 3279 356 3333 Artauasdi
372 3280 493 3336 fautores
511 3282 538 3335 in
552 3283 618 3336 urbe
635 3299 696 3353 per-
748 3283 818 3337 lilius
835 3281 922 3336 llinid.
945 3279 1138 3335 Constantinus
1155 3277 1250 3332 urbam
1266 3291 1309 3331 re-

130 3371 248 3428 suadent
281 3371 380 3440 populo
406 3373 611 3430 Constantinum
638 3391 697 3432 esse
748 3377 818 3446 giam
836 3373 950 3430 obsidet.
985 3374 1117 3427 Anconae
1134 3371 1264 3440 paenuria
1280 3370 1309 3424 in

132 3465 437 3519 mortuumArtauasdo
447 3465 538 3535 itaque
552 3467 697 3536 imperato·
749 3470 825 3534 urbe,
845 3468 889 3522 cni
906 3466 1007 3522 frustra
1023 3477 1182 3521 succurrere
1196 3467 1310 3517 conatur

131 3571 162 3612 ro
179 3558 314 3626 appellato
329 3555 506 3613 Constantino
527 3558 697 3616 maledicunt.
749 3559 927 3616 Artauasdus.

130 3650 303 3705 Constantini
320 3650 366 3704 lilii
384 3651 411 3705 in
425 3651 575 3707 custodiam
593 3652 657 3708 dati.
785 3659 812 3708 rt
851 3651 1021 3707 Artauasdus
1039 3647 1244 3705 ConstantInum
1262 3661 1309 3715 ag·

167 3749 182 3798 3
210 3743 406 3800 constantinus
422 3745 544 3813 peruenit
562 3761 623 3800 curn
640 3747 695 3802 suis
747 3747 874 3816 graditur,
892 3744 1064 3814 sediugatun
1080 3747 1175 3816 pulsae
1192 3752 1219 3802 et
1237 3747 1309 3802 eius·

130 3837 318 3908 Chrysopolim
342 3843 369 3890 et
395 3837 432 3890 nil
450 3852 531 3906 agens
549 3839 695 3896 reuertitur
747 3841 807 3895 dem
824 3840 926 3895 trieres.
959 3837 1044 3894 lamas
1069 3841 1098 3894 in
1119 3841 1186 3894 urbe
1203 3854 1307 3908 magna.

130 3931 168 3985 ad
184 3931 331 3986 Amorium.
365 3929 509 3999 imaginum
527 3931 555 3986 in
572 3933 638 3987 urbe
655 3948 697 3989 re·
785 3937 815 3986 tt
842 3931 953 3987 Nicetas
970 3932 1040 3987 lilius
1049 3931 1195 3988 Artauasdi
1213 3931 1309 3988 aCon·
1353 3931 1357 3948 '

133 4025 238 4080 stitutio
256 4040 305 4094 per
322 4025 512 4080 Artauosdnm.
548 4024 697 4081 Saraceno-
747 4027 868 4080 stantino
887 4031 990 4094 captus.
1026 4025 1132 4095 capitur
1156 4026 1191 4079 ab
1216 4025 1309 4081 eodem

132 4133 193 4171 rum
210 4118 330 4186 irruptio.
352 4117 514 4172 Anastasius
532 4118 697 4186 impietatem
748 4123 775 4173 at
791 4119 857 4172 urbs
883 4116 955 4186 regia
977 4123 1004 4171 et
1029 4117 1206 4182 Artauasdes,
1230 4133 1309 4188 quem

133 4207 304 4264 Constantini
322 4211 423 4280 populo
442 4210 559 4280 exponit.
747 4226 808 4266 cum
826 4209 933 4264 duobus
950 4209 1213 4280 filiisoculispriuat.
1237 4208 1308 4266 Con-

169 4307 184 4354 4
202 4302 372 4358 Antiocheno
389 4303 504 4359 ecclesia
514 4303 695 4372 patriarcham
747 4304 861 4358 stantinl
880 4302 1068 4358 inhumanitas.
