2834 5394
163 208 225 273 588
645 220 738 268 mam
759 220 830 267 xxv

164 382 322 443 uexerant
345 394 380 441 se
403 380 435 439 et
457 374 548 439 illam
563 372 690 439 insidiis
706 373 940 458 appetiuarant,
961 380 998 437 ut
1014 373 1177 458 proditor
1192 373 1365 443 dominum

163 492 334 572 postquam
356 505 426 550 cum
449 485 522 569 ipso
544 483 718 562 censuerit,
741 504 821 568 quos
843 488 876 549 et
895 482 1077 549 imitatores
1101 483 1203 552 illius
1221 487 1368 553 existere

163 596 353 664 testabatur.
397 594 539 661 ostensis
561 594 659 659 etiam
682 593 785 677 nign's
807 593 1025 659 calciamentis
1040 613 1164 660 amare
1182 614 1226 661 se
1244 596 1365 663 talibas

163 706 211 770 uti
239 712 368 790 praeter
398 705 487 788 leges
516 704 741 788 imperatorias
763 702 946 768 affirmabat
967 701 1202 788 fiduciamque
1241 704 1366 773 habere

165 814 278 881 dolose
300 814 452 880 monebat
466 833 547 895 eam,
571 819 695 878 etcum
718 813 907 880 iuramentis
929 813 970 878 de
992 813 1082 877 omni
1107 816 1294 899 corporali
1317 827 1392 882 rei

165 926 250 1010 quie,
284 945 378 1008 quam
402 923 555 1008 consequi
578 922 741 988 dominam
768 943 790 987 a
812 941 906 989 seruo
928 907 1057 988 deceiet
1078 924 1296 1011 nullamque
1318 947 1365 993 ar·

167 1033 279 1099 bitrari
301 1053 488 1098 aerumnam
511 1053 605 1099 casus
628 1033 716 1098 illius
738 1031 982 1113 exhortabatur,
1005 1035 1254 1102 commonebat
1277 1045 1364 1122 post·

166 1162 254 1208 remo
276 1142 323 1206 nil
344 1142 489 1208 occulere
511 1162 531 1207 a
553 1162 589 1209 se
620 1142 835 1228 imperialium
858 1141 1081 1208 thesaurorum
1106 1151 1141 1209 et
1165 1144 1363 1212 damnabat

166 1251 324 1317 auaritiae
346 1252 469 1334 uitium,
492 1252 552 1318 hos
575 1253 664 1318 illam
687 1252 807 1319 habere
828 1272 894 1318 non
909 1253 1024 1318 terens.
1057 1252 1257 1336 languebat
1273 1258 1362 1322 enim

166 1381 204 1427 eo
227 1361 434 1427 uehementer
463 1363 571 1427 omnia
600 1361 761 1428 deuorans
797 1381 987 1446 omnemque
1015 1362 1049 1426 in
1076 1382 1161 1428 auro
1194 1385 1301 1451 spem
1330 1373 1362 1433 et
1378 1375 1402 1423 tt

126 1500 130 1509 ·
164 1470 314 1538 fiduciam
337 1492 471 1557 ponens.

102 1576 146 1641 LI
252 1583 294 1647 At
316 1601 392 1646 uero
415 1581 546 1665 sapiens
568 1588 601 1645 et
622 1580 683 1646 deo
705 1578 823 1645 dilecta
837 1579 957 1646 Eirena
977 1580 1127 1665 quamuis
1150 1595 1361 1668 congrueret

162 1699 198 1757 ut
212 1693 365 1777 passione
380 1698 445 1758 tam
461 1691 631 1776 repentina
642 1689 899 1756 commutationis
914 1696 1024 1775 utpote
1045 1691 1162 1756 mulier
1177 1699 1358 1760 teneretur

162 1803 240 1867 torti
261 1809 293 1867 et
315 1802 457 1886 sapienti
478 1800 652 1886 prudentia
673 1799 756 1865 dixit
777 1798 820 1864 ad
841 1818 913 1865 eum
939 1797 1003 1884 ‘qui
1024 1799 1094 1867 heri
1117 1802 1260 1884 quidem
1287 1825 1354 1871 ser·

163 1931 224 1976 uus
246 1912 395 1995 periurus
418 1910 531 1990 iuerat,
569 1909 665 1975 hodic
692 1928 770 1974 uero
793 1909 906 1976 sollers
928 1916 961 1974 et
982 1909 1156 1976 seditiosus
1179 1918 1352 1996 tyrannus
1371 1923 1398 1971 ¹⁵

162 2038 202 2084 ac
235 2017 405 2102 impudens
438 2018 583 2083 habetur.
628 2038 688 2101 ego
720 2018 848 2102 quidem
877 2039 897 2083 o
925 2019 1137 2085 hamedeum
1163 2020 1350 2105 deputoet

165 2128 289 2215 pridem
312 2146 384 2192 cum
406 2146 512 2193 essem
536 2125 691 2210 orphana,
730 2129 893 2195 exaltasse
916 2149 976 2211 me,
1014 2136 1046 2195 ct
1067 2129 1142 2195 dein
1166 2151 1348 2215 superse

163 2237 242 2304 lium
276 2237 403 2322 imperii
439 2237 515 2303 licet
547 2255 654 2303 essem
697 2236 833 2322 indigna
867 2240 1057 2324 prouenisse
1095 2258 1156 2305 me.
1201 2259 1345 2308 oausam

164 2368 242 2415 uero
272 2348 483 2434 depositionis
511 2347 658 2412 mihimet
689 2348 817 2433 applico
854 2355 887 2415 et
913 2349 1055 2433 peccatis
1083 2349 1165 2415 meis
1195 2351 1343 2418 ascribo.

162 2460 196 2525 in
224 2460 348 2526 cunctis
376 2466 482 2525 autem
510 2477 549 2523 ac
578 2456 681 2525 modis
711 2458 860 2524 omnibus
888 2459 931 2524 sit
952 2478 1068 2524 nomen
1090 2459 1214 2524 domini
1237 2460 1343 2528 bene-
1357 2465 1393 2516 ²⁰

161 2567 291 2652 dimum,
331 2569 431 2634 solius
454 2567 540 2651 regis
561 2588 673 2650 regum
696 2575 728 2633 et
750 2567 871 2633 domini
894 2567 1105 2634 dominorum.
1150 2589 1247 2652 porro
1274 2592 1343 2636 mo·

164 2676 238 2742 dum
261 2678 471 2762 promotionis
493 2683 568 2742 tuae
591 2677 651 2743 deo
673 2677 783 2762 reddo,
807 2699 869 2760 quo
885 2686 1019 2763 excepto
1041 2678 1088 2742 nil
1115 2677 1184 2742 fieri
1200 2680 1340 2747 credidi.

162 2807 274 2854 uerum
297 2794 407 2854 emen
428 2786 554 2853 delatas
577 2788 657 2853 mihi
680 2794 791 2852 eontra
813 2794 845 2853 te
871 2808 969 2872 super
994 2788 1151 2871 dignitate
1168 2808 1234 2871 qua
1248 2810 1341 2856 nunc

162 2898 372 2965 circumdaris
395 2896 576 2963 auditiones
598 2917 663 2962 non
685 2897 827 2981 ignoras,
864 2917 945 2981 quas
973 2917 1068 2962 ueras
1096 2897 1196 2963 tuisse
1226 2918 1339 2966 rerum

162 3008 237 3075 linis
268 3007 417 3087 ostendit,
457 3026 602 3088 quasque
632 3006 660 3072 si
688 3008 822 3072 moleste
850 3006 1004 3088 tulissem,
1043 3007 1136 3071 facile
1158 3007 1238 3073 mihi
1263 3019 1340 3077 erat
1355 3010 1388 3060 ²⁵

161 3115 374 3182 interficiendi
397 3122 439 3181 te.
483 3114 543 3181 sed
564 3114 659 3179 modo
681 3115 871 3183 iuramentis
893 3117 957 3182 tuis
986 3114 1124 3196 fidendo,
1154 3117 1250 3181 modo
1272 3118 1338 3186 tibi

162 3224 325 3310 parcendo
348 3225 465 3290 multos
487 3223 567 3287 mihi
590 3222 723 3290 deuotus
740 3225 833 3309 parui
848 3224 956 3310 pendi,
979 3225 1040 3290 deo
1063 3245 1146 3310 quae
1168 3245 1240 3289 mea
1257 3236 1338 3295 sunt

162 3334 253 3416 dans,
291 3352 349 3419 per
381 3351 476 3415 quem
499 3351 592 3415 reges
620 3340 759 3416 regnant
793 3342 825 3400 et
852 3343 1000 3419 potentes
1028 3337 1173 3421 optinent
1202 3342 1336 3403 terram.

161 3443 218 3511 sed
241 3450 273 3508 et
293 3461 379 3507 nunc
401 3461 471 3506 eum
497 3442 543 3508 sis
566 3441 639 3525 pius
661 3449 693 3508 et
716 3443 758 3507 ab
780 3444 853 3528 ipso
875 3451 1056 3529 prouectus,
1086 3453 1116 3510 te
1138 3453 1172 3510 ut
1193 3444 1336 3529 impera-

159 3560 260 3619 torem
283 3551 382 3617 adoro
417 3559 448 3616 et
471 3559 544 3636 peto
566 3570 657 3617 mcae
678 3572 812 3636 parcere
832 3554 1009 3619 infirmitati
1033 3562 1065 3619 et
1086 3553 1225 3619 concede
1248 3557 1334 3623 mihi
1353 3557 1389 3606 30

160 3682 254 3728 ame
277 3668 490 3726 constructam
511 3661 689 3727 Eleutherii
712 3661 841 3728 domum
868 3663 902 3728 in
924 3663 1187 3730 refocillationem
1210 3665 1335 3731 incom-

160 3771 318 3858 parabilis
340 3771 532 3836 calamitatis
554 3772 664 3836 meae!

82 3883 142 3948 LII
248 3882 291 3946 At
311 3880 366 3945 ille
388 3880 435 3945 ait
463 3879 501 3947 ‘si
529 3881 590 3946 hoc
618 3882 667 3948 uis
689 3882 761 3948 fieri
782 3882 840 3948 tihi
861 3882 933 3948 iura
953 3880 1032 3946 mihi
1053 3901 1112 3966 per
1133 3902 1260 3948 omnem
1283 3885 1335 3949 di·

157 3993 268 4058 uinam
301 3990 449 4054 uirtutem
483 4012 547 4055 non
580 3991 811 4058 absconsuram
839 3998 871 4058 te
899 3992 1070 4077 quicquam
1100 4012 1141 4058 ex
1168 3993 1333 4059 thesauris

156 4159 244 4167 ...ι-...-

226 4235 360 4291 idiceret
377 4233 404 4289 D
506 4224 722 4303 sdlpnabatlt
826 4236 857 4289 ta
873 4230 1026 4289 barensi>
1128 4239 1158 4289 1⁵
1176 4234 1286 4303 perurat
1304 4233 1334 4288 D

161 4331 189 4380 16
208 4327 405 4382 habebaturll
476 4330 503 4380 17
522 4326 619 4380 ortana
635 4324 662 4380 B
728 4326 762 4379 at
779 4324 906 4397 agnano?
924 4322 948 4368 lt
1005 4326 1037 4379 tt
1054 4304 1284 4385 reassumit)
