2834 5394
473 455 582 505 runnu
604 455 842 505 carrrvsonvu
1178 441 1240 505 639

16 614 25 649 ¹
63 605 134 661 libus
158 604 264 660 ludaeis
302 605 443 660 haereticis
479 620 529 659 sua
548 620 627 659 sacra
716 609 745 659 12
782 605 880 660 bellum
916 605 997 660 ciuile
1031 606 1102 660 inter
1129 604 1243 670 Gothos,

10 712 24 747 s·
65 699 217 753 celebrandi
225 699 359 753 licentiam
373 697 461 753 dantis
471 699 535 752 solis
549 698 625 751 Chri·
677 697 748 752 inter
764 698 951 768 Fridigernum
960 699 1091 753 Arianum
1110 706 1137 752 et
1154 699 1240 753 Atha·

10 806 21 843 s
65 793 160 848 stianis
177 791 276 846 infesti.
310 791 463 860 prodigiosa
487 792 581 860 pluuia
599 799 627 846 et
676 791 790 846 laticum
813 808 956 862 paganum.
991 791 1167 861 Fridigeruus
1191 791 1240 847 im·

10 902 21 941 r
63 886 172 955 mando.
677 890 783 952 petrato
811 885 959 939 aValente
982 885 1082 938 auxilio
1100 885 1238 938 Athalari-

10 999 18 1035 r
97 978 231 1034 lValens
249 994 302 1047 quo
320 978 626 1033 modoinArianismum
677 992 739 1032 eum
768 978 863 1033 uincit
904 994 967 1033 mox
995 978 1170 1031 athalaricus
1205 976 1239 1030 de

10 1094 19 1130 r
62 1072 192 1127 inciderit
228 1071 377 1140 Procopius
396 1070 564 1141 tyrannidem
581 1086 625 1125 sr-
677 1071 768 1126 nsultis
785 1072 856 1137 suis,
879 1071 926 1140 qui
943 1071 1037 1125 Arium
1060 1070 1128 1125 iacti
1152 1077 1237 1135 eraut,

10 1190 17 1226 ς
62 1164 125 1234 ripit
140 1165 169 1218 in
186 1165 296 1219 oriente.
331 1171 420 1219 terrae
437 1169 525 1219 motus
539 1164 625 1218 horri-
675 1164 838 1232 supplicium
854 1165 944 1219 sumit
978 1163 1152 1232 Fridigernus
1175 1180 1238 1218 cum

10 1290 14 1321 i
61 1257 122 1312 bilis
140 1273 189 1327 per
206 1257 400 1312 totumorbem.
425 1257 545 1311 Valentis
563 1274 624 1313 cum
674 1257 731 1311 suis
756 1256 948 1313 occidentalem
972 1261 1076 1327 partem
1098 1257 1174 1326 petit.
1208 1256 1237 1312 hi

10 1384 12 1416 :
61 1350 194 1420 Procopio
213 1350 327 1406 bellum:
345 1350 525 1419 Procopiique
539 1351 623 1405 inter·
670 1347 762 1420 itaque
778 1351 932 1420 Visegothi‚
955 1350 994 1404 illi
1012 1349 1169 1418 ostrogothi
1187 1365 1235 1420 ap·

59 1444 122 1498 itus.
670 1443 771 1512 pellati.

10 1573 12 1577 ‚
96 1542 111 1590 5
145 1537 246 1592 Valens
269 1535 303 1591 de
325 1550 482 1591 successore
505 1535 557 1591 sibi
580 1536 622 1592 iu·
708 1539 738 1589 ¹³
775 1536 867 1591 Hunni
900 1536 1004 1591 Gothos
1033 1535 1142 1591 sedibus
1176 1538 1233 1592 suis

61 1638 123 1685 turo
141 1631 169 1684 in
185 1629 296 1699 imperio
314 1635 451 1684 scrutatur
467 1643 516 1698 per
527 1645 622 1685 necro-

61 1724 197 1779 mantiam.
231 1722 331 1778 diaboli
354 1722 445 1786 fraus,
470 1738 519 1791 per
542 1738 622 1792 quam

60 1817 136 1872 multi
152 1817 309 1872 innocentes
330 1815 419 1870 occisi

95 1915 111 1964 6
145 1909 280 1964 Auxentio
303 1910 405 1963 Ariarm
428 1908 624 1965 Mediolanensi

60 2004 187 2075 episcopo
222 2008 326 2057 mortuo
361 2001 544 2058 Valentiniani
576 2004 623 2072 pia

60 2095 212 2152 exhortatio
238 2094 274 2150 ad
291 2095 391 2150 clerum
414 2101 445 2149 ut
463 2097 571 2164 cliguum
588 2111 622 2151 ea

59 2189 124 2245 sede
140 2191 227 2244 uirum
238 2189 378 2257 elegerent
405 2190 575 2244 sacerdotum
593 2196 620 2244 et

59 2283 145 2353 plebis
162 2284 190 2336 in
207 2282 338 2336 electione
354 2280 507 2338 seditiones.

93 2381 107 2428 'l
143 2375 300 2429 Ambrosius
324 2375 467 2445 episcopus
489 2375 620 2430 Mediola-

58 2469 155 2522 nensis.
177 2467 358 2522 Valentiniani
366 2469 536 2538 imperatoris
544 2468 620 2538 hym·

58 2576 109 2615 uus
127 2561 162 2615 ad
181 2560 323 2614 Christum.

92 2658 107 2706 8
125 2654 247 2707 Saxones
264 2652 481 2708 aValeutiniano
490 2653 620 2722 oppressi.

57 2745 279 2815 Burgundionum
296 2761 394 2800 nomen
411 2745 489 2800 unde.
522 2746 620 2800 Valeo-

56 2840 129 2894 tinus
146 2840 175 2892 in
183 2838 323 2893 Britannia
340 2838 375 2892 ad
388 2839 555 2908 tyrannidem
572 2838 620 2892 ad-

57 2934 172 3001 spirans,
191 2947 344 3000 oppressus.
371 2932 555 2986 Valentiniani
571 2932 619 2985 oh-

58 3027 121 3079 itus.

91 3123 107 3172 9
143 3119 257 3187 elogium
282 3119 474 3205 Valentiniani.
519 3118 618 3172 Valen-

56 3212 175 3265 tinianus
192 3227 260 3281 puer
276 3211 449 3281 quadriennis
467 3217 530 3280 post
547 3226 618 3265 mor-

56 3305 186 3358 remeius
212 3305 376 3359 amilitihus
400 3311 507 3358 creatus
534 3304 617 3372 impe·

670 1629 781 1698 pellunt.
816 1629 974 1685 Hunnorum
998 1631 1082 1699 origo.
1116 1630 1234 1684 Alirum·

674 1737 770 1775 narum
804 1731 832 1777 et
864 1723 1020 1778 Faunorum
1049 1721 1236 1777 Phicsriorum

674 1816 843 1870 concubitus.
876 1816 1037 1871 Hunnorum
1050 1814 1176 1870 deformis
1193 1816 1234 1870 ia-

673 1909 737 1974 cies,
758 1915 786 1964 et
802 1909 950 1964 inhumana
965 1910 1031 1963 uita.

709 2006 739 2055 14
764 2002 847 2056 Gothi
859 2002 972 2056 Hunnos
993 2001 1127 2071 fugientes
1143 2010 1234 2058 tram·

671 2096 709 2150 ito
728 2095 854 2150 Danubio
872 2094 1016 2150 sValeote
1043 2097 1071 2149 in
1089 2095 1234 2150 Thraciam

671 2188 840 2259 recipiuntur
877 2188 1059 2258 imprudenter
1090 2188 1234 2244 admodum

671 2287 699 2336 et
725 2297 787 2336 cum
817 2282 901 2337 exitio
924 2281 1016 2337 futuro
1042 2281 1232 2337 Romanorum.

671 2374 711 2428 illi
729 2375 799 2429 enim
819 2390 881 2430 mox
890 2374 1003 2429 turbant
1019 2382 1160 2429 umtantes
1169 2391 1232 2444 pro·

672 2467 776 2522 uincias
810 2468 989 2537 ciuitatesque
1029 2469 1231 2538 depopulantes.

671 2559 772 2614 Valens
798 2574 815 2613 a
840 2559 925 2614 fratre
942 2561 1132 2616 Valentiniano
1156 2562 1232 2616 anxi-

671 2652 735 2706 lium
752 2653 836 2722 petit,
861 2653 907 2721 qui
930 2653 954 2706 ei
977 2654 1187 2708 inconstantiam
1205 2655 1233 2708 in

671 2745 799 2812 religione
816 2746 969 2814 exprobrat.

709 2843 737 2891 15
773 2837 893 2892 Terentii
911 2838 988 2893 ducis
1006 2840 1117 2895 uictoris
1135 2842 1232 2896 abAr·

670 2930 760 2984 menia
775 2930 878 2986 reditus
896 2937 924 2986 ct
941 2933 1015 3000 pium
1031 2949 1081 3002 pro
1101 2933 1231 2989 Christis·

662 3024 713 3082 ,nis
738 3023 913 3092 postulatum.
953 3025 1053 3079 Valens
1078 3025 1231 3081 Constanti·

670 3117 762 3185 nopoli
790 3123 869 3185 parat
894 3133 924 3172 se
950 3118 985 3172 ad
1011 3118 1110 3173 bellum
1137 3127 1233 3174 contra

670 3210 810 3275 barbaros,
828 3211 874 3279 qui
891 3211 1067 3279 praemissum
1085 3211 1231 3266 Traianum

671 3304 827 3372 magistrum
855 3304 969 3358 uincunt
1001 3320 1086 3373 usque
1109 3304 1144 3358 ad
1162 3304 1230 3360 Con·

55 3403 138 3451 rator.
669 3396 873 3466 stantinopolim
909 3397 1089 3452 discurrentes
1120 3408 1230 3453 uastan·
1336 3429 1339 3438 ·

94 3494 123 3542 ιο
158 3489 257 3544 Valens
289 3489 435 3558 imperator
466 3486 618 3543 XXXXIII.
669 3496 764 3558 tesquc
781 3490 918 3545 suburbia.
953 3490 1075 3545 Valentis
1093 3506 1227 3561 serapoe-

56 3581 240 3636 Valeutiniani
264 3583 377 3637 senioris
403 3584 447 3637 lex
475 3581 618 3652 digamiam
670 3582 791 3637 nitentia.
826 3583 913 3651 plebis
929 3584 958 3636 in
976 3599 1036 3637 eum
1054 3585 1162 3652 probra.

55 3675 221 3743 permittens.
707 3680 736 3730 16
771 3676 870 3730 Valens
896 3677 981 3730 iratus
1005 3677 1132 3732 minitans
1159 3677 1229 3734 Con-

93 3773 119 3821 11
157 3766 258 3822 Valens
275 3769 421 3824 monachos
443 3767 478 3823 ad
495 3768 619 3823 militiam
669 3768 917 3837 stantinopolitanis
941 3769 963 3822 si
987 3768 1088 3823 rediret
1120 3778 1148 3825 et
1172 3772 1229 3826 lsa-

56 3861 128 3928 cogit
159 3860 252 3914 multis
275 3861 428 3916 nolentibus
459 3861 617 3917 interiectis.
669 3863 740 3918 cium
758 3878 864 3917 sacrum
881 3862 1043 3917 monachum
1061 3864 1165 3918 carceri
1173 3871 1228 3918 tra·

54 3953 162 4008 Firmus
187 3953 312 4008 excitatis
337 3954 442 4010 Mauris
473 3969 562 4023 regem
588 3971 617 4011 se
668 3955 741 4019 dens,
759 3955 793 4008 ad
812 3955 909 4009 bellum
924 3955 1066 4022 egralitur.
1092 3957 1228 4012 funestum

54 4048 212 4112 constituit,
229 4046 352 4101 Africam
369 4047 617 4119 Mauritaniamque
667 4064 729 4102 cum
747 4048 842 4103 Gothis
869 4049 1000 4116 proelium
1032 4048 1227 4104 Romanorum-

53 4136 152 4195 uastat.
188 4155 248 4195 eum
266 4156 424 4209 oppressum
449 4141 485 4196 ad
503 4148 615 4197 mortem
667 4157 719 4210 que
736 4147 839 4210 strages
857 4150 884 4194 et
902 4141 1024 4196 Valentis
1040 4142 1173 4197 interitus.

53 4233 125 4301 cogit
142 4234 312 4288 Theodosius
338 4240 412 4288 statu
432 4234 616 4289 Mauritaniae
703 4239 732 4288 ll
768 4250 838 4304 quae
871 4234 1019 4290 laudabilia
1052 4234 1081 4290 in
1115 4234 1228 4291 Valente

53 4325 199 4381 etAiricae
215 4328 349 4382 restituto.
382 4326 526 4382 Theodosii
543 4327 616 4381 illius
666 4326 749 4382 fuere.
775 4328 879 4383 Isacius
896 4328 925 4380 in
943 4342 1051 4382 carcere
1069 4328 1127 4383 eius
1144 4329 1226 4384 inter·

53 4418 137 4486 patris
172 4418 318 4475 Theodosii
350 4436 413 4475 mox
444 4421 614 4489 imperatoris
667 4420 829 4490 emptionem
854 4420 994 4489 praedicit.
1028 4422 1100 4475 iuste
1124 4437 1185 4476 eum
1210 4438 1228 4478 a

52 4511 217 4581 martyrium.
667 4513 763 4569 Gothis
781 4514 917 4580 occisum,
941 4530 1009 4584 quos
1026 4516 1143 4571 Arianos
1166 4530 1227 4585 per·
