2834 5394
573 744 765 793 PRAEFATIO
1242 749 1265 795 V

88 898 217 982 quidem
240 894 489 979 interpolatione
518 895 695 976 inquinato.
741 897 922 963 Palatinum
953 899 1039 963 enim
1071 900 1265 981 aliquotiens

87 1019 126 1064 ex
148 1000 236 1066 alins
258 996 388 1082 generis
411 995 521 1063 codice
543 997 748 1063 emendatum
777 1018 849 1065 esse
872 998 1031 1083 quaedam
1055 1000 1185 1067 Gruteri
1207 1022 1265 1067 no·

85 1109 138 1165 tae
152 1101 310 1165 indicant.
333 1117 439 1182 neque
453 1106 562 1164 tannen
578 1098 625 1164 ita
639 1098 873 1183 Bambergensi
888 1120 939 1165 me
958 1100 1069 1167 addixi
1085 1112 1118 1167 nt
1133 1102 1263 1171 Gruteri

87 1202 219 1268 silentio
247 1199 329 1266 nihil
357 1199 548 1283 tribuerem
585 1219 780 1286 quamquam
810 1204 896 1267 enim
926 1203 1107 1269 Palatinum
1129 1205 1264 1272 laudare

85 1324 150 1370 non
183 1311 330 1389 poteram
354 1302 409 1367 ubi
432 1301 589 1370 Gruterus
623 1302 704 1368 nihil
739 1323 779 1369 ex
812 1322 851 1369 eo
874 1305 1026 1387 enotauit,
1060 1312 1167 1372 tamen
1195 1327 1264 1374 sae·

85 1403 223 1486 pissime
245 1405 298 1469 uel
320 1405 449 1470 silentio
465 1404 535 1471 eius
549 1402 721 1471 obsecutus
737 1425 807 1471 sum
830 1406 863 1469 in
880 1405 1045 1472 reicienda
1064 1408 1135 1475 siue
1151 1415 1263 1492 aperte

84 1504 170 1570 falsa
193 1505 359 1571 nominum
380 1506 485 1571 forma
506 1505 611 1590 qualis
633 1506 668 1571 in
690 1506 923 1591 Bambergensi
946 1509 1105 1592 exstabat,
1137 1511 1206 1576 siue
1228 1512 1262 1577 in

84 1605 266 1673 retinendis
288 1606 447 1674 sermonis
468 1607 634 1691 particulis
656 1608 690 1674 in
712 1608 946 1692 Bambergensi
968 1611 1108 1677 orruissis.
1137 1631 1202 1693 qua
1228 1615 1262 1678 in

84 1727 119 1773 re
142 1726 183 1773 eo
205 1709 314 1776 miuus
335 1709 524 1794 peccauisse
546 1709 625 1774 mihi
647 1708 760 1775 uideor
783 1709 868 1794 quod
891 1709 1061 1777 Gruterum
1085 1714 1112 1778 si
1135 1714 1263 1780 uniuer-

85 1830 157 1874 sum
181 1818 311 1895 spectas
334 1810 482 1877 Palatino
516 1811 637 1897 optime
667 1831 760 1877 nsum
794 1830 868 1878 esse
896 1812 1107 1879 iudicandum*
1134 1816 1185 1881 sit.
1230 1823 1263 1882 et

84 1910 167 1977 illud
199 1912 306 1996 ipsum
337 1910 422 1996 quod
449 1932 514 1978 non
542 1920 628 1979 recte
651 1912 901 1993 administrauit,
931 1915 1025 1981 nobis
1048 1916 1260 1983 emolumento

85 2021 147 2095 est,
179 2013 268 2096 quod
290 2015 412 2080 scilieet
433 2015 592 2099 permulta
624 2016 722 2080 immo
755 2017 926 2080 innumera
951 2035 1034 2099 quae
1062 2027 1147 2082 recte
1169 2019 1263 2083 Pala·

84 2115 172 2181 tinus
200 2112 332 2181 exhibet
357 2116 391 2181 in
419 2117 573 2184 orationis
602 2118 719 2183 seriem
747 2137 811 2182 non
840 2117 1032 2183 admittebat
1060 2116 1119 2184 sed
1157 2120 1261 2184 solum

85 2216 118 2281 in
155 2216 243 2282 notis
272 2215 433 2299 laudauit,
470 2218 555 2303 quod
584 2219 613 2285 si
651 2237 691 2283 ca
726 2219 836 2283 omnia
871 2218 942 2285 siue
978 2220 1155 2304 recepisset
1192 2221 1260 2287 siue

84 2315 278 2397 addidisset,
301 2316 342 2385 de
356 2319 496 2384 Palatini
513 2320 703 2386 auctoritate
724 2324 871 2384 nontam
887 2320 1082 2386 certonobis
1099 2329 1260 2388 constaret

83 2439 180 2502 qnam
202 2425 335 2503 propter
354 2418 444 2485 illam
467 2421 537 2488 eius
558 2419 785 2487 uerecundiam
808 2441 893 2487 nunc
915 2427 1049 2487 constat.

169 2519 314 2587 Alterius
336 2520 471 2604 eiusque
486 2521 644 2590 breuioris
659 2524 858 2590 recensionis
874 2530 973 2589 testes
995 2523 1094 2589 habui
1117 2524 1258 2591 codicem

83 2622 359 2706 bambergensem
382 2621 518 2689 alterum
541 2625 628 2691 etin
651 2624 812 2709 prioribus
834 2624 926 2691 libris
942 2626 1143 2691 Vaticanum.
1166 2626 1260 2691 Bam-

83 2724 255 2808 bergensis
289 2724 423 2795 llacekii
446 2729 519 2799 5131
553 2727 699 2809 signatus
733 2726 771 2792 G.
794 2728 830 2791 Ε.
855 2728 912 2792 lli.
937 2732 956 2791 4
983 2727 1097 2793 lirae
1120 2729 1259 2812 scriptus

83 2835 131 2893 est
154 2826 287 2892 sacculo
309 2845 394 2891 nono
416 2826 450 2890 in
472 2827 668 2894 membranis
690 2829 811 2893 formae
827 2829 1003 2913 quadratae
1017 2830 1161 2896 miinoris.
1184 2850 1260 2895 con-

84 2929 163 2995 tinet
196 2928 336 2995 l'ic-toris
368 2928 511 2995 l'itcnsis
548 2928 717 2995 historiam
753 2931 987 3015 persecutionis
1023 2932 1196 2996 Africanae
1217 2967 1260 2976 -

84 3031 127 3095 ita
150 3029 239 3096 enim
262 3029 487 3098 inscribendus
509 3030 592 3096 liber
614 3039 663 3097 est
685 3031 719 3096 in
734 3032 875 3115 uulgatis
892 3032 1049 3115 exemplis
1065 3032 1179 3096 insane
1194 3051 1259 3096 eor·

83 3139 197 3215 ruptus
226 3138 259 3197 et
291 3132 503 3217 interpolatus
532 3134 582 3201 (cl.
603 3133 751 3215 Hermes,
774 3134 815 3198 Il.
839 3154 870 3218 p.
887 3137 961 3209 319)
984 3133 1259 3199 -mundissime

82 3240 114 3298 et
135 3231 402 3299 emendatissime
424 3236 586 3318 scriptam.
610 3236 754 3320 seqnitur
776 3235 912 3301 historia
934 3236 1083 3303 miscella
1104 3235 1258 3301 desinens

82 3336 115 3400 in
138 3334 244 3399 uerba
266 3334 410 3416 clangere
431 3334 541 3398 buclae
564 3344 607 3422 lp.
625 3341 697 3420 374,
722 3341 785 3411 21).
823 3336 981 3402 conflatus
1003 3343 1053 3403 est
1075 3358 1115 3402 ex
1131 3343 1259 3420 quater·

83 3435 238 3501 nionibus
253 3436 423 3520 sexaginta
436 3445 594 3522 quattuor.
626 3439 738 3522 paucis
761 3439 847 3505 loliis
869 3438 998 3522 glossae
1020 3437 1151 3503 additae
1174 3445 1258 3519 sunt,

83 3557 165 3621 quas
198 3557 265 3602 non
297 3539 417 3602 notaui.
462 3540 612 3606 uersiculi
645 3547 720 3605 sunt
749 3540 855 3606 niceni
889 3560 952 3604 nno
989 3546 1098 3605 tenore
1136 3540 1258 3623 scripti.

82 3640 258 3706 uniuersus
287 3637 388 3704 codex
416 3660 479 3705 uno
516 3641 694 3724 eodemque
732 3648 875 3727 tempore
905 3641 963 3707 sed
991 3662 1012 3706 a
1040 3642 1257 3726 compluribus

81 3740 273 3808 hominibus
293 3739 489 3809 nitidissime
512 3743 652 3828 scriptus
675 3750 733 3809 est.
786 3743 977 3828 ubicumque
1002 3742 1087 3826 quod
1110 3744 1257 3827 primitus

83 3843 240 3928 seriptum
267 3849 336 3908 crat
364 3843 568 3910 emendatum
597 3851 662 3926 est,
690 3845 801 3911 notaui
829 3852 958 3930 praeter
988 3865 1043 3910 cos
1065 3845 1167 3925 locos,
1192 3845 1258 3928 qui-

83 3943 143 4011 bus
166 3963 284 4011 manus
308 3945 529 4012 recentissima
549 3980 592 3992 -
608 3947 731 4012 laeekii
756 3954 792 4012 nt
814 3945 892 4010 mihi
916 3946 1021 4012 uisum
1038 3952 1087 4011 est
1106 3982 1146 3990 —
1162 3946 1257 4010 rubro

82 4046 190 4111 colore
223 4045 383 4130 uirgulam
415 4047 467 4111 uel
501 4046 621 4114 similia
650 4046 777 4114 addidit
814 4056 869 4113 aut
898 4069 917 4110 u
951 4049 984 4112 in
1008 4068 1025 4109 a
1048 4048 1192 4111 mutauit.
1216 4080 1258 4090 —-

82 4146 269 4213 simillimus
292 4154 341 4213 est
363 4146 538 4215 Vaticanus
561 4170 592 4214 n.
615 4151 698 4215 3339
721 4170 742 4214 a
764 4149 878 4215 Carolo
901 4149 1162 4232 Zangemeistero
1185 4166 1256 4212 cum

81 4247 230 4333 Eutropii
263 4249 411 4333 exemplo
433 4250 645 4318 Dietschiauo
668 4251 817 4330 collatus,
852 4252 1020 4334 quisnam
1054 4250 1255 4315 collationem

81 4351 281 4417 amicissime
302 4351 382 4415 milri
404 4351 488 4418 dono
515 4351 613 4418 dedit.
643 4352 683 4417 de
704 4354 826 4418 conisi
851 4353 936 4437 quod
962 4352 1037 4416 olim
1054 4352 1182 4416 Fuluuii
1199 4351 1256 4416 Vr-

81 4453 147 4518 sini
177 4459 247 4517 erat
277 4451 359 4517 nihil
391 4459 586 4539 compertum
616 4453 730 4519 habeo.
774 4475 872 4519 unum
900 4453 1018 4519 addam
1048 4453 1081 4518 in
1108 4453 1154 4519 eis
1177 4453 1255 4520 locis

81 4574 164 4639 ques
186 4555 330 4638 integros
353 4574 393 4620 eu
415 4554 541 4621 duobus
563 4553 614 4622 his
637 4555 729 4622 libris
751 4556 784 4619 in
807 4555 1034 4620 commentario
1056 4555 1255 4639 transcripsi,

81 4656 311 4722 uersiculorum
333 4655 416 4723 lines
445 4663 476 4722 ct
497 4656 689 4742 compendia
718 4656 896 4741 scripturae
924 4658 973 4721 ex'
998 4656 1066 4722 solo
1100 4656 1253 4722 Bamber·

81 4758 175 4842 gensi
199 4764 332 4823 enotata
352 4777 436 4841 esse,
459 4778 523 4824 nen
547 4779 587 4825 ex
609 4759 776 4823 Vaticano.

165 4858 350 4942 Bamberga
370 4868 497 4944 praeter
518 4860 578 4927 hos
602 4860 682 4927 duos
705 4861 831 4926 codices
855 4860 993 4926 ministri
1016 4860 1094 4942 regii
1117 4857 1256 4923 liberali-
