2834 5394
182 224 244 285 491)
684 237 776 283 umas
799 238 872 284 xxm

182 390 236 474 qni
258 409 328 454 cnm
345 390 391 455 rei
405 389 677 454 circumstantiam
696 387 872 470 didicisset,
895 389 1038 474 suscepit
1051 409 1128 454 enm
1144 409 1222 454 cnm
1249 388 1372 454 honore

181 500 303 584 ingenti
326 508 357 564 ct
378 499 511 565 tradidit
525 499 572 563 iili
595 500 627 563 in
644 519 776 564 uxorem
791 499 994 564 Theodoram
1009 519 1205 584 germanam
1221 519 1369 567 sororem

182 631 284 677 suam.
329 618 402 696 post
424 608 583 674 modicum
607 629 683 673 uero
705 611 860 692 temporis
882 629 978 694 prece
999 611 1110 675 obtata
1131 609 1295 675 Chaianc
1315 609 1369 674 de

181 721 307 789 scendit
339 721 370 786 in
402 719 639 802 Phanagoriam
669 727 700 785 et
728 720 796 785 iilic
817 719 957 804 degebat
983 740 1055 785 cum
1077 720 1272 785 Theodora
1318 718 1367 784 his

182 831 300 898 auditis
322 831 512 896 absimarus
534 829 631 894 mittit
659 828 702 894 ad
725 829 905 895 Obsianum
934 831 1124 916 promittens
1147 831 1180 895 ei
1204 828 1391 915 praeberes

180 960 315 1006 munera
330 941 430 1004 multa
451 939 478 1005 si
494 938 706 1005 Iustinianum
723 939 784 1004 sibi
801 939 968 1005 dumtaxat
988 940 1096 1004 uiuum
1113 941 1363 1020 transmitteret,

180 1051 231 1118 sin
251 1057 368 1129 autern,
391 1050 505 1114 saltem
528 1057 626 1132 capnt
646 1050 725 1114 eius.
1025 1132 1027 1137 Ι

97 1152 158 1218 Vll
264 1158 392 1224 Cedens
413 1166 519 1224 autem
542 1159 707 1225 Ohaianus
729 1157 861 1225 huiusce
882 1159 968 1223 modi
991 1159 1153 1243 petitioni,
1177 1158 1361 1224 custodiam

178 1271 209 1337 ei
223 1271 311 1337 misit
325 1270 418 1353 quasi
436 1288 478 1333 ne
500 1290 522 1334 a
536 1270 769 1335 contribulibus
783 1269 851 1335 suis
864 1269 1001 1336 insidias
1016 1276 1183 1354 pateretur
1197 1269 1361 1334 mandans

178 1381 335 1465 Papatzin
358 1381 411 1464 qni
435 1386 504 1445 erat
525 1379 591 1444 iilic
615 1381 647 1444 in
669 1399 828 1463 personae
851 1399 929 1446 suae
952 1381 1023 1446 nice
1038 1379 1213 1462 deputatus
1236 1387 1271 1444 et
1287 1379 1361 1444 Bal·
1377 1389 1399 1438 11

177 1493 277 1575 gitcin
300 1491 438 1576 principi
461 1490 597 1574 Bospori
626 1498 660 1554 nt
688 1509 759 1553 cnm
790 1489 969 1554 nuntiatum
1001 1490 1097 1570 foret,
1127 1489 1272 1555 eundern
1295 1495 1361 1554 tru-

178 1600 324 1667 cidarent
338 1600 563 1667 Iustiniannm.
594 1599 645 1664 his
666 1606 773 1664 antem
789 1620 848 1682 per
866 1619 994 1665 seruum
1011 1599 1149 1665 Ohaiani
1163 1599 1360 1664 Theodorae

178 1712 334 1776 nuntiatis
361 1717 393 1774 et
414 1708 594 1775 Iustiniano
616 1709 786 1794 patefactis
816 1717 1009 1776 conuocatos
1039 1709 1082 1774 ad
1105 1729 1141 1775 se
1164 1710 1231 1773 iam
1254 1709 1360 1775 dictos

178 1821 336 1905 Papatzin
358 1826 391 1885 et
411 1819 575 1902 Baigitzin
596 1819 759 1904 principes
782 1819 875 1903 quasi
897 1819 941 1885 ad
962 1819 1209 1903 colloquendum
1234 1826 1359 1885 secreto

178 1928 299 1994 chorda
320 1928 524 2009 strangulare
546 1930 679 1993 curauit.
724 1928 955 2013 confestimque
977 1929 1182 1995 Theodoram
1195 1929 1242 1994 m
1273 1929 1399 1994 Cha-1⁵

179 2039 300 2104 cariam
330 2038 425 2101 mittit
447 2043 479 2102 et
508 2037 578 2122 ipse
607 2057 628 2102 a
649 2037 856 2121 Phanagoria
884 2040 966 2103 clam
996 2038 1125 2122 fugiens
1148 2040 1182 2104 in
1203 2039 1280 2106 bien
1305 2039 1359 2104 de·

179 2147 305 2215 scandit
333 2155 365 2212 et
392 2148 526 2212 inuenta
553 2148 630 2212 naui
659 2155 775 2232 parata
801 2148 949 2215 aseendit
977 2150 1010 2213 in
1039 2170 1110 2214 eam
1140 2156 1172 2213 et
1193 2150 1358 2234 nauigans

179 2259 270 2324 iuxta
291 2259 386 2324 litora
415 2257 504 2322 uenit
532 2277 635 2340 nsque
663 2257 706 2323 ad
729 2258 916 2343 Symbolum
946 2260 1036 2324 iuxta
1058 2259 1269 2325 Chersonam.
1314 2258 1358 2324 ad

181 2389 278 2454 qnam
294 2370 424 2435 mittens
439 2369 561 2434 occulte
576 2369 649 2434 tuiit
664 2368 925 2435 Barisbacurium
941 2377 973 2433 et
987 2370 1117 2434 fratrem
1132 2372 1202 2435 eius
1218 2368 1357 2434 Saliban

181 2500 308 2565 quoque
340 2499 380 2545 ac
412 2479 613 2564 Stephanum
646 2488 678 2545 et
710 2480 931 2563 Moropauium
964 2499 1029 2543 una
1062 2498 1132 2542 cum
1161 2478 1356 2563 Theophila.
1373 2493 1400 2542 to

181 2592 235 2675 qni
258 2611 328 2655 cum
352 2590 542 2672 nauigasset
564 2609 635 2653 cnm
658 2590 706 2655 eis
729 2587 905 2656 chersonis
928 2589 1069 2654 Pharum
1091 2589 1252 2654 transicit.
1298 2590 1358 2655 sic

181 2719 243 2783 que
277 2698 404 2764 demum
438 2701 683 2765 transfretantes
716 2701 898 2784 Necropola
934 2719 991 2765 sen
1023 2700 1107 2764 ostia
1139 2699 1288 2782 Danapri
1325 2705 1357 2764 et

182 2809 326 2876 Danistri
349 2815 541 2895 tempestate
555 2811 641 2875 facta
656 2829 754 2894 snper
770 2811 874 2876 salute
890 2831 949 2875 sua
964 2809 1126 2894 desperati
1144 2815 1217 2874 suut
1232 2829 1355 2874 omnes.

181 2921 302 2987 Minoes
334 2940 410 2984 uero
444 2920 614 2986 familiaris
647 2920 742 2985 homo
775 2920 880 3004 ipsius
915 2919 997 2984 dixit
1025 2921 1056 2984 ei
1085 2922 1173 2983 ‘ecce
1203 2920 1358 2983 rrrorimnr

182 3028 327 3110 domine,
361 3049 443 3095 noue
476 3028 537 3094 deo
569 3050 627 3113 pro
661 3031 765 3095 sainte
798 3038 854 3094 tna
882 3038 917 3094 ut
945 3030 972 3094 si
1002 3029 1081 3094 deus
1104 3030 1273 3113 imperinm
1298 3029 1358 3094 tibi
1374 3043 1401 3092 11

181 3147 268 3203 tuum
290 3136 468 3203 reddiderit
496 3139 528 3203 in
558 3141 679 3204 nullum
709 3148 832 3204 tuorum
863 3141 1028 3206 ulciscaris
1058 3140 1277 3204 inimicorum'.
1325 3146 1358 3204 at

182 3248 235 3313 ille
265 3245 467 3332 respondens
497 3250 529 3314 in
553 3250 659 3314 furore
682 3249 764 3315 dixit
787 3248 825 3316 ‘si
847 3268 1022 3335 pepercero
1037 3251 1185 3333 cuiquam
1201 3250 1355 3333 ipsorum,

180 3358 241 3425 hoc
264 3359 297 3424 in
320 3359 389 3423 loco
411 3376 462 3424 me
485 3358 565 3425 deus
587 3360 770 3444 demergat!
814 3367 846 3425 et
864 3360 935 3426 sine
956 3361 1098 3444 periculo
1120 3359 1162 3422 ab
1185 3366 1279 3424 aestu
1300 3361 1357 3425 illo

182 3470 282 3536 cxiuit
303 3477 335 3535 et
358 3469 501 3534 introinit
524 3471 556 3534 in
580 3471 765 3536 Danubium
788 3489 925 3535 amnem.

80 3573 160 3640 VIII
266 3580 345 3646 Cum
374 3588 480 3646 autem
515 3580 657 3647 misisset
685 3580 885 3665 Stephanum
918 3579 961 3646 ad
993 3580 1156 3645 'l'erbcllin
1190 3578 1356 3644 dominum
1374 3597 1404 3646 ao

180 3693 354 3775 Bulgariae
376 3697 411 3755 nt
432 3690 495 3757 sibi
518 3691 673 3755 auxilium
690 3697 871 3774 praestaret
892 3689 933 3755 ad
957 3690 1166 3775 optinendum
1190 3692 1356 3772 patentale

186 3880 485 3890 ——a—--nn

248 3970 454 4071 apheuaigbruI
474 4003 498 4057 11
585 4002 756 4070 opraebcre]
775 4015 917 4071 preuenue
935 4001 961 4055 b
1047 3998 1211 4067 scapndb
1289 4003 1358 4053 9ne

180 4093 297 4160 quaint)
404 4100 433 4149 11)
451 4102 477 4148 ct
498 4099 527 4148 11
545 4093 681 4163 patzan
786 4099 816 4148 10
842 4095 979 4162 halgrtzun
1006 4091 1033 4145 b
1119 4097 1163 4166 ,11
1185 4093 1313 4161 bosphori
1331 4092 1358 4146 b

183 4187 213 4236 11
231 4188 306 4253 quain
324 4187 419 4242 om.D
501 4186 676 4242 incendat)
748 4191 778 4240 16
804 4203 822 4241 a
845 4170 1013 4257 phanagorrb
1030 4185 1057 4240 Ι)
1112 4192 1140 4242 ta
1160 4188 1271 4251 lituro!
1290 4202 1357 4239 uen-

178 4278 248 4343 tufq.
265 4279 345 4332 adl)
402 4262 511 4334 cerfonb
529 4280 555 4334 D
652 4284 681 4332 11
702 4279 860 4334 cerionufl)
935 4284 967 4333 22
986 4281 1073 4335 hoftra
1091 4279 1254 4349 donapfr-I)
1324 4284 1356 4333 18

179 4366 246 4431 sine]
267 4368 330 4422 st
399 4377 428 4425 31
451 4371 615 4443 uulgamel)
