2834 5394
556 688 628 736 cnr.
651 689 775 735 x-xm
1198 676 1262 737 569

86 838 310 906 descendisset
330 838 364 904 in
376 839 582 906 Thessaliam
604 847 637 905 et
659 839 839 920 Graeciam,
864 839 1000 905 subiecit
1021 860 1132 906 omnes
1155 849 1186 906 et
1207 842 1261 906 tri-

86 949 229 1015 butarios
251 949 324 1014 iecit
347 949 490 1034 imperio.
535 950 679 1015 intrciuit
701 957 808 1015 autem
837 958 869 1016 et
891 951 924 1014 in
946 949 1205 1034 Peloponnesum
1228 959 1261 1017 et

87 1062 220 1126 multam
242 1059 462 1144 captiuitatem
485 1068 517 1125 et
538 1060 672 1125 exuuias
694 1063 838 1126 Romano
861 1060 996 1144 imperio
1019 1062 1134 1125 attulit.

170 1171 265 1235 Anno
289 1170 414 1255 imperii
439 1169 643 1236 Constantini
673 1190 711 1235 ac
732 1171 872 1235 Eirenac
901 1177 1014 1254 quarto
1043 1170 1140 1236 rediit
1168 1171 1262 1237 Stau-

55 1281 192 1348 5cacius
221 1279 262 1345 de
291 1301 354 1363 quo
382 1300 482 1364 supra
503 1279 623 1345 dietum
646 1287 695 1346 est
722 1302 742 1346 a
764 1281 890 1348 Sciauis
919 1289 951 1346 et
976 1280 1138 1366 triumpho
1160 1280 1263 1346 mani-

87 1392 219 1458 festauit
240 1397 375 1475 tropaea
403 1391 437 1456 in
459 1390 693 1476 hippodromio.
730 1410 841 1457 mense
869 1399 976 1457 autem
1003 1391 1089 1457 Maio
1116 1390 1262 1457 eiusdem

86 1502 243 1586 septimae
266 1499 450 1567 indictionis
473 1500 574 1567 cxiuit
595 1500 783 1585 imperatrix
797 1501 919 1567 Eirena
940 1522 1005 1566 una
1027 1520 1099 1566 curn
1120 1501 1263 1566 filiosuo

86 1620 118 1679 et
146 1612 264 1676 uirtute
286 1610 419 1695 copiosa
447 1611 482 1674 in
504 1610 663 1676 Thracem
693 1612 917 1677 circumferens
945 1631 1069 1694 organa
1097 1618 1128 1678 et
1155 1618 1264 1677 cetera

86 1742 207 1805 genera
229 1721 421 1786 musicorum
451 1726 483 1786 et
505 1722 594 1785 uenit
616 1741 718 1806 usque
739 1723 895 1787 Beroeam
925 1728 957 1786 et
983 1721 1068 1788 hanc
1097 1721 1262 1814 aedificari

41 1847 69 1894 ro
86 1832 200 1898 iubens
223 1831 402 1896 norninauit
424 1831 653 1916 Eirenopolim.
699 1832 787 1897 uenit
808 1839 916 1898 autem
945 1839 977 1899 et
998 1852 1102 1916 nsque
1124 1830 1167 1897 ad
1189 1832 1263 1897 Phi·
1320 1820 1323 1826 ’
1362 1915 1365 1921 ¹

86 1941 274 2027 lippopolim
311 1960 381 2005 cum
415 1941 502 2005 omni
530 1942 702 2007 securitate
730 1950 763 2007 et
790 1942 886 2008 rediit
921 1961 990 2007 cum
1024 1943 1258 2009 construxisset

89 2053 186 2118 etiam
209 2051 416 2117 Anchialum.

171 2160 292 2227 Eodem
315 2181 441 2245 quoquc
464 2181 550 2225 anno
572 2169 605 2226 et
624 2160 768 2225 Arabum
792 2159 857 2227 dux
879 2161 966 2226 bladi
989 2161 1043 2246 qui
1066 2171 1099 2227 et
1120 2161 1263 2226 Muham·

87 2271 161 2338 mad
183 2279 325 2338 mortuus
347 2283 396 2337 est
417 2279 449 2337 et
471 2272 608 2356 optinuit
629 2271 759 2356 Moyses
781 2271 867 2338 filius
889 2272 968 2338 cius.

35 2397 63 2446 15
169 2383 267 2447 Porro
290 2381 393 2466 pridie
415 2380 627 2446 kalendarum
644 2381 918 2466 Septembriaram
942 2380 1086 2448 eiusdem
1102 2382 1260 2467 septimae
1281 2378 1368 2445 XIII

85 2492 270 2558 indictionis
292 2492 412 2556 Paulus
445 2492 602 2557 almificus
639 2498 672 2558 et
708 2492 931 2566 sanctissimus
960 2493 1147 2577 patriarcha
1175 2491 1261 2558 infir·

84 2610 189 2669 matus
216 2602 364 2667 thronum
395 2601 524 2685 reliquit
559 2610 592 2667 et
619 2601 820 2668 descendens
848 2601 890 2668 ad
917 2603 1146 2695 monasterium
1170 2601 1258 2667 Flori

86 2712 296 2778 monasticum
325 2713 467 2795 suscepit
496 2712 641 2777 habitum
672 2712 807 2796 imperio
834 2713 1013 2795 ignorante.
1058 2732 1129 2776 cum
1152 2718 1259 2777 autern

85 2823 146 2887 hoe
168 2822 336 2888 didicisset
358 2822 553 2905 imperatrix,
579 2822 667 2887 uenit
689 2821 730 2887 ad
753 2842 827 2887 eum
849 2841 920 2886 curn
942 2822 1009 2886 tilio
1031 2822 1133 2888 tristIs
1149 2828 1181 2886 ct
1196 2821 1259 2887 cla·

38 2949 69 2999 2⁰
87 2954 179 2999 mans
204 2932 277 2996 ‘cor'
301 2932 406 3016 inquit
429 2930 498 2996 ‘hoc
521 2931 662 2997 iecisti?’
684 2938 717 2995 at
739 2931 794 2998 ille
816 2951 887 2996 cum
909 2933 1060 2997 lamenIIs
1083 2931 1191 2997 multis
1214 2930 1260 2995 ait

86 3043 128 3109 ad
151 3063 222 3107 eam
255 3040 387 3107 ‘utinam
410 3062 451 3106 nc
472 3062 624 3125 umquam
646 3041 801 3108 sedissem
824 3043 857 3106 in
880 3042 1051 3108 sacerdotii
1073 3042 1188 3107 throno
1211 3061 1260 3106 ec-

88 3153 189 3219 clesia
217 3151 270 3217 dei
304 3151 508 3237 tyrannidem
537 3153 679 3235 patiente
707 3152 900 3237 pracsertim
932 3172 1005 3217 curn
1035 3151 1137 3218 scissa
1169 3151 1211 3217 sit
1240 3171 1261 3215 a

85 3263 217 3345 reliquis
240 3262 480 3328 uniuersalibus
498 3261 630 3328 sedibus
653 3270 684 3327 ct
706 3262 998 3328 anathematizata?
1025 3282 1109 3346 quac
1131 3261 1259 3326 demum

86 3373 227 3439 adscitos
255 3371 408 3457 patricios
437 3379 469 3437 et
497 3380 630 3439 senatus
662 3375 820 3457 primores
848 3373 935 3438 misit
973 3370 1016 3437 ad
1044 3392 1116 3437 euni
1147 3371 1260 3437 audire

38 3499 68 3548 25
86 3502 168 3566 quac
191 3483 232 3547 ab
256 3483 327 3568 ipso
350 3481 540 3547 dicebantur
569 3482 623 3567 qui
651 3482 733 3548 dixit
754 3482 796 3548 ad
818 3483 892 3549 illos
916 3483 995 3549 ‘nisi
1023 3481 1166 3569 synodus
1193 3481 1262 3546 uni·

87 3593 225 3659 uersalis
248 3592 304 3657 fiat
325 3600 357 3657 et
379 3612 467 3657 error
490 3593 544 3676 qni
560 3600 609 3659 est
630 3593 664 3656 in
680 3592 787 3658 medio
799 3594 898 3659 uestri
914 3593 1099 3677 corrigatur,
1123 3593 1261 3659 salutern

86 3723 151 3769 non
173 3702 354 3768 habebitis!
397 3704 500 3768 atilli
522 3703 673 3769 ‹lixerunt
694 3704 724 3769 ci
756 3704 803 3769 ‘ct
825 3723 925 3788 quare
947 3704 1167 3788 subscripsisti
1189 3722 1261 3767 cum

86 3812 319 3879 consecrareris
342 3833 407 3878 non
428 3821 459 3877 tc
475 3820 679 3879 consecratur
694 3813 907 3879 umiconam?’
928 3814 974 3878 ait
988 3822 1095 3880 autem
1119 3813 1260 3879 ‘etenim

86 3923 205 3988 idcirco
231 3923 383 3989 lamentis
411 3923 535 3988 afficior
562 3931 594 3989 et
621 3925 745 3988 cucurri
774 3923 817 3988 ad
845 3923 1077 4009 paenitentiam
1110 3922 1261 4008 depreca-

37 4046 69 4095 :to
86 4041 175 4100 turus
198 4032 303 4115 deum,
333 4053 375 4099 ne
397 4033 479 4100 sicut
501 4033 701 4100 sacerdotem
724 4053 774 4098 me
796 4034 915 4099 cruciet
943 4034 997 4117 qui
1025 4033 1178 4099 tacuerim
1207 4052 1263 4099 ns·

85 4163 146 4230 quc
169 4163 253 4210 nunc
276 4150 308 4208 et
329 4164 409 4229 prae
431 4144 544 4208 timore
565 4143 680 4210 furoris
703 4144 802 4210 uestri
824 4165 889 4209 non
905 4143 1161 4229 praedicauerim
1180 4142 1261 4208 ueri·

84 4256 202 4322 tatem'
246 4261 279 4320 et
306 4254 340 4319 in
362 4253 414 4319 his
436 4253 632 4319 obdormiuit
659 4254 693 4318 in
715 4273 796 4340 pace
824 4253 977 4321 derelicto
998 4255 1139 4320 lamento
1162 4254 1262 4319 multo

83 4373 150 4431 tam
171 4365 308 4451 imperio
331 4383 426 4448 quam
449 4363 513 4448 piis
546 4370 578 4430 et
598 4364 761 4447 religiosis
782 4367 830 4431 rei
852 4365 1001 4448 publicae
1022 4365 1111 4431 uiris.
1155 4366 1262 4432 colen·

152 4639 430 4710 2peloponn1iuml)
504 4643 564 4693 tet
581 4644 594 4690 t
614 4639 765 4696 herreneD
850 4646 977 4711 btropeo
995 4657 1023 4694 m
1040 4639 1215 4712 yppodromro
1235 4639 1263 4696 D

85 4733 272 4802 Scopiotol)
359 4739 390 4788 lo
414 4709 624 4804 herrenopolil)
695 4738 725 4789 13
744 4733 923 4804 quoqucq·D
995 4740 1024 4789 to
1042 4733 1217 4803 pathnarchn
1235 4732 1265 4790 D

86 4833 116 4882 21
138 4811 254 4898 uquio
322 4826 530 4882 crassatore
598 4831 630 4882 ro
649 4842 721 4882 curn
738 4827 765 4883 o
833 4831 863 4882 ar
884 4826 1042 4883 uenator)
