2834 5394
175 213 238 278 602
663 231 754 278 urani
776 230 860 277 xxvi

175 380 330 446 uerbium.
375 382 562 449 uulneratus
584 388 691 449 autem
714 388 764 448 est
779 381 966 449 Stauracius
980 381 1070 449 filius
1087 382 1170 451 eius
1186 385 1379 469 periculose

174 489 209 557 in
238 490 353 557 dextra
381 492 454 556 colli
484 499 575 577 parte
610 501 641 557 et
670 493 725 557 uin
754 512 775 557 a
801 512 912 576 pugna
939 493 1036 558 uiuus
1065 494 1182 560 exiuit
1221 505 1260 561 et
1291 496 1378 561 uouit

174 600 440 686 Hadrianopolim
462 602 611 667 atrociter
633 623 654 666 a
675 603 775 687 plaga
795 601 1028 687 colaphizatus.

19 708 153 777 XXVII
259 711 302 775 At
324 731 400 777 uero
416 710 602 795 Stephanus
625 712 780 797 patricius
803 719 834 777 et
856 712 1039 778 scholarum
1055 711 1280 782 domesticus
1306 735 1377 781 carm

176 820 307 888 adesset
329 841 455 905 quoque
477 821 681 888 Theoctistus
705 822 868 905 magister,
900 822 1132 907 pronuntiauit
1157 824 1403 890 Stauraoiums

176 934 401 1018 imperatorem
425 938 457 998 et
484 931 662 1017 disputauit
688 934 818 1017 populo,
855 932 910 1016 qui
939 933 1087 999 saluatus
1120 935 1231 1000 suerit
1264 945 1379 1001 contra

176 1043 340 1127 proprium
363 1049 488 1126 patrem
518 1063 627 1124 suum,
665 1044 720 1126 qni
749 1042 869 1128 oppido
902 1041 1053 1107 delectati
1083 1050 1181 1109 sunt
1230 1045 1379 1113 Michael

176 1171 256 1221 sane
280 1150 507 1235 Curopalatius
536 1153 669 1247 illaesus
699 1172 882 1238 exuperans
903 1151 1077 1218 admodum
1100 1153 1150 1217 ab
1176 1157 1308 1223 amicis
1331 1177 1379 1223 ro

175 1269 271 1347 gatus
293 1269 342 1327 ost
364 1269 397 1325 ut
419 1262 594 1345 imperator
615 1264 848 1348 appellaretur,
886 1269 918 1328 et
944 1282 1009 1328 non
1036 1261 1183 1330 admisit
1215 1265 1263 1330 ob
1295 1266 1379 1332 iura·

175 1381 286 1440 menta
314 1373 471 1456 praestita
499 1373 683 1456 Nicephoro
711 1381 808 1457 atque
837 1373 1015 1440 Stauracio.
1060 1373 1142 1437 huic
1175 1375 1379 1460 Stephanus
1394 1385 1416 1436 tl

176 1484 369 1550 domesticus
404 1484 583 1549 resultabat
618 1502 675 1566 spe
709 1483 796 1548 uitae
825 1483 993 1549 Stauraoii.
1037 1482 1268 1552 Theoctistus
1301 1506 1380 1552 uero

176 1596 330 1678 magister
363 1594 533 1677 satagebat
565 1614 622 1679 pro
656 1593 792 1679 imperio
821 1593 998 1659 Michaelis.
1042 1612 1146 1677 porro
1172 1595 1381 1663 Stauracius

176 1725 235 1790 per
256 1705 382 1769 urinam
405 1704 563 1787 sauguine
586 1704 815 1769 immensurate
842 1709 1070 1788 prorumpente
1108 1705 1294 1773 arefactus
1332 1715 1381 1773 est

176 1809 351 1879 femoribus
380 1813 474 1879 simul
503 1822 536 1878 et
563 1813 650 1880 tibiis
679 1813 762 1879 adeo
791 1821 826 1879 ut
852 1814 966 1898 phorio
995 1811 1121 1879 ueniret
1151 1813 1380 1899 Byzantium.

176 1923 261 1989 hunc
288 1922 490 2007 Nicephorus
524 1924 709 2008 patriarcha
741 1924 851 1989 ualido
884 1944 998 1989 amans
1030 1922 1150 1986 affectu
1189 1928 1404 1993 consiliumt

177 2031 278 2098 dabat
298 2033 328 2097 ei
350 2038 385 2096 ut
406 2032 501 2097 deum
524 2034 669 2116 placaret
701 2041 734 2100 ct
755 2054 811 2101 eos
834 2034 889 2118 qui
912 2032 1050 2098 auaritia
1071 2037 1304 2116 praegrauati
1329 2058 1378 2105 es·

177 2148 251 2210 sent
271 2162 292 2207 a
314 2152 405 2227 patro
427 2163 485 2208 suo
509 2144 737 2209 consolaretur.
782 2143 824 2209 ad
854 2164 948 2228 quem
977 2141 1105 2225 paterni
1136 2163 1269 2213 sensus
1301 2167 1377 2231 ger-

177 2273 293 2320 manus
315 2251 410 2319 heres
432 2252 562 2318 dicebat
582 2273 648 2319 non
672 2273 707 2320 se
728 2274 827 2339 posse
849 2254 922 2337 plus
937 2253 1038 2319 tribus
1055 2252 1201 2320 reddere
1218 2258 1373 2336 talentis.

176 2364 259 2429 haec
280 2372 387 2428 autom
411 2370 503 2428 erant
525 2363 620 2429 exilis
642 2384 718 2448 pars
741 2364 970 2431 iniustitiarum
993 2363 1090 2445 illius,
1114 2383 1238 2429 uerum
1255 2374 1373 2432 tamen

176 2481 209 2539 et
236 2475 321 2538 circa
349 2473 428 2538 haec
456 2474 670 2559 pigritabatur
705 2475 817 2540 uiuere
843 2473 957 2540 fidens.
1001 2492 1073 2537 cum
1101 2479 1216 2538 autem
1248 2476 1371 2543 foedus
1385 2483 1412 2535 2⁰

177 2583 335 2649 illibatum
371 2605 459 2649 more
493 2592 649 2668 paternae
683 2585 801 2650 mentis
830 2584 915 2649 circa
943 2583 1103 2648 neminem
1133 2593 1368 2668 conseruerat,

176 2692 376 2776 frequentius
409 2692 730 2761 dehonestationibus
762 2694 970 2760 submittebat
998 2692 1224 2758 'Pheootistum
1260 2695 1367 2778 magi·

176 2807 277 2867 strum
311 2809 342 2866 ot
372 2803 582 2869 domesticum
618 2803 816 2888 Stephanum
853 2810 886 2868 et
912 2802 1103 2867 Michaelem
1132 2801 1365 2886 Curopalatcn

176 2919 327 2978 auertens
358 2914 488 2978 omnino
518 2920 550 2979 et
571 2915 761 2998 Procopiam
791 2933 923 2979 uxorem
952 2933 1043 2978 suam
1079 2918 1113 2976 ut
1141 2912 1363 2980 insidiantem

176 3023 239 3092 sibi
275 3023 495 3104 'Pheophanus
522 3023 689 3106 Augustae
719 3023 999 3089 submissionibus.
1044 3042 1117 3086 mox
1145 3022 1272 3105 quippe
1303 3024 1362 3087 mi·
1378 3037 1404 3087 25

174 3150 327 3212 seraper
350 3132 465 3203 beatae
488 3131 697 3197 imitationem
720 3133 874 3216 Eirenae‚
904 3133 1051 3216 optinere
1073 3131 1229 3216 sperabat
1252 3132 1361 3216 impe·

176 3240 267 3322 dum,
291 3260 362 3303 curn
385 3241 455 3306 sine
478 3241 590 3306 liberis
612 3249 709 3308 esset.

22 3349 172 3417 XXVIII
264 3351 324 3416 Ast
345 3370 421 3415 uero
444 3350 630 3417 Stauracius
653 3372 688 3418 so
710 3351 825 3417 uidens
847 3351 1072 3418 insanabiliter
1092 3350 1260 3431 infirmari,
1296 3350 1358 3415 ha-

176 3461 278 3526 bitum
307 3461 476 3545 imperium
505 3461 597 3527 uxori
620 3463 786 3546 acquirere
814 3462 989 3528 festinabat
1025 3469 1057 3526 ct
1078 3461 1237 3543 Balgares
1268 3461 1357 3524 exci-

176 3579 245 3636 tare
268 3572 302 3636 in
324 3571 526 3638 Christianos
553 3593 652 3657 supra
680 3571 908 3657 praecedentia
935 3573 1036 3650 mala,
1074 3589 1169 3652 super
1201 3589 1266 3653 quo
1296 3591 1356 3653 pa·
1378 3584 1407 3635 oo

177 3691 290 3748 nentes
312 3681 514 3765 Nicephorus
537 3682 724 3764 patriarcha
738 3681 941 3748 Theoctistus
976 3682 1129 3764 magister
1152 3678 1357 3762 Stephanus·

245 3964 484 4058 hadrianopolrll
559 3974 697 4045 arcolar'u
716 3993 742 4047 Ι)
817 3991 1030 4046 'erohahelD
1107 3989 1310 4076 Scrrropolatrl
1328 3990 1357 4045 1)

176 4070 355 4152 amlmoddl)
432 4084 579 4136 bammrht
597 4083 623 4137 Ι)
703 4089 732 4139 12
751 4085 906 4139 michahebl
922 4084 948 4138 D
1036 4089 1066 4138 14
1085 4080 1248 4137 bizantruD
1319 4086 1355 4135 20

175 4175 254 4229 fedus
270 4176 296 4230 1)
390 4180 421 4229 22
441 4162 644 4245 sdmrtltebatl)
746 4182 778 4232 23
797 4178 972 4232 michahelem
990 4176 1016 4231 Ι)
1101 4181 1133 4230 25
1151 4176 1308 4243 theophanu
1328 4175 1356 4229 1)

179 4255 352 4336 ldmrllromh3
371 4269 397 4322 D
465 4274 498 4323 26
516 4270 623 4324 herrene
641 4269 667 4324 I)
735 4274 767 4324 22
786 4270 916 4325 infirmari
933 4287 984 4325 om.
1003 4269 1029 4324 D
1097 4274 1129 4323 29
1148 4275 1177 4322 at
1195 4267 1320 4336 uulgaret
1328 4267 1355 4322 D

178 4363 209 4414 31
230 4363 371 4429 magistros
387 4361 413 4414 D
