2834 5394
271 739 344 788 cnr.
368 739 626 789 xxxn-xxxrn.
669 740 763 789 amar
783 739 885 787 xxnn
906 738 980 787 cnr.
1003 738 1077 787 1-11
1195 722 1257 785 527

84 889 119 956 in
141 892 229 958 omni
250 891 383 959 ciuitate
403 892 488 959 inter
509 912 589 977 quos
612 899 645 959 et
657 891 847 959 Eustathius
868 891 954 958 filius
969 888 1106 955 Mariani
1129 887 1258 975 patricii

85 1008 206 1086 martyr
227 1020 324 1069 uerus
346 1009 497 1071 ostensus
519 1009 570 1069 est
594 1002 629 1068 in
651 1001 762 1070 Carris
784 999 1038 1088 Mesopotamiae
1064 999 1121 1065 ubi
1148 1005 1181 1064 et
1207 1017 1258 1065 re-

83 1110 205 1195 liquiae
236 1111 341 1197 ipsius
374 1113 530 1182 sanitates
557 1132 618 1198 per
645 1111 698 1180 dei
726 1112 865 1196 gratiam
894 1116 1069 1198 operantur
1100 1116 1133 1176 et
1164 1108 1256 1175 multi

82 1221 139 1287 alii
160 1241 219 1306 per
240 1224 431 1307 sanguinem
452 1223 665 1290 consummati
686 1229 770 1290 sunt

51 1567 67 1617 o
314 1562 461 1628 LIBER
491 1560 769 1630 vlcasfflvs
802 1560 1024 1641 QVARTVS

169 1765 263 1830 Anno
292 1766 334 1831 ab
361 1765 583 1831 incarnatione
611 1764 734 1831 domini
767 1765 1055 1851 septingentesimo
1089 1761 1290 1831 tricesimoI

84 1874 178 1940 tertio
207 1874 463 1942 consulamus
491 1882 677 1961 persecutor
705 1876 811 1960 legum
839 1897 861 1942 a
889 1875 1036 1962 patribus
1065 1873 1256 1941 traditarum
1296 1857 1299 1864 ’

85 1985 223 2070 imperat
244 1985 366 2054 diuinis
388 1986 517 2052 indiciis
538 1993 571 2052 'et
591 1984 797 2052 multitudine
825 1987 991 2071 culparum
1019 1984 1170 2070 exigente
1198 2005 1256 2051 no·

85 2102 222 2161 utrarum
245 2095 300 2180 qui
322 2115 394 2161 cum
417 2096 528 2181 quinto
550 2095 711 2163 kalendas
734 2096 809 2161 Iulii
829 2096 872 2163 ad
894 2103 1004 2182 partes
1026 2115 1178 2181 egressus
1192 2096 1257 2164 Ob-

37 2208 67 2259 ¹⁰
85 2204 155 2272 sicii
177 2205 335 2274 aduersus
356 2205 483 2274 Arabes
505 2213 608 2289 esset,
646 2205 736 2271 uenit
765 2205 808 2271 ad
836 2205 998 2272 ciuitatem
1027 2225 1111 2291 quae
1139 2205 1257 2273 dicitur

84 2313 197 2382 Craso.
240 2335 311 2382 oum
340 2324 448 2384 autem
478 2316 662 2403 praedictus
684 2315 886 2384 Artauasdus
908 2317 1064 2403 Dorylaci
1093 2335 1164 2383 cum
1192 2317 1256 2385 Ob

83 2425 171 2490 siaco
193 2428 312 2512 populo
334 2436 431 2505 esset,
455 2427 703 2512 suspicabantur
723 2425 765 2492 ad
787 2427 822 2492 in
846 2427 959 2494 uicem.
993 2427 1125 2495 mittens
1147 2435 1256 2495 autem

83 2533 315 2604 Constantinus
337 2537 380 2603 ad
403 2536 628 2623 competebat
651 2537 713 2605 sibi
735 2536 831 2621 dirigi
855 2537 938 2605 filios
963 2538 1043 2621 eins,
1066 2559 1147 2623 quos
1162 2541 1256 2623 quasi

82 2646 291 2714 desiderabat
326 2653 437 2730 utpote
464 2655 599 2733 nepotes
622 2667 697 2714 suos
721 2646 842 2713 uidere.
886 2648 1021 2715 intentio
1054 2655 1162 2716 antem
1184 2650 1255 2720 eius

37 2764 66 2814 ¹5
83 2764 153 2821 erat
175 2755 468 2841 comprehendendi
490 2775 546 2824 eos
569 2764 602 2822 et
622 2756 819 2822 retrudendi.
863 2763 898 2822 at
918 2757 974 2823 illc
995 2776 1067 2822 oum
1081 2758 1257 2829 intellexis-

84 2873 135 2932 set
156 2865 311 2946 trondem,
349 2865 646 2932 immensurabilem
668 2865 823 2931 malitiam
847 2867 917 2933 eius
939 2865 1046 2933 sciens
1069 2868 1119 2934 sui
1141 2867 1256 2953 despe

84 2975 242 3040 rationem
263 2975 397 3040 incurrit
416 2975 634 3060 populumque
661 2975 830 3056 alloquens
859 2982 892 3041 et
911 2975 1112 3060 persuadens
1133 2977 1256 3063 impetu

84 3085 242 3152 aduersus
263 3085 353 3150 illum
375 3104 447 3150 cnm
469 3085 556 3150 omni
578 3083 783 3151 multitudine
804 3086 993 3170 properauit
1014 3092 1047 3153 et
1066 3086 1167 3154 Beser
1189 3089 1257 3172 qui·

84 3195 155 3261 dem
181 3196 360 3281 patricium,
389 3195 444 3279 qui
475 3214 590 3262 sensus
613 3200 684 3262 erat
705 3195 941 3261 Saracenorum
969 3202 1108 3263 sectator
1136 3198 1256 3283 quique

33 3312 65 3363 20
83 3313 315 3391 praecesserat,
352 3305 537 3390 romphaeis
574 3305 812 3372 interfecerunt.
862 3312 897 3371 at
925 3325 1001 3371 nero
1024 3305 1255 3377 Constantinus

82 3417 200 3484 misero
222 3436 304 3501 equo
326 3416 407 3482 torte
429 3422 530 3483 strato
552 3421 679 3500 reperto
701 3434 773 3481 cnm
794 3414 997 3484 ascendisset
1025 3435 1098 3482 enm
1129 3418 1256 3501 lugiens

82 3527 171 3591 uenit
192 3526 367 3590 amorium.
412 3533 538 3592 etcum
560 3524 603 3590 ad
624 3525 829 3592 orientalium
851 3525 968 3608 thema,
1007 3526 1096 3594 cuius
1124 3536 1255 3614 praetor

83 3644 158 3702 tunc
180 3636 343 3701 Lancinus
364 3643 443 3716 erat,
479 3636 681 3716 cucurrisset,
719 3636 967 3702 circumuenitur
995 3636 1135 3719 abillis,
1173 3660 1255 3723 quos

83 3745 210 3828 magnis
243 3746 420 3812 subleuans
447 3744 734 3830 pollicitationibus
763 3744 806 3811 ad
828 3745 1042 3813 Sisinnatium
1064 3747 1160 3814 mittit
1181 3767 1254 3815 con·

33 3856 198 3936 abiectior,
228 3854 282 3937 qui
303 3861 433 3939 praetor
454 3861 525 3920 erat
545 3861 620 3921 tunc
641 3854 875 3922 Thracensium
897 3855 1048 3924 thematis
1071 3864 1102 3923 ct
1123 3878 1254 3943 persua·

82 3964 136 4031 det
157 3965 222 4030 illis
245 3965 403 4029 auxiliare
425 3964 497 4031 sibi.

166 4075 250 4140 Hinc
272 4094 348 4158 ergo
371 4073 591 4141 atrocissimae
611 4094 741 4160 pugnae
764 4081 796 4141 ct
818 4074 981 4142 condictus
1004 4074 1143 4143 subditis
1156 4096 1253 4160 gene·
1274 4075 1311 4144 11

81 4192 193 4250 rantur
214 4203 286 4249 cum
308 4184 483 4270 imperator
512 4185 732 4268 appellaretur
758 4193 901 4270 uterque.
945 4192 1115 4269 praeterea
1143 4186 1254 4253 scribit

79 4294 281 4361 Artauasdus
310 4293 354 4359 ad
381 4294 605 4380 Theophanen
634 4295 806 4380 patricium
833 4301 865 4361 et
893 4295 1091 4378 magistrum,
1128 4297 1184 4380 qui
1213 4317 1254 4364 ox

149 4601 275 4651 tmarmr
292 4595 419 4666 pathrrcn
436 4594 463 4650 Β
531 4596 725 4653 icharranll
793 4596 1007 4669 lasbserr'ptum
1024 4599 1134 4653 axomo'
1150 4614 1250 4653 amaa·

77 4688 605 4757 urm-mmnnnnmna·xxn11;ial)
674 4694 811 4745 semema
828 4689 855 4745 Β
940 4690 1003 4745 akr
1021 4689 1048 4745 Β
1101 4695 1129 4744 tt
1149 4691 1252 4762 dorylei

79 4782 106 4837 Β
158 4785 189 4836 12
208 4782 417 4851 tulprcrebantur
433 4781 513 4837 abl)
600 4786 630 4838 13
648 4783 777 4852 drngnll
865 4787 894 4837 15
912 4782 1096 4839 retraener
1177 4789 1208 4840 19
1226 4792 1253 4841 et

77 4879 111 4930 29
128 4859 263 4944 pathrrcrd
280 4874 307 4930 Β
375 4878 407 4929 ²0
425 4860 535 4945 rdpherl
549 4875 576 4931 Β
643 4880 676 4930 22
694 4881 770 4932 nonrt
786 4892 837 4932 om.
859 4875 888 4930 Β
956 4880 990 4932 24
1008 4858 1162 4934 bitrnnacrd
1179 4877 1207 4935 Β
