2834 5394
563 729 636 777 can.
659 728 761 778 1-1111
1190 718 1251 781 563

79 879 181 944 tinum
210 880 436 964 imperatorem
465 879 509 945 ad
536 881 782 948 custodiendum
810 903 883 949 eum
917 892 950 950 et
978 882 1251 950 commoriendum

79 1011 138 1075 pro
161 991 218 1057 eo!

164 1102 206 1167 Et
237 1102 272 1166 in
304 1101 480 1167 crastinum
511 1101 640 1186 quando
668 1101 820 1169 uidelicet
847 1123 984 1188 magnus
1013 1109 1046 1171 et
1071 1102 1251 1170 dominicus
1272 1097 1322 1165 Ill

79 1212 149 1279 dies
170 1210 316 1278 Paschae
338 1212 519 1279 celebratus
542 1219 592 1279 est
613 1219 727 1278 octauo
750 1212 965 1279 kalendarum
979 1214 1138 1278 Maiarum
1161 1233 1254 1298 quar·

47 1330 132 1389 stae
165 1321 311 1388 decimae
348 1321 535 1389 indictionis
573 1343 709 1388 aurorae
747 1324 934 1409 crepusculo
971 1324 1086 1390 exiens
1114 1323 1253 1408 impera·

78 1441 127 1498 tor
149 1454 214 1498 una
237 1451 308 1497 cum
330 1431 518 1515 patriarcha
539 1435 572 1498 in
594 1433 856 1519 hippodromium
885 1433 991 1500 delato
1020 1435 1136 1500 altario
1164 1434 1252 1498 omni

78 1544 197 1629 populo
220 1543 466 1627 contemplante,
503 1542 690 1628 patriarcha
717 1545 793 1610 lecit
815 1544 993 1610 orationem
1022 1551 1055 1610 et
1087 1543 1254 1609 coronauit

78 1655 304 1738 imperatorem
333 1652 434 1717 lilium
456 1672 564 1734 suum,
594 1660 627 1718 et
654 1654 701 1718 ita
728 1654 886 1739 processit
912 1653 956 1719 ad
978 1674 1130 1738 magnam
1152 1653 1253 1719 coule-

80 1764 163 1829 siam
196 1769 330 1846 uterque
362 1762 538 1848 imperator
570 1783 641 1828 cum
664 1764 790 1829 duobus
813 1763 1007 1830 Caesaribus
1029 1762 1251 1830 nobilissimis.
1318 1835 1322 1841 ,

33 1883 64 1932 ro
81 1874 238 1959 processit
259 1879 365 1937 autem
388 1881 420 1939 et
439 1872 629 1958 imperatrix
642 1874 762 1940 Eirene
783 1893 855 1938 cum
877 1873 1132 1959 praecessissent
1153 1874 1252 1957 impe·

79 1991 214 2065 ratores,
242 1983 378 2066 sceptris
401 1984 653 2066 obsequentibus
675 2003 733 2068 per
755 1985 884 2051 scholas
906 1982 1058 2049 antelatis
1087 1989 1119 2048 et
1140 2001 1252 2048 ascen-

80 2093 230 2159 dentibus
251 2114 309 2177 per
332 2113 454 2161 aeneae
476 2101 589 2177 portae
616 2113 787 2160 ascensum
815 2093 850 2159 in
879 2093 1122 2160 catechumenia
1151 2092 1252 2157 eccle-

79 2205 157 2285 siae,
186 2224 250 2269 non
279 2204 391 2271 exiens
422 2205 456 2269 in
484 2206 625 2290 plateam
647 2205 786 2270 Emboli.
830 2223 941 2270 menso
962 2222 1039 2268 uero
1061 2203 1146 2268 Maio
1170 2202 1253 2268 cius·

79 2314 152 2380 dom
188 2313 372 2380 indictionis
409 2323 579 2381 accusatus
615 2320 666 2381 est
694 2315 897 2399 Nicephorus
929 2313 1050 2380 Caesar
1086 2320 1119 2379 et
1154 2313 1253 2377 irater

33 2439 61 2487 15
79 2424 281 2511 imperatoris
319 2423 404 2508 quod
440 2425 579 2492 insidias
616 2424 849 2492 construxisset
879 2423 1037 2490 aduersus
1073 2443 1146 2489 eum
1180 2442 1252 2487 oum

78 2534 261 2619 Spathariis
298 2534 490 2618 quibusdam
528 2545 625 2618 atque
660 2535 851 2601 stratoribus
893 2535 1032 2619 allisque
1066 2532 1253 2599 hominibus

78 2646 192 2729 regim,
225 2652 256 2709 ct
284 2645 368 2709 lacto
391 2646 566 2728 imperator
587 2646 715 2711 silentio
745 2645 833 2730 apud
854 2645 1066 2728 Magnauram
1104 2643 1254 2726 exposuit

78 2756 197 2840 populo
213 2775 296 2840 quae
312 2754 352 2819 dc
368 2774 404 2821 se
420 2763 513 2820 erant
528 2755 623 2820 dicta.
647 2756 701 2839 qui
718 2755 912 2821 unanimiter
934 2755 1197 2819 exclamauerunt
1218 2756 1254 2816 ut

77 2872 212 2950 uterquc
234 2863 400 2930 rcccdcrct
422 2884 439 2930 c
462 2864 576 2946 medio,
614 2887 678 2931 non
708 2871 922 2930 rnomorantes
959 2867 1099 2947 [semper
1121 2859 1250 2946 periuri]

31 2992 62 3044 uo
78 2996 113 3042 se
142 2975 226 3061 patri
255 2994 364 3040 corum
393 2975 519 3042 iurasse
548 2996 613 3041 non
642 2975 841 3041 admissuros
864 2979 1092 3057 postmortem
1115 2972 1184 3037 eius
1206 2971 1253 3035 in-

77 3085 193 3151 iuriam
216 3085 284 3169 pati
306 3092 399 3150 natos
423 3084 501 3152 eius.
546 3093 598 3152 ost
619 3086 794 3169 imperator
808 3082 944 3149 rebelles
966 3102 1079 3149 caesos
1097 3089 1129 3147 ct
1142 3088 1254 3147 tonsos

78 3196 176 3261 exilio
198 3194 287 3279 apud
303 3193 499 3261 Chorsoncm
515 3195 700 3279 deportatos
723 3196 791 3260 lore
812 3192 955 3260 decreuit
984 3200 1017 3258 et
1044 3192 1175 3257 climata
1195 3191 1254 3255 illa

79 3306 139 3372 sub
162 3304 309 3371 custodia
332 3312 363 3370 et
386 3305 562 3371 munimine
583 3304 818 3372 conseruanda.

163 3416 257 3479 Anno
273 3415 401 3498 imperii
416 3416 535 3482 Leonis
557 3415 699 3482 secundo
722 3414 863 3498 confugit
884 3413 1065 3496 Telorygus
1080 3409 1254 3494 Bulgariae
1275 3406 1341 3473 1111

31 3538 62 3588 25
79 3523 228 3590 dominus
250 3524 293 3589 ad
314 3525 558 3609 imperatorem,
582 3528 637 3610 qui
659 3525 735 3591 fecit
756 3544 828 3590 eum
850 3522 1020 3609 patricium
1049 3520 1187 3604 iungens
1207 3519 1256 3584 illi

80 3642 112 3700 et
132 3635 241 3700 uxoris
270 3654 348 3700 suae
371 3636 509 3700 Eironac
538 3635 773 3702 consobrinam.
817 3655 889 3700 cum
917 3641 1024 3699 autem
1055 3631 1256 3716 baptizatum

80 3763 152 3808 eum
176 3764 216 3808 ox
239 3751 351 3810 sancta
374 3765 500 3829 quoquo
522 3746 648 3828 piscina
670 3745 875 3829 suscepisset,
899 3740 1256 3826 magnifioehonorauit

79 3855 202 3938 pariter
223 3861 254 3917 et
276 3855 405 3919 amauit.

165 3964 258 4027 huno
289 3963 415 4047 imperii
438 3964 558 4031 Leonis
587 3964 680 4030 tortio
710 3965 794 4031 sedit
815 3963 1015 4028 Ithumamas
1038 3958 1126 4044 apud
1147 3958 1255 4023 Dabo-

31 4093 63 4145 ao
80 4075 175 4139 chum
204 4078 236 4139 et
263 4072 454 4140 seditionem
477 4073 657 4139 commouit.
701 4074 768 4140 Leo
791 4078 899 4138 autem
926 4072 1101 4155 imperator
1123 4067 1254 4133 militias

77 4187 294 4250 Romanorum
331 4183 448 4250 direxit
490 4192 521 4249 ct
560 4185 711 4268 ingressa
739 4190 812 4250 sunt
841 4181 970 4266 Syriam
999 4186 1127 4246 centum
1154 4177 1253 4260 milia,

145 4489 347 4545 tholmai)
400 4474 652 4560 byppodromuill
724 4492 796 4541 lbet
814 4491 847 4543 26
865 4485 1017 4542 hemeneI)
1078 4488 1107 4538 11
1127 4480 1254 4539 loolall)

81 4589 111 4638 12
130 4591 312 4639 catecumema
330 4583 356 4637 h
461 4586 491 4635 19
509 4581 618 4650 periuri]
636 4595 722 4650 perora
739 4579 779 4645 D,
805 4580 900 4651 peiurii
917 4578 1097 4643 Anastasius,
1115 4591 1202 4646 perun
1220 4573 1253 4641 P,

79 4677 167 4731 ‘lectio
194 4694 249 4731 nort
275 4677 352 4731 boau‘
373 4674 512 4740 Gruterus,
530 4675 650 4746 plossum
667 4672 758 4727 ‹lelcui
849 4678 880 4726 22
907 4658 1021 4728 cerione
1048 4670 1075 4727 D
1149 4672 1182 4722 24
1200 4674 1253 4724 ter-

78 4770 200 4840 lorgygul
224 4754 336 4838 uulgaris
363 4769 465 4824 donum
491 4765 517 4821 D
619 4770 651 4820 25
681 4764 892 4835 pathrterumI)
978 4768 1010 4818 29
1045 4762 1197 4820 rthrmamat
1227 4759 1255 4817 ll

78 4862 242 4920 dabcconl)

997 4960 1055 5014 36*
