2834 5394
715 50 726 75 Ι
777 62 780 71 ι

743 102 772 127 4ο

719 148 729 169 1ι

617 687 689 734 ese.
713 687 786 735 1-11
1234 672 1291 733 351

120 838 265 907 secundo
292 845 366 925 post
396 840 536 904 Zenonis
568 858 735 905 excessum
759 837 941 924 <Longinus
972 839 1069 903 irater
1096 839 1165 904 cius
1193 838 1292 922 impe-

120 950 204 1014 rium
227 955 389 1034 temptaris
424 947 580 1014 inuadere
603 950 644 1013 ab
666 949 823 1014 Ariathne
845 951 994 1034 repulsus
1024 956 1073 1014 est
1102 955 1133 1012 et
1153 948 1291 1013 Anasta·

120 1061 189 1126 sius
212 1059 418 1126 silentiarius
451 1058 493 1123 ab
515 1059 672 1125 Ariathne
707 1067 903 1143 senatusque
937 1079 975 1125 ac
1006 1059 1103 1124 totius
1132 1057 1290 1124 exercitus

119 1170 265 1236 consulto
295 1168 400 1233 induit
429 1189 614 1253 purpuram.
659 1169 705 1234 ita
734 1178 905 1235 coronatus
927 1170 1107 1235 Ariathnen
1136 1167 1222 1232 ducit
1249 1167 1290 1233 ad

86 1280 250 1364 enuptias
278 1279 420 1345 nonduin
448 1286 523 1343 ante
552 1280 644 1343 uxori
674 1281 823 1346 sociatus.
868 1280 920 1344 hic
948 1280 1085 1344 Romani
1113 1278 1211 1343 decus
1234 1279 1292 1341 im·

118 1390 201 1475 perii
222 1389 445 1473 Eutychianos
468 1387 642 1455 haereseos
665 1389 776 1454 illuuic
798 1391 982 1455 maculauit.
1027 1389 1122 1454 buius
1145 1382 1303 1471 tempori

116 1500 179 1567 bus
211 1500 328 1565 Festus
361 1498 584 1564 nobilissimus
616 1505 746 1565 senator
783 1507 815 1564 ct
849 1502 1002 1567 exconsul
1043 1499 1131 1565 urbis
1169 1501 1290 1563 ltoniae

117 1612 237 1677 missus
260 1609 350 1690 rogia
372 1608 450 1672 urbe
472 1616 603 1692 propter
627 1609 784 1692 quasdam
806 1611 918 1676 ciuiles
940 1611 1095 1675 utilitates
1119 1609 1290 1675 memorias

118 1726 301 1785 sanctorum
324 1718 541 1802 apostolorum
564 1719 742 1784 sestiuitate
764 1720 877 1784 maiori
905 1721 996 1804 petiit
1010 1719 1180 1785 celebrari:
1204 1719 1290 1804 quod

63 1842 100 1890 10
117 1838 150 1896 et
179 1837 305 1894 tenetur
333 1827 498 1893 hactenus.
544 1828 751 1894 Macedonius
779 1837 886 1894 autern
917 1831 1087 1914 episcopus
1110 1828 1288 1895 Constanti·
1311 1823 1342 1887 Il

115 1939 321 2023 nopolitanus
358 1936 400 2001 ad
422 1938 631 2002 Anastasium
654 1940 832 2004 Romanum
860 1961 978 2024 papain
1008 1939 1204 2024 Synodicum
1233 1958 1290 2021 per

114 2051 246 2115 Festum
275 2047 401 2112 mittere
430 2048 552 2130 uolens,
591 2049 771 2132 prohibitus
800 2058 848 2115 est
876 2050 918 2115 ab
947 2051 1149 2134 imperatore.
1195 2067 1288 2132 porro

115 2161 231 2225 Festus
260 2157 421 2222 rediturus
450 2159 600 2236 Romam,
630 2160 790 2242 pollicitus
821 2168 869 2225 est
900 2160 1085 2244 imperatori
1114 2159 1288 2225 Anastasio

116 2267 312 2355 persuadere
335 2268 509 2333 Anastasio
531 2288 637 2352 papae
659 2271 798 2335 Zenonis
828 2271 975 2335 enoticon
1004 2270 1157 2353 recipere.
1194 2287 1288 2353 quem

53 2393 92 2461 ἰ15
116 2382 226 2445 uiuum
249 2397 313 2442 nori
336 2377 503 2461 reperieris
534 2400 592 2463 pro
614 2379 676 2444 hac
699 2400 732 2445 rc
755 2382 895 2466 corrupit
916 2400 973 2465 per
994 2379 1149 2464 pecunias
1172 2381 1288 2446 multas

117 2491 275 2573 simulque
303 2507 374 2550 cuin
404 2490 576 2554 exconsule
605 2491 745 2554 Probino
774 2492 941 2574 elegerunt
968 2499 1097 2575 practer
1123 2497 1289 2557 cousuetu-

117 2600 226 2692 dinem
249 2607 465 2670 Romanorum
490 2602 675 2684 episcopum
700 2600 859 2685 quendam
886 2602 1104 2666 Laurentium.
1149 2602 1288 2667 Faustus

117 2722 225 2777 autem
254 2716 407 2782 exconsul
443 2722 474 2781 et
503 2713 600 2776 ceteri
629 2711 871 2776 orthodoxiores
898 2719 1168 2777 consecr-aucium
1196 2712 1288 2793 Sym-

118 2821 265 2888 machuni
295 2846 392 2889 unum
423 2844 462 2889 ex
490 2822 690 2888 diaconibus.
735 2821 810 2884 hinc
838 2840 913 2903 ergo
942 2821 1142 2884 turbationes
1170 2821 1288 2884 inultae

55 2945 87 2994 ao
117 2951 155 2996 ac
171 2933 333 2998 hominum
351 2942 476 3017 strages
491 2942 523 2998 ct
537 2932 671 3015 rapinae
685 2938 832 3015 patratae
848 2928 949 3010 sunt>
966 2930 1111 3013 plerique
1128 2949 1169 2994 ex
1184 2948 1288 2995 sacer-

117 3042 216 3107 dotali
246 3065 393 3124 numero,
419 3045 509 3108 multi
538 3043 634 3106 etiaiii
665 3041 868 3122 clericorum,
899 3040 1066 3124 perplures
1089 3040 1205 3103 ciuium
1227 3041 1288 3104 Ro·

116 3174 281 3217 rnanorum
305 3153 453 3236 <extincti
483 3160 557 3218 sunt
587 3171 644 3236 pei·
667 3160 732 3216 tres
755 3151 880 3215 circiter
902 3171 1003 3216 annos
1027 3171 1129 3234 usquc
1157 3171 1219 3233 quo
1242 3151 1288 3214 ui·

115 3261 232 3327 delicet
268 3263 485 3328 Theodericus
522 3263 674 3346 princeps
711 3262 846 3327 ueniens
890 3269 964 3325 tunc
1001 3263 1134 3326 Romam
1172 3268 1286 3325 teneris

115 3393 308 3455 quamquam
327 3374 484 3438 Arrianus
507 3380 595 3438 esset
617 3373 740 3456 synodo
763 3372 927 3436 celebrata
948 3372 1044 3436 locali
1059 3370 1287 3454 Symmachum

66 3494 99 3545 25
115 3481 245 3562 quidem
268 3484 452 3568 episcopum
476 3485 598 3547 Romae
622 3481 771 3564 firmauit,
800 3482 1008 3546 Laurentium
1032 3501 1108 3545 uero
1131 3482 1164 3545 iii
1186 3481 1288 3545 Nuce-

113 3594 187 3656 rina
207 3594 337 3657 ciuitate
361 3595 550 3678 episcopum
573 3595 671 3657 locari
696 3593 869 3678 praecepit.
915 3593 969 3674 qui
992 3600 1098 3657 tamen
1122 3593 1209 3656 nullo
1232 3612 1287 3675 pa·

183 3894 263 3944 1-20
281 3892 313 3960 <>
332 3890 372 3944 D:
395 3890 550 3944 Anastasius
572 3905 720 3958 purpuram
738 3890 824 3944 induit
857 3908 902 3959 qui
928 3892 1052 3959 septimus
1073 3896 1100 3944 et
1118 3890 1286 3957 quadragesi-

112 3984 170 4036 mus
186 3999 317 4050 turegum
343 3991 436 4051 (regnu
456 3983 499 4047 B¹)
526 3998 636 4037 numero
656 3987 751 4037 extitit.
787 3984 831 4037 hic
849 3983 963 4037 Romani
981 3983 1062 4036 decus
1078 3998 1180 4050 imperii
1200 3982 1286 4051 Euty-

111 4077 223 4130 chianae
241 4076 381 4130 haereseos
398 4076 498 4128 inluuie
516 4076 670 4129 maculauit.
706 4076 785 4129 limus
800 4075 967 4146 temporibus
989 4081 1066 4129 tauta
1082 4081 1192 4144 propter
1210 4075 1285 4145 Sym-

110 4170 249 4222 inachiae
268 4168 409 4222 Laurentii
432 4169 590 4222 elect-ionem
608 4169 712 4222 Romae
728 4169 850 4223 dissensio
873 4169 947 4223 sacta
965 4171 1010 4233 est,
1038 4174 1069 4222 ut
1094 4168 1190 4222 Festus
1211 4170 1285 4222 sena·

110 4268 197 4314 torum
216 4261 393 4315 nobilissimus
409 4269 435 4315 et
453 4261 579 4315 exconsul
598 4267 625 4315 et
642 4262 710 4315 alius
726 4263 851 4315 exconsul
869 4262 1149 4317 ProbinusLaurentii
1165 4261 1288 4330 partibus

108 4353 232 4409 fauentes
247 4355 376 4409 aduersus
392 4355 520 4408 Faustum
540 4355 710 4409 exconsulem
729 4355 882 4423 ceterosque
909 4372 954 4424 qui
979 4356 1137 4425 Symmacho
1156 4355 1285 4409 adhaere·

110 4452 174 4500 cant
199 4448 321 4517 pontifici
348 4448 447 4502 bellum
471 4447 603 4501 inferrent
631 4449 780 4517 multasque
807 4448 903 4502 caedes
927 4455 954 4502 et
976 4447 1118 4502 homicidia
1146 4465 1174 4501 iii
1199 4446 1284 4501 medio

108 4540 184 4593 urbis
198 4539 371 4596 iacientesB
423 4542 580 4596 ‹tconsulti‘i
600 4540 626 4594 D
677 4541 855 4596 5sotiatusl)
912 4540 1112 4597 deirticianeI)
1162 4539 1287 4594 illubieD

108 4639 228 4687 emmor
245 4633 273 4688 D
343 4640 372 4689 10
391 4635 502 4689 actenus
517 4637 542 4686 D
617 4638 645 4687 15
664 4635 762 4690 multos
777 4635 810 4690 D‘
881 4639 909 4689 is
927 4636 970 4690 hic
988 4635 1021 4690 bc
1079 4638 1112 4689 20
1129 4638 1243 4703 paratae
1259 4632 1287 4687 D

107 4730 141 4779 20
159 4726 299 4796 plerosque
317 4728 371 4783 bb
448 4731 478 4781 21
499 4728 598 4792 multos
615 4725 669 4782 bc
763 4732 890 4794 22-352,
909 4732 924 4782 2
943 4729 976 4797 <>
994 4727 1036 4782 D:
1056 4732 1241 4798 extinguerent
1258 4725 1286 4780 B

107 4823 140 4872 22
160 4825 279 4874 extincta
297 4820 323 4876 D
