2834 5394
193 236 257 297 uto

193 398 292 453 iuratio
324 399 467 453 insolentia
490 399 618 469 tyrannis.
654 398 760 467 Appius

194 491 323 546 Claudius
351 492 486 546 decemuir
510 493 640 561 uirginem
671 491 759 559 Virgi-

194 586 266 640 niam
297 593 411 655 stuprat.
447 586 539 640 decem
563 586 683 640 uirorum
710 600 759 654 po·

193 686 278 733 testas
296 680 411 733 sublata.

229 778 261 826 tt
298 781 385 827 terrae
403 779 492 825 motus
512 771 540 825 in
558 770 637 825 ltalia
653 771 759 839 grauia·

194 866 267 921 simi:
286 865 348 919 iudo
366 866 474 918 siccitas
492 865 637 918 uelremeus
655 871 759 918 secuta.

195 958 367 1012 Fidenatium
401 958 511 1012 rebellio
543 958 641 1025 quibus
666 958 758 1025 plures

195 1052 317 1105 nationes
342 1051 415 1104 inere
431 1051 623 1119 suppetiatum.
652 1049 759 1103 Aemilii

195 1143 324 1197 Mamerci
349 1144 382 1197 de
399 1144 438 1197 eis
455 1144 578 1197 uictoria.
597 1142 761 1197 Fidenarum

194 1236 336 1290 excidium.

230 1334 262 1383 23
298 1330 390 1384 uariae
417 1336 548 1384 terrarum
573 1328 671 1384 clades.
706 1328 760 1382 Ve-

195 1423 305 1478 ientium
320 1422 436 1477 rebellio.
461 1422 536 1477 Furii
551 1422 655 1476 Camilli
672 1422 758 1475 uicto·

190 1517 243 1571 ria.
279 1516 346 1570 leuno
364 1516 483 1570 Moneta.
526 1515 598 1584 capti
616 1514 723 1568 Falisci.

229 1614 261 1664 lt
298 1610 436 1664 Gallorum
458 1610 580 1677 irruptio.
622 1607 757 1661 Romano·

196 1720 256 1758 rum
274 1702 363 1757 clades
381 1703 416 1756 od
427 1703 531 1757 Alliam.
556 1701 621 1755 urbs
639 1716 655 1754 a
673 1699 757 1753 Gallis

197 1804 278 1864 capta
296 1804 323 1849 et
339 1796 465 1861 incensa,
483 1795 645 1863 Capitolium
663 1793 756 1847 obses·

196 1903 264 1941 sum.
301 1887 373 1941 Galli
399 1887 544 1941 aCamillo
569 1887 641 1940 uicti.
676 1886 755 1939 Plato

196 1982 288 2035 claret.

464 2177 495 2241 ll

233 2365 242 2412 t
281 2356 381 2410 Terrae
399 2359 487 2407 motus
508 2367 556 2420 per
569 2350 700 2405 Achaiam
718 2350 759 2403 in·

195 2469 269 2522 gens,
288 2467 341 2521 quo
359 2450 505 2516 absorptae
521 2445 595 2499 Bura
612 2450 640 2497 et
657 2443 759 2497 Helice.

605 250 712 298 INDEX
735 250 981 298 caammoaval

810 398 928 454 fundunt
944 397 1138 467 praedantes.
1180 403 1286 453 contn
1303 412 1347 452 eos
1358 396 1399 450 la

809 492 872 545 tinia
889 491 991 546 milites
1010 499 1173 561 praestare
1186 491 1347 546 uolentibus
1357 491 1399 545 llo

809 585 881 639 mani
889 584 1000 638 delectu
1008 587 1148 639 tironum
1158 586 1262 639 habito
1274 585 1398 653 egredm

809 685 861 731 tur.
885 677 923 731 ld
937 677 1044 731 Valerii
1060 695 1134 732 cum
1141 678 1232 732 Gallo
1246 688 1400 747 prouocante

810 770 951 839 singularis
963 786 1073 839 pugna,
1095 772 1400 825 undet‘oruiuinomen

810 869 982 919 consecutus.
1011 864 1173 919 Gallorum
1188 864 1264 934 fuga
1275 870 1305 919 et
1315 865 1399 919 clades

810 955 961 1012 Alexandri
975 956 1077 1024 Magni
1098 959 1258 1013 natiuitaa.

844 1055 859 1103 5
894 1049 986 1103 Latini
1015 1050 1052 1103 ad
1088 1052 1287 1106 consulatum
1311 1051 1401 1107 adradi

810 1148 934 1212 poscunt
953 1142 1157 1197 Romanorum
1173 1161 1245 1199 cum
1255 1147 1298 1200 eis
1307 1145 1402 1206 bellum

810 1237 838 1290 iu
856 1252 908 1305 quo
927 1252 998 1289 uuus
1017 1236 1178 1291 consulum
1199 1239 1331 1293 Manlius
1345 1239 1401 1292 Tor-

810 1334 910 1399 quotus
927 1326 1012 1381 lilium
1030 1344 1120 1383 suum
1134 1338 1235 1386 morte
1249 1332 1354 1386 aflicit:
1371 1332 1402 1385 al

810 1430 852 1477 ter
869 1422 969 1476 Decius
986 1421 1051 1476 blus
1075 1424 1244 1478 occumbit.
1293 1426 1402 1480 Alexan

811 1515 870 1570 dria
886 1514 1002 1569 condita
1039 1514 1177 1570 Minucia
1196 1518 1330 1574 Vestalis
1347 1519 1404 1573 uiua

810 1608 925 1663 defossa
962 1622 1077 1674 campus
1094 1610 1278 1666 sceleratus.

843 1706 859 1755 6
894 1700 1047 1769 pestilentia
1077 1715 1094 1753 a
1121 1706 1273 1759 matronis
1300 1707 1404 1761 inuecta

809 1792 912 1848 nefario
936 1792 1038 1847 scelere
1061 1808 1178 1849 uenena
1206 1800 1402 1867 coquentibus

808 1884 961 1940 Alexander
983 1885 1099 1955 Epirota
1124 1886 1238 1944 bellum
1270 1891 1403 1946 aduersus

808 1979 945 2034 Romanos
968 1994 1068 2048 paraus
1091 1979 1119 2032 in
1150 1981 1292 2038 Lucania
1318 2000 1337 2039 a
1357 1984 1403 2039 Sa·

807 2072 934 2127 mnitibus
948 2072 1037 2126 uictus
1055 2080 1083 2125 et
1100 2075 1228 2129 occisum.

842 2169 857 2217 'l
894 2165 1043 2219 Samnitum
1060 2164 1210 2232 opulentia
1226 2176 1261 2222 et
1275 2171 1401 2240 pertidia

809 2258 941 2312 aduersus
968 2273 1014 2312 eos
1040 2258 1142 2312 bellum
1171 2270 1327 2332 sumptum
1352 2280 1401 2335 pro

812 2351 956 2420 Campanis
982 2360 1010 2406 et
1036 2349 1173 2405 Sidicinis.
1223 2354 1402 2427 campaniae

810 2445 958 2500 amoenitas
976 2449 1004 2498 et
1020 2444 1181 2512 praeclarae
1200 2446 1299 2504 dotes.

194 2545 297 2599 Romae
314 2542 413 2598 tribuni
431 2540 558 2594 militares
575 2553 624 2607 pro
643 2536 761 2591 consuli·
845 2541 860 2592 8
894 2537 993 2592 bellum
1016 2552 1078 2591 cum
1100 2535 1282 2596 Samnitibus
1309 2543 1400 2599 dicta·

195 2638 246 2691 bus
271 2638 362 2690 creati.
407 2633 510 2688 Camilli
536 2630 606 2684 terni
631 2630 760 2698 triumphi
809 2638 869 2685 tore
900 2630 931 2683 1..
955 2630 1063 2698 Papirio
1093 2629 1215 2685 Cursore
1246 2634 1280 2688 in
1318 2639 1399 2692 cuius

195 2729 273 2785 simul
291 2731 353 2783 acti.
389 2728 528 2781 Romanae
556 2724 594 2778 roi
611 2724 759 2777 incremen·
811 2724 934 2778 absentia
965 2723 1003 2777 illi
1043 2722 1160 2791 grauiter
1199 2729 1282 2781 caesi
1320 2745 1340 2783 a
1367 2731 1396 2797 Q.

195 2830 261 2877 tum.
288 2822 440 2890 triumphus
458 2817 609 2872 Cincinnati
625 2816 659 2870 de
677 2815 760 2869 Prae·
812 2817 897 2872 Fabio
920 2817 1048 2884 magistro
1067 2816 1194 2884 equitum.
1234 2823 1396 2887 posthaec

197 2916 316 2971 uestiuis.
365 2928 458 2967 rursus
493 2909 602 2964 mudem
635 2907 759 2963 consides
811 2909 925 2963 ltomoui
953 2926 969 2963 a
994 2909 1157 2963 Samnitibus
1183 2910 1222 2964 ad
1249 2913 1395 2970 Furculas

196 3009 287 3063 creati.
811 3002 946 3057 Caudinas
970 3002 1145 3057 circumuenti
1168 3001 1314 3073 foedeque
1340 3008 1393 3062 sub

231 3106 246 3154 2
281 3101 373 3166 iugens
399 3097 503 3151 Romae
533 3095 616 3163 pestis
649 3099 675 3147 et
700 3093 758 3146 diu-
810 3095 901 3163 iugum
918 3095 999 3148 missi.

195 3200 275 3247 turua
301 3191 429 3245 barathro
462 3188 541 3242 etiam
567 3186 655 3254 amplo
684 3186 759 3240 deiri·
844 3192 860 3240 9
898 3187 1030 3243 Samnites
1054 3196 1116 3257 post
1138 3203 1252 3255 magnos
1278 3200 1392 3261 strages

196 3294 288 3342 scente
314 3285 342 3337 iu
369 3282 454 3335 medio
484 3280 551 3334 foro.
587 3278 625 3331 Μ.
649 3278 759 3333 Curtius
810 3281 951 3350 utriusque
968 3282 1062 3350 populi
1079 3297 1095 3335 a
1113 3282 1244 3335 Romanis
1263 3285 1320 3338 sub
1347 3287 1389 3341 iu-

196 3395 226 3436 ss
260 3396 308 3448 pro
335 3375 474 3446 patriciu
500 3372 657 3426 barathrum
681 3387 760 3441 prae·
811 3389 872 3440 gum
890 3375 964 3429 missi
973 3374 1042 3428 duce
1054 3374 1160 3444 Papirio
1170 3376 1298 3429 Cursore.
1332 3378 1390 3432 Pa·

195 3475 296 3544 cipitat.
811 3465 872 3533 pirii
888 3468 980 3522 virtus.
1016 3467 1061 3520 uia
1080 3468 1167 3536 Appia
1184 3473 1280 3520 strata.

232 3573 247 3622 3
282 3566 421 3620 Gadomm
438 3560 577 3616 inundatio
587 3558 622 3614 ad
630 3559 760 3614 Anienem
847 3565 877 3613 td
912 3561 1090 3615 Etruscorum
1104 3559 1253 3614 Samnitum
1262 3560 1389 3618 Vmbro·

196 3679 250 3717 nou
280 3658 375 3729 procul
400 3657 435 3710 ab
461 3656 529 3709 urbo
555 3652 758 3709 considentium.
808 3669 868 3707 rum
897 3654 1035 3708 Gallorum
1061 3653 1209 3707 coniuratio
1238 3651 1386 3712 Romano·

195 3755 227 3808 L.
252 3753 346 3807 blanlii
371 3767 431 3804 cum
459 3749 536 3803 Gallo
564 3746 681 3816 quodam
704 3745 759 3801 sin-
808 3761 921 3815 rumque
938 3746 972 3800 de
989 3745 1112 3799 omuibus
1136 3746 1257 3800 uictoria.
1296 3752 1389 3816 pesti.

194 3849 286 3918 gulare
305 3852 453 3899 certamen:
473 3841 544 3895 uude
561 3840 693 3908 Torquati
710 3854 759 3893 no·
810 3839 893 3894 lautia
911 3846 973 3908 post
990 3839 1057 3893 baec
1074 3838 1171 3893 iterum
1187 3839 1286 3908 grauis.

194 3957 255 3995 men
282 3936 439 4009 reportauit.
483 3933 511 3987 C.
539 3933 638 4001 Quintil
674 3931 760 3986 dicta-
849 3936 874 3984 li
914 3932 1001 3987 denuo
1028 3946 1088 3984 cum
1113 3931 1277 3986 Samnitibus
1296 3933 1388 4002 bella,

195 4036 261 4089 toris
279 4031 312 4086 de
326 4030 410 4084 Gallis
430 4028 543 4082 uictoria
560 4028 709 4093 iterumque
726 4024 761 4079 ele
811 4025 857 4094 qui
874 4040 891 4079 a
908 4025 1016 4094 Papirio
1034 4024 1145 4078 consule
1159 4026 1276 4095 grauiter
1296 4030 1383 4082 caesi.

194 4126 312 4196 reliquiis
337 4124 365 4177 C.
392 4122 510 4191 Sulpicii.
546 4119 676 4190 proelium
700 4134 761 4172 cum
810 4117 963 4188 pestilentia
998 4116 1136 4172 triennalis
1168 4119 1271 4172 Romae
1307 4137 1383 4189 quae

195 4221 292 4275 Tuscis
309 4218 359 4273 sub
379 4217 409 4269 C.
427 4216 539 4269 blancio.
810 4210 921 4267 anam
939 4210 1035 4269 sedata
1050 4209 1212 4280 Aesculapio
1231 4221 1382 4280 apportato

229 4319 244 4367 t
282 4312 354 4366 Galli
371 4326 418 4379 per
435 4309 569 4363 maritima
584 4307 647 4361 loca
662 4318 693 4361 se
