2834 5394
540 673 612 722 cnr.
635 671 807 721 xx-xxm
1191 661 1252 723 377

82 824 239 895 terminos
260 824 495 891 Homeritarum
523 825 704 891 Damianus
735 843 845 889 eorum
878 842 936 890 rex
967 825 1041 892 illos
1073 824 1190 891 occidit
1221 836 1254 893 et

84 936 218 1003 abstulit
246 935 354 1001 omnia
382 936 526 1019 ipsorum
554 934 665 1001 dicens
694 934 847 1018 quoniam
873 935 1011 1000 Romani
1047 935 1254 1003 malefaciunt

83 1045 217 1113 Iudaeis
246 1046 361 1131 quiin
389 1045 522 1128 regione
550 1064 611 1110 sua
639 1050 714 1110 sunt
743 1050 775 1110 et
797 1042 944 1109 occidunt
965 1064 1030 1112 eos.
1075 1052 1170 1112 etex
1192 1045 1253 1113 hoc

83 1156 250 1224 sciuerunt
270 1155 519 1239 negotiationem
548 1155 718 1220 interiores
745 1154 898 1218 Indorum
920 1155 1098 1220 Azumitae.
1142 1161 1175 1221 et
1203 1156 1253 1220 in·

49 1262 236 1351 ndignatus
258 1265 511 1332 Azumitensium
533 1284 591 1330 rex
612 1263 707 1329 Adad
729 1264 818 1330 misit
839 1264 994 1329 Homeriti
1024 1265 1102 1350 quIa
1128 1265 1253 1333 laesisti

82 1394 216 1460 regnum
248 1394 355 1440 meum
388 1383 420 1440 et
452 1375 636 1440 interiorem
669 1373 796 1438 Indiam
829 1374 1004 1457 prohibens
1036 1377 1252 1441 Romanorum

82 1491 275 1551 mercatores
307 1483 350 1549 ad
382 1504 441 1551 nos
473 1483 608 1566 ingredi.
653 1490 685 1548 et
718 1492 876 1550 uenerunt
901 1485 935 1550 in
962 1485 1163 1550 inimicitiam
1186 1506 1253 1551 ma·

81 1614 179 1679 gnam
201 1599 234 1660 et
254 1594 395 1659 inierunt
416 1594 534 1659 bellurn
557 1593 591 1658 in
613 1595 810 1658 alterutrum.
856 1600 888 1660 et
916 1613 988 1659 eum
1009 1596 1181 1677 pugnaturi
1204 1614 1253 1662 es-

81 1712 164 1781 sent,
193 1701 285 1769 ndad
308 1704 563 1769 Azumitensium
586 1723 643 1769 rex
666 1711 773 1768 uotum
795 1705 884 1767 uouit
905 1702 1016 1769 dicens
1049 1704 1135 1788 ‘quia
1157 1705 1184 1769 si
1208 1706 1253 1769 ui-

29 1836 63 1887 ro
80 1832 156 1880 cero
183 1811 454 1893 Homeritensem,
491 1813 694 1879 Christianus
723 1813 844 1878 efficiar
873 1813 948 1896 quia
976 1833 1034 1895 pro
1057 1794 1252 1880 Christianis

81 1923 205 2008 pugno‘
233 1920 350 2006 deique
378 1923 565 2005 operatione
595 1923 671 1986 uicit
700 1922 924 2005 potentissime
953 1930 985 1988 et
1006 1922 1130 2005 accepit
1151 1923 1252 2005 capti·

82 2053 159 2098 uum
182 2033 291 2097 uiuum
312 2032 508 2097 Damianum
531 2052 639 2117 regem
669 2052 777 2097 eorum
808 2039 852 2097 et'
868 2032 1033 2116 regionem
1055 2033 1196 2115 ipsorum
1220 2041 1252 2097 et

81 2162 192 2226 regna.
235 2143 422 2226 gratiasque
445 2143 585 2208 reterens
607 2142 668 2208 deo
690 2141 786 2207 Adad
808 2161 865 2208 rex
888 2142 1140 2207 Azumitensium
1162 2142 1252 2207 misit

81 2252 124 2318 ad
139 2253 353 2319 lastinianum
377 2253 601 2335 imperatorem
626 2258 660 2316 ut
681 2253 841 2334 acciperet
862 2253 1049 2336 episcopum
1073 2259 1105 2316 et
1119 2252 1252 2319 clericos

27 2382 64 2431 re
81 2370 115 2428 et
135 2361 303 2428 doceretur
332 2368 364 2426 et
390 2362 481 2426 fieret
503 2360 716 2427 ChristIanus.
762 2369 794 2426 et
823 2362 958 2444 gauisus
988 2367 1038 2428 est
1066 2381 1162 2446 super
1188 2361 1251 2427 hoc

79 2471 278 2538 lastinianus
299 2471 472 2554 plurimum
495 2480 526 2536 et
548 2472 642 2538 iussit
663 2473 712 2538 eis
734 2471 804 2536 dari
820 2472 1006 2555 episcopum
1021 2492 1252 2556 quemcumque

81 2582 268 2648 uoluissent.
313 2588 344 2645 et
365 2581 531 2663 elegerunt
553 2580 638 2645 idem
661 2583 760 2666 iegati
783 2601 853 2645 oum
882 2583 1008 2648 curiose
1037 2582 1250 2665 quaesissent,

80 2690 331 2757 mansionarium
355 2691 457 2756 sancti
479 2691 634 2757 Iohannis
657 2711 794 2774 magnae
815 2691 1035 2757 Alexandriae
1065 2692 1168 2755 uirum
1198 2710 1253 2755 ue·

80 2801 259 2867 nerabilem
281 2808 313 2865 et
335 2801 493 2883 uirginem
516 2801 646 2865 nominc
661 2801 839 2866 Iohannem
862 2801 916 2883 qui
933 2800 1101 2882 sexaginta
1116 2798 1249 2863 duorum

29 2918 152 2977 aderat
174 2930 341 2985 annorum,
365 2930 427 2993 quo
451 2918 600 2994 surseepto
622 2910 771 2974 abierunt
793 2911 827 2975 in
849 2910 1012 2992 propriam
1028 2910 1193 2991 regionem
1208 2908 1252 2973 ad

80 3019 175 3085 Adad
202 3038 311 3103 regem
341 3040 443 3085 suum.
488 3027 520 3084 et
547 3020 594 3084 ita
621 3019 827 3084 crediderunt
854 3018 983 3084 Christo
1013 3025 1046 3084 et
1074 3019 1253 3085 'illuminati

81 3136 165 3196 sunt.

165 3244 259 3304 Anno
283 3240 420 3321 septimo
443 3239 567 3303 decimo
589 3239 716 3322 imperii
739 3240 911 3305 Iustiniani
933 3240 1035 3306 taetus
1064 3246 1116 3305 est
1143 3246 1248 3305 terrae
1270 3233 1388 3300 XXIII

80 3355 186 3415 motus
207 3368 344 3431 magnus
368 3348 401 3412 in
424 3349 575 3414 uniuerso
598 3349 726 3413 munde.

30 3471 63 3522 25
165 3458 351 3540 Eodemque
374 3478 460 3522 anno
483 3460 633 3543 apparuit
656 3458 787 3543 quidam
809 3478 850 3523 ex
872 3460 1004 3542 regione
1018 3458 1172 3524 Italorum
1193 3478 1252 3544 per

80 3569 176 3633 uillas
191 3567 384 3651 discurrens,
408 3569 537 3633 nomine
552 3568 710 3645 Andreas,
734 3568 859 3635 habens
882 3588 989 3635 secum
1012 3588 1123 3634 canem
1147 3570 1250 3635 rufum

79 3685 112 3742 et
132 3696 262 3743 caecum
284 3676 338 3760 qui
361 3679 468 3743 iussus
491 3679 532 3742 ab
555 3698 594 3743 eo
615 3678 755 3744 iaciebat
778 3679 941 3744 miracula.
987 3698 1058 3743 oum
1080 3680 1165 3743 enirn
1189 3686 1251 3744 sta·

79 3794 129 3853 ret
148 3787 220 3869 ipse
242 3787 274 3850 in
298 3787 366 3851 toro
389 3793 421 3851 et
443 3788 537 3852 turba
559 3788 592 3852 in
614 3789 747 3853 circuitu
768 3788 906 3868 adesset,
931 3789 1014 3853 clam
1035 3788 1148 3854 eodem
1169 3807 1250 3854 cane

78 3895 306 3961 deferebantur
339 3896 512 3962 astantium
545 3898 634 3961 anuli
667 3898 757 3962 aurei
790 3904 823 3963 et
850 3897 994 3980 argentei
1023 3917 1061 3962 ac
1089 3897 1186 3962 terrei
1218 3904 1251 3962 et

29 4003 61 4054 ³⁰
77 4005 282 4090 ponebantur
304 4007 338 4069 in
359 4007 553 4089 pauimento,
577 4027 657 4090 quos
680 4007 735 4071 ille
757 4007 962 4090 cooperiebat
983 4012 1014 4070 et
1028 4005 1250 4090 praecipiebat

78 4115 151 4180 cani
174 4115 359 4180 attollebat
382 4123 414 4181 et
435 4116 534 4181 dabat
557 4118 612 4180 uni
634 4117 749 4200 cuique
773 4137 875 4182 suum.
920 4116 1068 4182 similiter
1090 4123 1122 4180 et
1143 4114 1249 4181 diuer-

77 4243 185 4289 sorum
215 4224 442 4309 imperatorum
469 4227 664 4291 numismata
693 4226 795 4291 mixta
821 4225 1006 4310 porrigebat
1027 4245 1086 4311 per
1107 4224 1248 4290 nomina.

78 4333 134 4399 sed
158 4340 191 4399 et
212 4342 341 4418 praesto
365 4336 459 4400 turba
481 4343 608 4402 astante
631 4335 770 4400 uirorum
794 4337 916 4403 scilicet
945 4356 983 4402 ac
1012 4335 1180 4402 mulierum
1202 4335 1248 4400 in·

78 4450 258 4528 terrogatus
281 4444 473 4511 ostendebat
494 4446 527 4511 in
551 4452 640 4511 utero
664 4445 820 4512 habentes
843 4453 874 4512 ct
896 4446 1084 4512 fornicarios
1105 4450 1138 4512 et
1158 4440 1248 4509 adui-

148 4800 304 4854 thomcr'rtr
322 4796 349 4851 D
417 4799 603 4855 tanumrtrD
672 4804 705 4853 20
723 4797 897 4854 adadadli
965 4801 998 4852 33
1022 4795 1148 4852 trhcetD
