2834 5394
526 649 599 697 cnr.
623 648 838 697 xrm-xvmr
1200 636 1262 698 597

89 821 222 867 usuram
245 806 394 884 quattuor
417 801 607 884 siliquarum
636 800 806 882 numisma,
837 819 909 866 oum
937 799 1008 865 anri
1038 799 1208 866 duodecim
1230 802 1268 866 li-

90 911 220 975 brarum
244 912 466 995 persoluerent
488 912 583 977 simul
609 917 640 976 et
662 918 817 977 consueta
838 910 1041 977 commercia.

175 1020 264 1085 Haec
286 1040 325 1085 ex
348 1022 456 1087 multis
479 1021 558 1085 mihi
581 1023 763 1088 summatim
786 1040 892 1106 panca
906 1020 1069 1106 descripta
1084 1020 1150 1086 sint
1164 1020 1262 1104 signi·
1284 1020 1381 1088 XVII

89 1129 200 1194 ficanti
222 1130 444 1196 multimodum
467 1131 601 1196 eiusad
625 1151 750 1196 omnem
773 1131 913 1216 speciem
929 1131 1086 1195 auaritiae
1101 1131 1263 1196 molimen.
1329 1182 1336 1199 .

57 1254 175 1325 oquae
204 1241 290 1307 cnim
320 1243 353 1306 in
383 1240 474 1325 regia
496 1241 575 1306 urbe
597 1240 793 1326 primoribus
827 1240 1041 1306 mediocribus
1078 1247 1110 1306 et
1138 1241 1265 1324 exiguis

91 1359 221 1417 ostensa
243 1359 318 1418 sunt
340 1352 427 1416 mala
463 1358 627 1436 nequeunt
648 1351 762 1433 scribi,
793 1352 875 1418 alios
904 1350 1034 1435 quidem
1064 1371 1102 1416 eo
1132 1350 1265 1419 inuesti-

89 1468 188 1544 gante
211 1462 350 1545 qualiter
371 1461 458 1526 domi
481 1463 637 1544 uiuerent,
661 1481 699 1525 ao
713 1461 920 1527 submittente
936 1461 1150 1544 malignorum
1167 1480 1264 1544 quos·

89 1570 162 1635 dam
187 1591 353 1638 seruorum
381 1570 560 1654 derogandi
588 1571 728 1637 dominis
756 1578 789 1637 et
815 1571 849 1636 in
878 1569 1064 1656 primordiis
1091 1570 1185 1652 quasi
1208 1569 1265 1636 du·

88 1682 213 1746 bitante
235 1700 333 1765 super
354 1679 407 1747 bis
429 1700 519 1764 qnae
535 1680 733 1764 dicebantur,
766 1679 884 1747 deinde
905 1700 983 1745 nero
1005 1680 1188 1745 affirmante
1210 1697 1265 1744 ca·

43 1801 73 1849 10
90 1791 239 1857 lumnias.
283 1791 316 1855 id
330 1789 433 1876 ipsum
458 1797 566 1855 autem
588 1796 621 1855 et
642 1810 740 1874 super
761 1790 959 1875 ignobilibus
980 1789 1123 1873 gerebat,
1147 1788 1264 1874 dignos
1340 1797 1344 1803 ’

89 1900 265 1966 honoribus
297 1900 446 1967 iudicans
480 1899 697 1966 detrahentes.
742 1907 913 1987 praeterea
944 1900 1111 1966 domorum
1145 1899 1264 1966 multas

89 2010 305 2075 habitatorum
328 2031 349 2075 a
370 2011 476 2096 prima
498 2011 531 2076 in
554 2010 681 2075 tertiam
704 2009 946 2094 generationem
963 2009 1180 2093 subuertebat‚
1204 2028 1264 2093 spe

89 2121 188 2187 fretus
211 2120 296 2204 quod
319 2128 438 2205 quanto
461 2122 598 2187 celerius
622 2127 752 2186 ruerent
772 2127 863 2186 tanto
885 2119 947 2186 bas
975 2119 1046 2205 ipse
1068 2119 1151 2185 foret
1172 2119 1264 2186 here·

88 2230 189 2296 ditate
211 2230 304 2297 eitius
327 2250 545 2315 possessurus.
589 2231 722 2315 dignum
744 2237 852 2296 antem
875 2237 925 2297 est
952 2237 987 2295 ut
1015 2237 1047 2296 et
1068 2230 1130 2295 hoc
1161 2225 1264 2296 causa

42 2355 71 2403 15
89 2341 264 2425 uoluptatis
294 2361 350 2407 reu
381 2341 615 2425 paradigmatis
652 2341 827 2407 memoriae
861 2339 1130 2406 commendemus.
1174 2359 1265 2406 ceru-

87 2451 189 2516 larius
212 2449 343 2531 quidam
366 2457 436 2516 erat
457 2451 492 2516 in
514 2452 582 2516 foro
604 2470 645 2517 ex
664 2450 832 2516 laboribus
855 2451 922 2517 suis
943 2451 1088 2534 locuples
1117 2456 1149 2514 et
1179 2449 1264 2515 nihil

88 2580 198 2642 egens,
234 2580 297 2643 quo
320 2561 476 2626 accersito
498 2562 640 2625 omnium
662 2581 764 2626 uorax
785 2561 959 2646 imperator
981 2560 1027 2625 ait
1065 2563 1165 2644 ‘pone
1195 2579 1263 2624 ma-

88 2692 162 2734 num
194 2677 280 2733 tuam
309 2669 342 2733 in
370 2670 492 2735 uertice
520 2690 601 2753 meo,
639 2676 671 2734 et
697 2670 768 2734 iura
797 2678 952 2754 quantum
979 2669 1038 2735 tibi
1068 2669 1110 2735 sit
1131 2669 1264 2734 aurum!

89 2779 143 2859 qui
166 2798 279 2862 parum
304 2785 465 2862 tamquam
488 2778 642 2862 indignus
665 2799 819 2846 recusans
842 2786 972 2845 coaetus
1000 2785 1050 2845 est
1076 2779 1118 2842 ab
1149 2797 1187 2843 eo
1217 2779 1263 2844 la·

40 2903 72 2954 ao
89 2906 160 2952 cere
189 2887 250 2952 boc
286 2894 318 2952 et
345 2895 472 2954 centum
502 2888 660 2955 selibras
683 2888 916 2971 dixithabere,
940 2908 1022 2973 quas
1045 2887 1158 2953 eadem
1182 2886 1265 2953 hora

87 2997 253 3082 praecepit
273 2996 381 3062 afferri
404 2997 531 3064 dicens:
555 3005 590 3063 tu
612 2996 689 3082 qnid
711 3018 792 3083 opus
807 2997 909 3065 habes
925 2997 1114 3064 sollicitari?
1136 2997 1262 3082 prande

88 3127 213 3172 mecum
235 3115 266 3170 et
287 3108 365 3173 tolle
384 3107 486 3173 libras
508 3107 620 3174 decem
643 3107 748 3173 ethis
771 3106 856 3174 uade
878 3107 1065 3174 contentus!

173 3217 267 3282 Anno
289 3218 417 3303 imperii
440 3217 489 3284 sui
511 3237 596 3283 nono
618 3217 821 3302 Nicephorus
850 3223 963 3283 contra
984 3216 1185 3284 Christianos
1207 3218 1264 3284 ad·
1285 3222 1396 3291 XVIII

87 3327 292 3393 inuentiones
315 3327 460 3392 extendit
481 3326 698 3411 inspectiones
721 3327 792 3394 sine
814 3327 874 3393 deo
897 3329 930 3393 in
952 3326 1168 3411 emptionibus
1191 3331 1262 3394 ani-

39 3450 71 3501 25
88 3439 253 3519 mantium,
276 3437 477 3503 diuersorum
499 3437 691 3522 pabulorum
713 3456 752 3502 ao
773 3439 931 3503 fructuum
953 3437 1089 3503 iniustas
1111 3436 1280 3503 titulatio·

88 3567 146 3612 nes
178 3554 210 3611 et
232 3547 373 3613 iacturas
395 3546 585 3632 principum,
609 3547 826 3614 fenerationes
848 3548 883 3613 in
904 3548 1059 3629 nauibus,
1084 3546 1139 3628 qui
1162 3547 1263 3611 omni·

87 3655 148 3721 bus
170 3657 275 3738 legem
298 3655 439 3741 ponebat
461 3676 502 3721 ne
524 3655 566 3721 ad
589 3676 720 3722 usuram
736 3657 907 3742 quiequam
922 3657 1124 3740 tribueretur,
1148 3662 1179 3722 et
1194 3656 1262 3723 alia

87 3766 178 3830 milia
199 3767 356 3831 malorum
379 3773 567 3848 commenta,
591 3787 724 3850 quorum
746 3767 951 3851 particularis
973 3767 1109 3833 historia
1123 3786 1262 3834 onerosa

88 3883 138 3942 est
159 3875 211 3941 his
233 3876 288 3959 qui
311 3876 558 3961 compendiosas
581 3875 705 3942 discere
728 3896 843 3943 causas
867 3878 1048 3961 exquirunt.

39 3995 71 4045 ao
172 3985 331 4051 Kalendis
351 3993 459 4051 autem
482 3984 671 4052 Octobribus
694 3987 790 4051 tertia
817 3986 899 4051 feria
926 3986 1100 4070 enaginato
1130 3987 1261 4070 quidam
1286 3994 1413 4067 xvflu

86 4095 264 4181 dissipatus
287 4096 320 4160 in
343 4095 457 4161 habitu
478 4094 627 4161 monachi
648 4095 758 4180 gladio
786 4095 953 4162 cuiusdam
982 4096 1187 4162 militantium
1209 4118 1261 4164 cu·

86 4207 185 4271 currit
207 4207 239 4270 in
262 4206 419 4289 palatium
440 4206 660 4290 Nicephorum
680 4205 859 4275 interficere
882 4226 1058 4293 quamne,
1088 4208 1152 4274 duo
1182 4227 1259 4273 uero

88 4335 127 4381 ex
150 4317 201 4381 his
224 4317 277 4400 qui
300 4315 548 4381 circumstabant
569 4316 726 4382 irruentes
759 4318 791 4381 in
815 4338 887 4383 eum
924 4317 1073 4383 atrociter
1100 4318 1261 4384 uulnerati

153 4678 297 4747 5pnonb3
316 4678 349 4733 θ’
435 4661 664 4730 trdmrttentell
751 4675 1088 4742 8dorninisldemon1l1)
1139 4676 1217 4734 darm
1232 4678 1261 4735 Ι)

89 4775 118 4822 17
137 4783 206 4838 pene
223 4769 257 4824 θ’
