3284 5078
289 322 349 382 114
793 335 886 382 cinai
908 336 946 382 xi

288 488 317 553 si
339 485 479 552 foederis
494 467 727 551 ¹necessitatem
749 492 816 552 tum
839 505 910 551 cum
934 487 1093 570 integrum
1116 488 1175 553 luit
1196 495 1321 554 mutare
1344 491 1462 557 uoluis-

288 603 339 664 set
361 597 443 664 sicut
465 595 655 662 allomanis
677 595 827 662 omnibus
851 596 902 662 his
925 597 1019 663 bellis
1042 616 1262 684 quaecumque
1285 601 1462 665 memoraui

287 707 405 772 iactum
438 713 497 772 est.
541 725 618 770 nam
651 712 684 771 et
714 705 914 773 Samnitibus
947 712 979 772 et
1006 707 1213 775 Numantinis
1245 715 1278 776 et
1309 709 1461 777 Numidis

287 817 455 883 confestim
487 815 575 881 bella
606 815 709 880 inlata
741 823 816 882 sunt
848 835 954 900 neque
987 835 1054 901 pax
1085 825 1157 884 rata
1185 817 1253 884 iuit.
1299 819 1357 886 sed
1383 819 1460 884 dum

287 925 449 993 aemulum
464 925 593 1011 imperii
607 933 746 1010 ueretur,
768 925 856 992 intra
870 928 1026 993 orientem
1042 927 1190 994 residens
1205 927 1328 1012 gloriae
1344 947 1459 1014 parum
1477 941 1495 990 5

287 1037 456 1103 consuluit.
500 1043 575 1102 tunc
597 1035 773 1120 imperator
801 1035 953 1103 discessit
980 1037 1022 1102 ab
1044 1035 1218 1103 Antiochia
1246 1045 1278 1104 et
1306 1039 1395 1104 uenit
1417 1039 1461 1104 ad

287 1148 426 1212 Tarsum
450 1145 585 1212 Ciliciae
607 1145 716 1230 ibique
738 1165 854 1231 corpus
877 1146 997 1214 Iuliani
1025 1147 1177 1231 sepeliuit
1198 1147 1384 1214 honorifice.
1429 1155 1461 1214 et

288 1255 364 1320 dum
386 1263 501 1320 cuncta
522 1255 693 1322 sollemnia
714 1256 819 1322 iuneri
842 1255 912 1323 eius
942 1256 1153 1338 exhibuisset,
1187 1258 1300 1326 consul
1328 1266 1378 1325 est
1405 1258 1460 1323 de-

287 1365 434 1448 signatus
457 1384 613 1432 unacum
636 1366 838 1432 Varroniano
860 1365 936 1431 lilio.

133 1458 314 1538 XXXXVI
372 1475 522 1559 Dumque
544 1475 857 1561 Constantinopolim
887 1475 1063 1556 festinaret,
1100 1477 1190 1541 uenit
1217 1473 1260 1540 ad
1288 1477 1458 1561 praedium
1477 1489 1511 1539 to

285 1586 416 1650 nomine
437 1585 619 1652 Dadastam
647 1586 731 1651 inter
759 1585 922 1652 Galatiam
952 1592 984 1650 et
1011 1584 1207 1670 Bithyniam,
1245 1586 1300 1651 ubi
1330 1585 1459 1653 Themi-

286 1696 368 1762 stius
396 1695 610 1780 philosophus
638 1715 709 1760 cum
738 1696 812 1762 aliis
835 1695 1038 1763 senatoribus
1061 1713 1231 1762 occurrens
1254 1698 1458 1763 consularem

287 1803 435 1871 recitauit
456 1805 643 1872 orationem.
687 1806 722 1871 in
743 1805 910 1891 praedicto
931 1823 1072 1890 namque
1093 1803 1228 1888 praedio
1250 1805 1367 1872 hiemis
1382 1813 1460 1871 tem·

287 1935 367 2000 pore
389 1916 545 1999 languore
567 1917 758 1982 constrictus
779 1915 950 2000 repentina
971 1923 1072 1981 morte
1095 1915 1183 1981 obiit.
1228 1917 1319 1982 multi
1348 1917 1458 1982 exani·

286 2033 407 2090 matum
445 2024 619 2108 opinantur
654 2025 756 2090 nimia
791 2025 996 2110 crapulitate,
1035 2027 1117 2092 inter
1153 2025 1334 2092 cenandum
1371 2028 1458 2092 enim
1477 2039 1510 2090 ¹5

205 2189 208 2195 .
289 2135 422 2200 nimium
445 2134 549 2221 epulis
571 2134 760 2202 indulserat.
796 2135 852 2200 alii
875 2135 973 2202 odore
996 2135 1144 2218 cubiculi,
1168 2137 1253 2220 quod
1276 2155 1315 2202 ex
1337 2137 1460 2202 recenti

286 2245 419 2311 tectorio
451 2244 549 2311 calcis
581 2263 682 2329 graue
715 2245 954 2330 quiescentibus
989 2252 1067 2312 erat.
1127 2245 1257 2328 quidam
1294 2245 1460 2312 nimietate

286 2373 471 2438 prunarum,
495 2375 576 2440 quas
597 2353 691 2439 graui
713 2355 832 2439 frigore
854 2355 977 2420 adoleri
992 2356 1111 2422 multas
1126 2357 1274 2423 iusserat.
1319 2355 1460 2423 decessit

287 2464 416 2549 imperii
445 2485 556 2532 mense
585 2466 722 2551 septimo
749 2465 873 2531 docimo
901 2466 995 2531 tertio
1023 2465 1184 2532 kalendas
1207 2465 1314 2531 Martii
1341 2466 1459 2534 aetatis

287 2582 322 2640 ut
344 2575 398 2659 qui
421 2575 595 2660 plurimum
617 2576 670 2641 uel
690 2577 856 2642 minimum
879 2575 1010 2642 tradunt
1031 2577 1125 2641 tertio
1147 2581 1180 2641 et
1193 2575 1356 2642 tricesimo
1372 2595 1459 2642 anno
1476 2587 1510 2638 to

286 2703 325 2748 ac
346 2684 546 2768 benignitate
567 2685 748 2770 principum
772 2687 827 2770 qui
849 2687 880 2752 ei
903 2693 1136 2770 successerunt,
1174 2687 1258 2751 inter
1288 2684 1382 2752 diuos
1411 2705 1459 2751 rc-

283 2795 369 2860 latus
392 2802 451 2860 est.
494 2793 547 2858 hic
568 2793 644 2879 iuit)
666 2797 794 2879 genitus
816 2802 909 2880 patre
931 2796 1142 2880 Varroniano,
1165 2797 1272 2862 incola
1294 2797 1365 2879 agri
1387 2796 1459 2862 Sin·

283 2903 483 2986 gidonensis,
505 2905 693 2988 prouinciae
714 2905 912 2972 Pannoniae.
957 2906 1026 2971 eius
1048 2907 1133 2990 patri
1156 2925 1227 2971 oum
1249 2906 1370 2972 liberor
1392 2924 1459 2972 cre·

283 3013 341 3078 bro
364 3014 533 3096 amitteret,
570 3021 778 3098 praeceptum
807 3015 932 3081 somnio
961 3022 1011 3081 est
1038 3033 1111 3081 eum
1139 3015 1193 3099 qui
1220 3016 1286 3081 iam
1316 3016 1459 3082 instante

283 3123 394 3189 uxoris
424 3129 519 3207 partu
547 3123 694 3190 edendus
722 3125 812 3204 toret,
850 3123 970 3190 diceret
991 3125 1170 3191 louianum.
1215 3127 1275 3191 iuit
1303 3125 1388 3191 enim
1410 3127 1458 3192 iu·
1474 3141 1508 3194 ie

284 3233 388 3316 signis
417 3251 558 3318 corpore,
596 3234 702 3301 laetus
731 3234 872 3318 ingenio,
909 3235 1089 3301 litterarum
1119 3234 1282 3303 studiosus
1310 3233 1403 3320 <nam
1425 3243 1459 3302 et

284 3339 433 3406 ciuilitati
455 3343 603 3426 proprior
626 3352 658 3410 et
681 3350 798 3409 natura
820 3344 994 3410 admodum
1010 3343 1173 3430 liberalis>
1187 3346 1239 3411 uir
1254 3345 1337 3412 alias
1352 3363 1458 3431 neque

355 3525 540 3582 lneceiiitate
558 3526 612 3582 DB
680 3527 749 3582 iiic
767 3527 794 3582 Β
862 3529 1010 3583 5emolum
1028 3529 1055 3584 B
1106 3529 1292 3598 parumperl)
1359 3531 1455 3600 ‘ibai-

282 3619 439 3674 ronianoD
509 3625 537 3674 11
557 3619 714 3675 bithiniiD
790 3625 820 3674 tt
840 3621 1000 3690 crapulitate
1017 3620 1058 3676 D:
1076 3621 1234 3677 crudelitate
1252 3621 1279 3676 Β
1349 3627 1455 3676 111111-

281 3719 351 3766 torio
371 3712 398 3766 B
468 3717 499 3767 19
516 3715 732 3767 minuas-mbr
749 3712 784 3776 Β,
802 3721 899 3782 quarto
917 3713 1020 3769 decimo
1038 3713 1071 3768 lii
1089 3715 1199 3768 marnas
1215 3714 1241 3768 B
1310 3719 1340 3769 11
1361 3731 1393 3770 ac
1413 3715 1456 3770 Β.-

282 3803 343 3859 aD
394 3805 560 3873 lenigmtate
577 3806 604 3860 Β
672 3811 704 3860 11
722 3806 885 3861 barroniano
904 3807 930 3861 Ι)
983 3807 1171 3875 tindrgoncniii
1186 3805 1241 3862 BP
1299 3811 1331 3862 13
1351 3809 1460 3863 crebrol

282 3897 310 3953 B
379 3901 411 3952 25
429 3897 488 3953 iore
505 3897 568 3960 DB.
585 3897 683 3952 deinde
700 3899 801 3954 diceret
816 3902 819 3968 Ι
835 3915 975 3954 muranum
993 3901 1037 3954 luc
1054 3900 1107 3954 suit
1124 3901 1233 3968 inligari
1248 3899 1276 3955 B
1344 3904 1378 3956 16
1390 3909 1459 3972 post

284 3991 415 4046 studioiui
430 3991 493 4046 add.
512 3991 539 4045 B
556 3991 591 4045 ad
609 3993 793 4061 optinenldum
818 4009 959 4061 imperium
986 3993 1114 4048 conterriti
1133 3993 1267 4048 exercitui
1282 3993 1369 4048 lectui
1384 3993 1455 4062 eibi

282 4083 514 4139 commendatione
529 4085 614 4154 patrii
629 4085 758 4140 militibus
773 4100 854 4154 quam
869 4087 873 4154 Ι
890 4087 936 4140 lua
954 4092 1041 4141 notior
1052 4113 1057 4122 ·
1068 4103 1112 4155 qm
1132 4101 1185 4140 iam
1203 4085 1319 4140 turbatis
1334 4093 1457 4142 exercitu

282 4193 389 4247 quoqne
405 4193 496 4246 inopia
513 4178 654 4232 laborante
671 4193 725 4232 uuo
744 4193 761 4232 a
777 4179 847 4248 piri!
863 4185 945 4249 atque
962 4178 1046 4234 altero
1063 4179 1165 4248 proelio
1183 4180 1284 4244 ructui,
1302 4177 1400 4234 driade
1416 4195 1458 4235 se-

282 4273 457 4335 111111111113,
476 4275 507 4324 11
525 4287 621 4340 pacem
639 4287 699 4326 cnm
723 4303 746 4310 -
769 4277 828 4336 111,
844 4277 859 4326 6
879 4273 1011 4326 coniulurt
1029 4273 1056 4326 in
1076 4272 1118 4338 B;
1131 4278 1198 4346 post
1217 4272 1349 4327 consuluit
1367 4271 1430 4327 aoid
1451 4284 1456 4334 1

281 4363 355 4431 iique
373 4365 544 4432 intergreliui
567 4369 621 4432 atq:
647 4363 770 4418 illiricum
796 4366 890 4433 peteni
902 4366 908 4428 l
922 4355 951 4418 iii
974 4365 1072 4436 galatiq
1096 4365 1197 4421 iimbui
1212 4369 1353 4434 repentina
1370 4373 1459 4422 morte

283 4455 348 4510 obiit
365 4472 407 4508 uir
425 4457 491 4510 aliai
507 4473 585 4509 ruera.
605 4461 648 4520 13)
666 4462 725 4510 cett.
746 4455 773 4510 Β
842 4461 873 4510 11
893 4459 1024 4512 cruditate
1041 4459 1066 4514 Β
1118 4459 1216 4514 imodii
1235 4459 1260 4513 i)
