2834 5394
481 647 589 695 mnux
610 646 848 697 euerrvuonvu
1183 637 1242 700 631

73 797 202 866 temporis
227 795 360 850 florentes.
412 796 527 851 Neronis
557 813 634 851 amor
719 800 734 851 3
770 797 854 851 multa
880 804 907 853 et
932 797 991 853 diro
1014 798 1148 868 prodigia,
1175 815 1246 869 quae

72 889 145 960 sputi
155 891 264 943 Persas:
283 889 373 943 odium
396 889 469 959 apud
478 891 633 959 prouincias
683 890 790 945 Iudaeis
808 891 918 945 asinum
935 893 1167 960 praenuntiarunt.

73 991 101 1038 et
124 982 269 1038 Romanos.
304 983 517 1036 (.'·bristianorum
542 999 632 1052 perse·
718 988 736 1036 4
769 984 1245 1040 Ananiaecuiusdamclamoresomi-

72 1077 146 1132 cutio
164 1076 250 1145 prima
273 1076 323 1129 sub
343 1091 391 1131 eo:
417 1076 445 1130 iu
472 1092 526 1145 qua
549 1083 635 1132 morte
686 1077 745 1131 nosi
758 1084 785 1132 et
797 1077 910 1141 adsidui,
928 1079 974 1147 qui
986 1078 1060 1133 nulla
1072 1079 1100 1132 ui
1111 1079 1246 1148 compesci

73 1169 165 1224 allecti
198 1170 313 1237 apostob
347 1170 444 1224 Petrus
472 1178 500 1224 et
525 1170 633 1224 Paulus.
686 1178 799 1238 potuere
816 1170 891 1225 urbis
908 1176 935 1226 et
957 1172 1048 1241 tcmpb
1061 1172 1171 1226 exitium
1183 1187 1245 1242 por·

75 1263 228 1332 pestilentia
244 1262 334 1330 grauis
351 1263 380 1316 in
397 1262 471 1316 urbe
685 1262 833 1317 mouente.
859 1263 1019 1334 Vespasiani
1036 1271 1064 1319 et
1075 1264 1130 1318 Titi
1144 1265 1245 1334 magru-

110 1359 124 1408 ἵ
160 1355 267 1422 Sergius
278 1356 366 1409 Galba
382 1365 473 1411 sextus
482 1357 636 1425 imperator.
686 1355 754 1410 ficus
772 1355 806 1411 de
822 1356 930 1411 ludaeis
945 1358 1106 1428 triumphus.

75 1449 200 1503 Pisonem
215 1447 335 1517 adoptat.
362 1449 464 1503 Galbae
481 1450 636 1519 paedagogi.
720 1453 736 1501 5
771 1448 930 1518 Vespasiani
947 1449 1078 1505 modestia
1094 1450 1246 1520 iuimpario

76 1541 134 1596 uita
152 1543 208 1595 eius
225 1541 334 1610 priuata
350 1541 459 1610 insignis
476 1543 636 1599 mibtaribus
686 1541 812 1611 gerendo.
846 1543 977 1619 pecuniae
1000 1550 1089 1598 tamen
1107 1550 1202 1600 notata
1218 1544 1246 1598 iu

74 1641 103 1688 et
121 1635 244 1689 ciuilibus
262 1634 350 1689 rebus.
386 1637 514 1691 seueritas
542 1637 569 1690 iu
587 1638 636 1690 mi-
688 1649 719 1689 co
737 1634 861 1689 amditas
890 1636 946 1690 eius
961 1637 1065 1702 lenitas,
1082 1644 1184 1707 eteros
1195 1637 1246 1692 iui-

77 1728 148 1781 btan'
174 1727 322 1797 disciplina.
367 1727 470 1783 Galbae
497 1730 636 1799 imperium
688 1727 771 1782 mices
784 1728 1032 1797 placatusanimus
1060 1730 1248 1801 ciuilitaserga

78 1819 170 1885 breue,
188 1827 269 1889 atque
287 1821 391 1876 caedes.
688 1821 795 1876 amicos.
831 1821 959 1891 optimum
982 1824 1033 1877 sub
1052 1839 1083 1878 eo
1101 1823 1248 1892 imperium.

112 1918 127 1966 8
162 1913 194 1967 L.
211 1912 319 1969 Saluius
344 1915 415 1971 Otho
433 1916 579 1986 imperator
595 1932 637 1972 se-
722 1918 738 1967 6
774 1914 889 1984 plurima
912 1916 947 1969 ab
971 1931 1002 1970 eo
1020 1915 1123 1971 Romae
1140 1922 1168 1970 ct
1184 1915 1249 1971 olibi

78 2006 186 2075 ptimus.
221 2007 278 2061 eius
295 2008 407 2063 molbtia
425 2015 452 2064 et
468 2011 555 2079 turpis
572 2010 638 2066 ado·
689 2006 831 2062 aedificata
852 2014 1006 2063 restaurata
1039 2010 1144 2078 magle
1170 2024 1248 2065 reuo-

77 2099 202 2153 lesceutis
220 2101 284 2154 uita.
314 2103 400 2157 tribus
417 2104 525 2172 proeliis
543 2110 639 2159 contra
688 2105 762 2154 uata.
797 2099 922 2155 Romana
945 2117 988 2157 res
1013 2103 1123 2172 publica
1148 2103 1177 2156 iu
1199 2103 1248 2157 im-

77 2192 215 2247 Vitellium
247 2194 448 2250 aGermanicis
478 2197 638 2252 exercitibus
689 2208 811 2247 mensum
833 2202 915 2249 sucta
937 2195 1057 2263 pluribus
1081 2195 1161 2251 iactis
1185 2212 1248 2265 pro·

80 2286 267 2355 imperatorem
283 2286 386 2342 iactum
396 2289 499 2358 potitus
509 2291 637 2346 uictoria:
689 2285 794 2340 uineiis.
833 2294 922 2342 terrae
947 2294 1035 2343 motus
1058 2289 1086 2342 in
1110 2290 1198 2360 Cypro
1223 2296 1251 2345 et

78 2378 125 2432 sed
143 2387 239 2448 quarto
256 2379 347 2435 tuctus
368 2389 465 2450 sponte
492 2391 576 2439 semet
592 2401 638 2439 oc·
690 2379 793 2434 &mse
810 2380 970 2449 pestilentia.
996 2382 1122 2447 monitus.
1141 2390 1252 2438 caueret

79 2474 152 2527 cidit.
178 2474 290 2527 militum
308 2489 371 2543 erga
386 2491 447 2529 cum
464 2477 547 2532 mirus
556 2493 639 2533 amor.
690 2473 844 2542 aquodam,
859 2475 937 2542 quasi
949 2482 1102 2543 regnaturo,
1113 2476 1141 2530 id
1154 2476 1250 2530 cauillo

114 2572 129 2620 9
172 2565 296 2620 Vitellius
339 2567 485 2636 imperator
516 2577 638 2626 octabus.
692 2565 782 2620 eludit.

80 2660 138 2711 eius
156 2658 349 2713 dedecorosum
369 2661 509 2729 imperium
526 2664 641 2717 saeuitia
726 2664 740 2713 'l
766 2676 818 2728 quo
836 2660 915 2715 modo
934 2660 1025 2715 officia
1042 2661 1093 2716 diei
1112 2662 1252 2731 noctisque

80 2751 220 2818 ingluuies.
261 2751 444 2819 Vespasianus
470 2755 574 2809 inuadit
593 2756 641 2810 im·
692 2752 787 2820 partiri
801 2752 894 2807 solitus
907 2752 995 2808 fuerit.
1020 2755 1182 2824 Vespasiani
1193 2755 1251 2809 obi·

82 2845 193 2912 perium.
214 2845 270 2898 eius
287 2844 372 2899 irater
388 2862 406 2899 a
419 2845 525 2901 Vitellio
543 2848 570 2901 iu
589 2848 640 2903 Ca·
692 2850 752 2908 tua,
776 2845 856 2898 etiam
873 2853 938 2908 tum,
956 2853 987 2899 ut
1004 2847 1116 2907 solebat,
1133 2848 1194 2901 ioca
1210 2862 1252 2902 se·

82 2937 203 3006 pitolium
230 2938 390 3005 compulsus.
425 2939 524 2994 Vitellii
545 2941 641 2997 ioedus
693 2936 739 2990 riis
763 2937 906 2991 miscentis·
942 2939 1125 3006 genethbacae
1142 2939 1207 2994 artis
1224 2940 1253 2994 in
1283 2992 1300 3011 ,

81 3030 205 3084 interitus
223 3031 330 3084 tandem
347 3031 375 3084 ia
389 3031 507 3086 Tiberim
522 3035 641 3103 proiecti.
693 3045 725 3084 eo
743 3030 845 3099 peritia.

82 3124 281 3192 aVespasiani
308 3124 435 3179 militibus
467 3126 495 3179 in
520 3134 642 3182 senatum
728 3126 743 3176 8
779 3121 856 3176 Titus
893 3122 1075 3192 Vespasianus
1110 3127 1255 3194 imperator

82 3218 235 3285 promiscua
254 3217 336 3272 caede
353 3219 493 3273 saeuitum.
694 3213 821 3269 decimus.
856 3215 913 3269 eius
934 3217 994 3271 laus
1011 3226 1038 3271 et
1055 3219 1177 3273 uirtutes.
1212 3221 1253 3274 in-

694 3309 897 3377 temperantiam
916 3318 942 3363 ct
959 3310 1026 3365 uitia
1042 3311 1165 3380 priuatae
1183 3313 1256 3367 uitae

695 3416 775 3470 quam
798 3410 904 3470 praeter
926 3403 1044 3458 omnium
1067 3421 1142 3474 spem
1165 3406 1254 3460 subito

321 3485 346 3547 V
349 3484 412 3547 llll
695 3495 823 3549 abiecerit
840 3494 874 3548 ad
893 3496 1033 3565 imperium
1050 3498 1181 3553 sublatus.
1208 3498 1254 3554 de·

695 3587 786 3651 liciae,
814 3604 942 3658 amorque
958 3590 1067 3644 humani
1084 3592 1188 3660 generis
1206 3608 1254 3664 ap

124 3683 644 3752 lVespasianusimperatorl'lllleius
695 3681 817 3749 peilatus.

86 3777 144 3830 uita
152 3776 360 3844 priuatal'ecta
370 3777 459 3831 insula
470 3777 581 3846 imperio
596 3778 643 3833 ad·
729 3778 745 3827 9
790 3774 844 3828 Titi
875 3776 989 3831 eruditio
1030 3784 1058 3831 at
1088 3779 1255 3847 pugnacitas.

85 3870 163 3923 iecta.
189 3869 475 3924 ludaeorumrebellio.
503 3870 646 3925 aduersum
696 3867 782 3936 pietas
800 3869 993 3937 ergaludaeos.
1022 3870 1137 3924 ciuilitas
1155 3877 1181 3924 et
1201 3872 1255 3926 cle·

86 3962 646 4031 eosaNemrrcmissusVespasianusdum·
695 3961 795 4013 mentia
812 3961 839 4014 in
856 3961 974 4031 imperio.

86 4073 138 4125 que
164 4055 375 4125 Hierosolymam
407 4056 511 4111 obsidet
540 4057 647 4126 cognita
734 4057 763 4106 ib
799 4053 853 4107 Titi
888 4053 1004 4109 facilitas
1040 4062 1066 4110 et
1101 4056 1256 4112 liberalitas.

86 4156 172 4204 morte
191 4149 306 4202 Nemnis
326 4148 466 4217 imperium
481 4149 595 4218 adeptus
612 4180 646 4191 -
696 4146 923 4215 amphitheatrum
946 4148 980 4201 ab
1004 4164 1036 4204 eo
1059 4148 1162 4204 Romae
1184 4150 1258 4205 acdi-

86 4243 159 4313 quod
174 4242 297 4297 loturum
319 4243 342 4296 ei
369 4243 518 4311 aloscpho
536 4243 645 4312 captiuo
696 4238 813 4293 ficatum.
848 4240 999 4296 incendium
1024 4242 1051 4294 iu
1078 4243 1145 4296 urbe
1162 4258 1256 4313 repen·

88 4336 256 4406 praedictum
270 4336 413 4390 -relicto
431 4334 466 4390 ad
482 4335 648 4391 obsidionem
698 4333 790 4386 tinum
808 4332 1036 4388 Vesuuiiinsolita
1054 4335 1177 4390 incendia
1195 4352 1256 4392 oum

89 4429 144 4484 fflio
163 4430 225 4484 Tito
243 4429 356 4482 Romam
374 4428 467 4482 tendit.
698 4426 804 4480 uicinae
826 4427 940 4495 regionis
958 4427 1070 4481 excidio.
1106 4429 1259 4497 pestilentia

122 4526 137 4574 ’ὲ
172 4521 428 4592 Hierosolymitanae
446 4522 520 4576 urbis
538 4529 565 4576 et
581 4529 648 4575 tem·
700 4517 802 4574 Romae
818 4519 916 4586 grauis.
947 4519 1001 4572 Titi
1019 4521 1131 4575 comitas
1148 4528 1176 4575 et
1193 4522 1258 4578 libe·

88 4614 126 4681 pli
143 4616 256 4669 euersio.
283 4621 349 4683 quot
362 4614 522 4669 ludaeorum
535 4630 566 4668 eo
579 4615 648 4669 bello
699 4611 792 4665 ralitas
810 4627 873 4680 erga
889 4611 1005 4667 afflictos
1031 4620 1058 4668 et
1081 4621 1260 4683 aegrotantes.

87 4705 240 4760 ceciderint
700 4702 755 4757 Titi
781 4704 878 4760 obitus.
919 4722 1032 4774 magnus
1057 4707 1116 4762 ideo
1140 4708 1260 4762 omnium
