<?xml version="1.0" encoding="UTF-8"?>
<!DOCTYPE html PUBLIC "-//W3C//DTD XHTML 1.0 Transitional//EN"
    "http://www.w3.org/TR/xhtml1/DTD/xhtml1-transitional.dtd">
<html xmlns="http://www.w3.org/1999/xhtml" xml:lang="en" lang="en">
 <head>
  <title>
</title>
<meta http-equiv="Content-Type" content="text/html;charset=utf-8" />
  <meta name='ocr-system' content='tesseract 3.04.00' />
  <meta name='ocr-capabilities' content='ocr_page ocr_carea ocr_par ocr_line ocrx_word'/>
</head>
<body>
  <div class='ocr_page' id='page_1' title='image "./historiamiscell00sagagoog_0635.png"; bbox 0 0 2834 5394; ppageno 0'>
   <div class='ocr_carea' id='block_1_1' title="bbox 476 679 844 729">
    <p class='ocr_par' dir='ltr' id='par_1_1' title="bbox 476 679 844 729">
     <span class='ocr_line' id='line_1_1' title="bbox 476 679 844 729; baseline 0 -3"><span class='ocrx_word' id='word_1_1' title='bbox 476 681 582 727; x_wconf 76' lang='lat' dir='ltr'>INDEX</span> <span class='ocrx_word' id='word_1_2' title='bbox 604 679 844 729; x_wconf 74' lang='lat' dir='ltr'><strong>csem&#39;hosvsr</strong></span> 
     </span>
    </p>
   </div>
   <div class='ocr_carea' id='block_1_2' title="bbox 66 829 637 2843">
    <p class='ocr_par' dir='ltr' id='par_1_2' title="bbox 66 829 633 978">
     <span class='ocr_line' id='line_1_2' title="bbox 66 829 633 900; baseline 0 -15"><span class='ocrx_word' id='word_1_3' title='bbox 66 846 150 900; x_wconf 88' lang='lat' dir='ltr'><strong>reque</strong></span> <span class='ocrx_word' id='word_1_4' title='bbox 173 835 249 898; x_wconf 79' lang='lat' dir='ltr'><strong>gesta</strong></span> <span class='ocrx_word' id='word_1_5' title='bbox 273 844 289 883; x_wconf 89' lang='lat' dir='ltr'><strong>a</strong></span> <span class='ocrx_word' id='word_1_6' title='bbox 314 829 422 884; x_wconf 85' lang='lat' dir='ltr'><strong>Tiberio</strong></span> <span class='ocrx_word' id='word_1_7' title='bbox 441 829 565 885; x_wconf 86' lang='lat' dir='ltr'><strong>Graccho</strong></span> <span class='ocrx_word' id='word_1_8' title='bbox 583 831 633 885; x_wconf 92' lang='lat' dir='ltr'><strong>ibi·</strong></span> 
     </span>
     <span class='ocr_line' id='line_1_3' title="bbox 67 923 481 978; baseline -0.014 0"><span class='ocrx_word' id='word_1_9' title='bbox 67 924 128 978; x_wconf 88' lang='lat' dir='ltr'><strong>dem</strong></span> <span class='ocrx_word' id='word_1_10' title='bbox 146 932 177 978; x_wconf 86' lang='lat' dir='ltr'><strong>ut</strong></span> <span class='ocrx_word' id='word_1_11' title='bbox 194 924 274 977; x_wconf 88' lang='lat' dir='ltr'><strong>etiam</strong></span> <span class='ocrx_word' id='word_1_12' title='bbox 291 923 323 975; x_wconf 86' lang='lat' dir='ltr'><strong>L.</strong></span> <span class='ocrx_word' id='word_1_13' title='bbox 341 923 481 977; x_wconf 90' lang='lat' dir='ltr'><strong>Postumii.</strong></span> 
     </span>
    </p>

    <p class='ocr_par' dir='ltr' id='par_1_3' title="bbox 67 1016 633 1365">
     <span class='ocr_line' id='line_1_4' title="bbox 103 1016 633 1085; baseline 0.002 -14"><span class='ocrx_word' id='word_1_14' title='bbox 103 1023 118 1071; x_wconf 83' lang='grc'><strong>6</strong></span> <span class='ocrx_word' id='word_1_15' title='bbox 153 1016 245 1070; x_wconf 83' lang='lat' dir='ltr'><strong>Persei</strong></span> <span class='ocrx_word' id='word_1_16' title='bbox 262 1016 443 1071; x_wconf 81' lang='lat' dir='ltr'><strong>Macedonum</strong></span> <span class='ocrx_word' id='word_1_17' title='bbox 460 1018 529 1085; x_wconf 80' lang='lat' dir='ltr'><strong>regis</strong></span> <span class='ocrx_word' id='word_1_18' title='bbox 546 1017 633 1072; x_wconf 88' lang='lat' dir='ltr'><strong>rebel·</strong></span> 
     </span>
     <span class='ocr_line' id='line_1_5' title="bbox 67 1109 633 1180; baseline 0.002 -16"><span class='ocrx_word' id='word_1_19' title='bbox 67 1110 112 1164; x_wconf 91' lang='lat' dir='ltr'><strong>lio.</strong></span> <span class='ocrx_word' id='word_1_20' title='bbox 147 1109 343 1164; x_wconf 79' lang='lat' dir='ltr'><strong>Bastarnarum</strong></span> <span class='ocrx_word' id='word_1_21' title='bbox 365 1126 431 1180; x_wconf 86' lang='lat' dir='ltr'><strong>gens</strong></span> <span class='ocrx_word' id='word_1_22' title='bbox 454 1111 512 1165; x_wconf 87' lang='lat' dir='ltr'><strong>sine</strong></span> <span class='ocrx_word' id='word_1_23' title='bbox 531 1111 633 1180; x_wconf 90' lang='lat' dir='ltr'><strong>proelio</strong></span> 
     </span>
     <span class='ocr_line' id='line_1_6' title="bbox 68 1203 633 1274; baseline 0.004 -17"><span class='ocrx_word' id='word_1_24' title='bbox 68 1203 165 1258; x_wconf 81' lang='lat' dir='ltr'><strong>deleta.</strong></span> <span class='ocrx_word' id='word_1_25' title='bbox 195 1203 293 1257; x_wconf 90' lang='lat' dir='ltr'><strong>bellum</strong></span> <span class='ocrx_word' id='word_1_26' title='bbox 320 1220 381 1258; x_wconf 90' lang='lat' dir='ltr'><strong>curn</strong></span> <span class='ocrx_word' id='word_1_27' title='bbox 398 1203 498 1259; x_wconf 87' lang='lat' dir='ltr'><strong>Perseo</strong></span> <span class='ocrx_word' id='word_1_28' title='bbox 523 1205 633 1274; x_wconf 87' lang='lat' dir='ltr'><strong>eiusque</strong></span> 
     </span>
     <span class='ocr_line' id='line_1_7' title="bbox 67 1296 524 1365; baseline 0.002 -15"><span class='ocrx_word' id='word_1_29' title='bbox 67 1297 199 1351; x_wconf 86' lang='lat' dir='ltr'><strong>uictoriae</strong></span> <span class='ocrx_word' id='word_1_30' title='bbox 216 1296 320 1365; x_wconf 88' lang='lat' dir='ltr'><strong>aliquot</strong></span> <span class='ocrx_word' id='word_1_31' title='bbox 337 1296 369 1351; x_wconf 89' lang='lat' dir='ltr'><strong>de</strong></span> <span class='ocrx_word' id='word_1_32' title='bbox 386 1296 524 1352; x_wconf 70' lang='lat' dir='ltr'><strong>Romanu.</strong></span> 
     </span>
    </p>

    <p class='ocr_par' dir='ltr' id='par_1_4' title="bbox 68 1390 634 1924">
     <span class='ocr_line' id='line_1_8' title="bbox 103 1390 632 1460; baseline 0.004 -17"><span class='ocrx_word' id='word_1_33' title='bbox 103 1395 117 1443; x_wconf 79' lang='lat' dir='ltr'><strong>&#39;l</strong></span> <span class='ocrx_word' id='word_1_34' title='bbox 155 1390 268 1443; x_wconf 81' lang='lat' dir='ltr'><strong>Gentius</strong></span> <span class='ocrx_word' id='word_1_35' title='bbox 292 1406 341 1443; x_wconf 85' lang='lat' dir='ltr'><strong>rex</strong></span> <span class='ocrx_word' id='word_1_36' title='bbox 358 1390 456 1460; x_wconf 79' lang='lat' dir='ltr'><strong>lllyrici</strong></span> <span class='ocrx_word' id='word_1_37' title='bbox 483 1391 548 1444; x_wconf 77' lang='lat' dir='ltr'><strong>ac.</strong></span> <span class='ocrx_word' id='word_1_38' title='bbox 566 1391 632 1445; x_wconf 83' lang='lat' dir='ltr'><strong>Ani·</strong></span> 
     </span>
     <span class='ocr_line' id='line_1_9' title="bbox 68 1482 633 1538; baseline 0.002 -1"><span class='ocrx_word' id='word_1_39' title='bbox 68 1484 110 1538; x_wconf 90' lang='lat' dir='ltr'><strong>cio</strong></span> <span class='ocrx_word' id='word_1_40' title='bbox 126 1483 214 1537; x_wconf 90' lang='lat' dir='ltr'><strong>uictus</strong></span> <span class='ocrx_word' id='word_1_41' title='bbox 236 1499 265 1536; x_wconf 91' lang='lat' dir='ltr'><strong>se</strong></span> <span class='ocrx_word' id='word_1_42' title='bbox 278 1482 359 1537; x_wconf 83' lang='lat' dir='ltr'><strong>dedit.</strong></span> <span class='ocrx_word' id='word_1_43' title='bbox 388 1483 420 1536; x_wconf 89' lang='lat' dir='ltr'><strong>L.</strong></span> <span class='ocrx_word' id='word_1_44' title='bbox 431 1484 535 1537; x_wconf 83' lang='lat' dir='ltr'><strong>Aemilii</strong></span> <span class='ocrx_word' id='word_1_45' title='bbox 546 1484 633 1538; x_wconf 90' lang='lat' dir='ltr'><strong>Paulli</strong></span> 
     </span>
     <span class='ocr_line' id='line_1_10' title="bbox 68 1576 632 1646; baseline 0.002 -16"><span class='ocrx_word' id='word_1_46' title='bbox 68 1577 183 1631; x_wconf 87' lang='lat' dir='ltr'><strong>uicteria</strong></span> <span class='ocrx_word' id='word_1_47' title='bbox 209 1576 243 1630; x_wconf 89' lang='lat' dir='ltr'><strong>de</strong></span> <span class='ocrx_word' id='word_1_48' title='bbox 265 1576 365 1631; x_wconf 89' lang='lat' dir='ltr'><strong>Perseo</strong></span> <span class='ocrx_word' id='word_1_49' title='bbox 384 1576 529 1645; x_wconf 88' lang='lat' dir='ltr'><strong>Perseique</strong></span> <span class='ocrx_word' id='word_1_50' title='bbox 547 1578 632 1646; x_wconf 91' lang='lat' dir='ltr'><strong>capti-</strong></span> 
     </span>
     <span class='ocr_line' id='line_1_11' title="bbox 69 1669 634 1725; baseline 0.002 -2"><span class='ocrx_word' id='word_1_51' title='bbox 69 1670 148 1723; x_wconf 82' lang='lat' dir='ltr'><strong>uitas.</strong></span> <span class='ocrx_word' id='word_1_52' title='bbox 191 1669 305 1724; x_wconf 82' lang='lat' dir='ltr'><strong>Vatieno</strong></span> <span class='ocrx_word' id='word_1_53' title='bbox 341 1669 395 1725; x_wconf 92' lang='lat' dir='ltr'><strong>duo</strong></span> <span class='ocrx_word' id='word_1_54' title='bbox 428 1670 538 1725; x_wconf 88' lang='lat' dir='ltr'><strong>iuuenes</strong></span> <span class='ocrx_word' id='word_1_55' title='bbox 565 1671 634 1725; x_wconf 91' lang='lat' dir='ltr'><strong>albis</strong></span> 
     </span>
     <span class='ocr_line' id='line_1_12' title="bbox 69 1762 633 1833; baseline 0.004 -17"><span class='ocrx_word' id='word_1_56' title='bbox 69 1762 144 1830; x_wconf 86' lang='lat' dir='ltr'><strong>equis</strong></span> <span class='ocrx_word' id='word_1_57' title='bbox 162 1762 307 1817; x_wconf 82' lang='lat' dir='ltr'><strong>insidentes</strong></span> <span class='ocrx_word' id='word_1_58' title='bbox 320 1768 460 1833; x_wconf 86' lang='lat' dir='ltr'><strong>apparent,</strong></span> <span class='ocrx_word' id='word_1_59' title='bbox 478 1763 535 1818; x_wconf 89' lang='lat' dir='ltr'><strong>eius</strong></span> <span class='ocrx_word' id='word_1_60' title='bbox 548 1764 633 1818; x_wconf 90' lang='lat' dir='ltr'><strong>uicto·</strong></span> 
     </span>
     <span class='ocr_line' id='line_1_13' title="bbox 69 1855 310 1924; baseline 0.004 -16"><span class='ocrx_word' id='word_1_61' title='bbox 69 1855 126 1910; x_wconf 86' lang='lat' dir='ltr'><strong>riae</strong></span> <span class='ocrx_word' id='word_1_62' title='bbox 143 1856 310 1924; x_wconf 76' lang='lat' dir='ltr'><strong>praenuntii.</strong></span> 
     </span>
    </p>

    <p class='ocr_par' dir='ltr' id='par_1_5' title="bbox 69 1947 636 2576">
     <span class='ocr_line' id='line_1_14' title="bbox 105 1947 636 2021; baseline 0.009 -20"><span class='ocrx_word' id='word_1_63' title='bbox 105 1951 120 2001; x_wconf 84' lang='lat'>8</span> <span class='ocrx_word' id='word_1_64' title='bbox 155 1947 321 2005; x_wconf 91' lang='lat' dir='ltr'><strong>Macedoniis</strong></span> <span class='ocrx_word' id='word_1_65' title='bbox 348 1958 374 2005; x_wconf 83' lang='lat' dir='ltr'><strong>et</strong></span> <span class='ocrx_word' id='word_1_66' title='bbox 399 1950 496 2021; x_wconf 79' lang='lat' dir='ltr'><strong>illyriis</strong></span> <span class='ocrx_word' id='word_1_67' title='bbox 521 1951 592 2020; x_wconf 82' lang='lat' dir='ltr'><strong>leges</strong></span> <span class='ocrx_word' id='word_1_68' title='bbox 619 1967 636 2006; x_wconf 90' lang='lat' dir='ltr'><strong>a</strong></span> 
     </span>
     <span class='ocr_line' id='line_1_15' title="bbox 70 2040 634 2113; baseline 0.009 -19"><span class='ocrx_word' id='word_1_69' title='bbox 70 2040 200 2095; x_wconf 87' lang='lat' dir='ltr'><strong>Romanis</strong></span> <span class='ocrx_word' id='word_1_70' title='bbox 224 2041 312 2097; x_wconf 86' lang='lat' dir='ltr'><strong>datae.</strong></span> <span class='ocrx_word' id='word_1_71' title='bbox 348 2044 452 2098; x_wconf 81' lang='lat' dir='ltr'><strong>Aemilii</strong></span> <span class='ocrx_word' id='word_1_72' title='bbox 469 2044 557 2098; x_wconf 89' lang='lat' dir='ltr'><strong>Paulli</strong></span> <span class='ocrx_word' id='word_1_73' title='bbox 578 2045 634 2113; x_wconf 82' lang='lat' dir='ltr'><strong>glo·</strong></span> 
     </span>
     <span class='ocr_line' id='line_1_16' title="bbox 69 2135 633 2207; baseline 0.009 -20"><span class='ocrx_word' id='word_1_74' title='bbox 69 2135 157 2188; x_wconf 80' lang='lat' dir='ltr'><strong>riosru</strong></span> <span class='ocrx_word' id='word_1_75' title='bbox 173 2135 275 2189; x_wconf 83' lang='lat' dir='ltr'><strong>reditus</strong></span> <span class='ocrx_word' id='word_1_76' title='bbox 290 2143 370 2206; x_wconf 85' lang='lat' dir='ltr'><strong>atque</strong></span> <span class='ocrx_word' id='word_1_77' title='bbox 383 2138 542 2207; x_wconf 87' lang='lat' dir='ltr'><strong>triumphus.</strong></span> <span class='ocrx_word' id='word_1_78' title='bbox 568 2138 633 2192; x_wconf 91' lang='lat' dir='ltr'><strong>Per·</strong></span> 
     </span>
     <span class='ocr_line' id='line_1_17' title="bbox 71 2228 635 2285; baseline 0.009 -5"><span class='ocrx_word' id='word_1_79' title='bbox 71 2228 109 2281; x_wconf 88' lang='lat' dir='ltr'><strong>sei</strong></span> <span class='ocrx_word' id='word_1_80' title='bbox 126 2228 152 2282; x_wconf 94' lang='lat' dir='ltr'><strong>in</strong></span> <span class='ocrx_word' id='word_1_81' title='bbox 172 2229 295 2283; x_wconf 88' lang='lat' dir='ltr'><strong>custodia</strong></span> <span class='ocrx_word' id='word_1_82' title='bbox 312 2231 410 2285; x_wconf 87' lang='lat' dir='ltr'><strong>obitus.</strong></span> <span class='ocrx_word' id='word_1_83' title='bbox 437 2232 525 2285; x_wconf 86' lang='lat' dir='ltr'><strong>Anicii</strong></span> <span class='ocrx_word' id='word_1_84' title='bbox 542 2232 635 2285; x_wconf 86' lang='lat' dir='ltr'><strong>trium·</strong></span> 
     </span>
     <span class='ocr_line' id='line_1_18' title="bbox 71 2321 635 2393; baseline 0.009 -20"><span class='ocrx_word' id='word_1_85' title='bbox 71 2321 140 2389; x_wconf 88' lang='lat' dir='ltr'><strong>phas</strong></span> <span class='ocrx_word' id='word_1_86' title='bbox 174 2321 207 2376; x_wconf 91' lang='lat' dir='ltr'><strong>de</strong></span> <span class='ocrx_word' id='word_1_87' title='bbox 232 2322 335 2392; x_wconf 82' lang='lat' dir='ltr'><strong>illyriis.</strong></span> <span class='ocrx_word' id='word_1_88' title='bbox 382 2324 517 2378; x_wconf 89' lang='lat' dir='ltr'><strong>uariorum</strong></span> <span class='ocrx_word' id='word_1_89' title='bbox 543 2341 635 2393; x_wconf 78' lang='lat' dir='ltr'><strong>regum</strong></span> 
     </span>
     <span class='ocr_line' id='line_1_19' title="bbox 70 2413 635 2486; baseline 0.012 -20"><span class='ocrx_word' id='word_1_90' title='bbox 70 2413 184 2469; x_wconf 85' lang='lat' dir='ltr'><strong>Romam</strong></span> <span class='ocrx_word' id='word_1_91' title='bbox 202 2415 344 2479; x_wconf 83' lang='lat' dir='ltr'><strong>aduentus,</strong></span> <span class='ocrx_word' id='word_1_92' title='bbox 369 2417 414 2486; x_wconf 92' lang='lat' dir='ltr'><strong>qui</strong></span> <span class='ocrx_word' id='word_1_93' title='bbox 432 2417 572 2486; x_wconf 82' lang='lat' dir='ltr'><strong>magnifice</strong></span> <span class='ocrx_word' id='word_1_94' title='bbox 588 2434 635 2473; x_wconf 83' lang='lat' dir='ltr'><strong>ex·</strong></span> 
     </span>
     <span class='ocr_line' id='line_1_20' title="bbox 71 2508 149 2576; baseline -0.013 -15"><span class='ocrx_word' id='word_1_95' title='bbox 71 2508 149 2576; x_wconf 89' lang='lat' dir='ltr'><strong>cepti.</strong></span> 
     </span>
    </p>

    <p class='ocr_par' dir='ltr' id='par_1_6' title="bbox 71 2601 637 2843">
     <span class='ocr_line' id='line_1_21' title="bbox 105 2601 635 2674; baseline 0.011 -22"><span class='ocrx_word' id='word_1_96' title='bbox 105 2605 121 2651; x_wconf 84' lang='lat'>9</span> <span class='ocrx_word' id='word_1_97' title='bbox 156 2601 255 2655; x_wconf 92' lang='lat' dir='ltr'><strong>bellum</strong></span> <span class='ocrx_word' id='word_1_98' title='bbox 281 2618 342 2656; x_wconf 91' lang='lat' dir='ltr'><strong>cum</strong></span> <span class='ocrx_word' id='word_1_99' title='bbox 366 2602 505 2658; x_wconf 86' lang='lat' dir='ltr'><strong>Celtiberis</strong></span> <span class='ocrx_word' id='word_1_100' title='bbox 531 2604 635 2674; x_wconf 83' lang='lat' dir='ltr'><strong>Scipio-</strong></span> 
     </span>
     <span class='ocr_line' id='line_1_22' title="bbox 71 2692 636 2765; baseline 0.011 -20"><span class='ocrx_word' id='word_1_101' title='bbox 71 2692 167 2760; x_wconf 87' lang='lat' dir='ltr'><strong>nisque</strong></span> <span class='ocrx_word' id='word_1_102' title='bbox 191 2695 312 2749; x_wconf 91' lang='lat' dir='ltr'><strong>uictoria.</strong></span> <span class='ocrx_word' id='word_1_103' title='bbox 355 2695 538 2750; x_wconf 87' lang='lat' dir='ltr'><strong>Romanorum</strong></span> <span class='ocrx_word' id='word_1_104' title='bbox 561 2703 636 2765; x_wconf 81' lang='lat' dir='ltr'><strong>gesta</strong></span> 
     </span>
     <span class='ocr_line' id='line_1_23' title="bbox 72 2784 637 2843; baseline 0.011 -7"><span class='ocrx_word' id='word_1_105' title='bbox 72 2784 168 2838; x_wconf 90' lang='lat' dir='ltr'><strong>bellica</strong></span> <span class='ocrx_word' id='word_1_106' title='bbox 193 2787 220 2839; x_wconf 93' lang='lat' dir='ltr'><strong>in</strong></span> <span class='ocrx_word' id='word_1_107' title='bbox 237 2786 387 2842; x_wconf 87' lang='lat' dir='ltr'><strong>Lusitania.</strong></span> <span class='ocrx_word' id='word_1_108' title='bbox 422 2788 550 2843; x_wconf 85' lang='lat' dir='ltr'><strong>Messalla</strong></span> <span class='ocrx_word' id='word_1_109' title='bbox 574 2805 637 2842; x_wconf 91' lang='lat' dir='ltr'><strong>cen·</strong></span> 
     </span>
    </p>
   </div>
   <div class='ocr_carea' id='block_1_3' title="bbox 1184 666 1242 731">
    <p class='ocr_par' dir='ltr' id='par_1_7' title="bbox 1184 666 1242 731">
     <span class='ocr_line' id='line_1_24' title="bbox 1184 666 1242 731; baseline -0.034 -1"><span class='ocrx_word' id='word_1_110' title='bbox 1184 666 1242 731; x_wconf 76' lang='lat'><strong>621</strong></span> 
     </span>
    </p>
   </div>
   <div class='ocr_carea' id='block_1_4' title="bbox 682 829 1249 1738">
    <p class='ocr_par' dir='ltr' id='par_1_8' title="bbox 682 829 1248 1272">
     <span class='ocr_line' id='line_1_25' title="bbox 722 829 1245 914; baseline 0.004 -31"><span class='ocrx_word' id='word_1_111' title='bbox 722 834 752 883; x_wconf 77' lang='grc'><strong>12</strong></span> <span class='ocrx_word' id='word_1_112' title='bbox 788 829 960 898; x_wconf 58' lang='lat' dir='ltr'><strong>carthaginis</strong></span> <span class='ocrx_word' id='word_1_113' title='bbox 993 831 1060 885; x_wconf 88' lang='lat' dir='ltr'><strong>situs</strong></span> <span class='ocrx_word' id='word_1_114' title='bbox 1087 830 1245 914; x_wconf 61' lang='lat' dir='ltr'><strong>descriptus.</strong></span> 
     </span>
     <span class='ocr_line' id='line_1_26' title="bbox 684 922 1247 994; baseline 0.005 -19"><span class='ocrx_word' id='word_1_115' title='bbox 684 922 746 977; x_wconf 90' lang='lat' dir='ltr'><strong>belli</strong></span> <span class='ocrx_word' id='word_1_116' title='bbox 764 924 858 977; x_wconf 91' lang='lat' dir='ltr'><strong>Punici</strong></span> <span class='ocrx_word' id='word_1_117' title='bbox 878 924 949 977; x_wconf 83' lang='lat' dir='ltr'><strong>tertii</strong></span> <span class='ocrx_word' id='word_1_118' title='bbox 967 923 1035 977; x_wconf 89' lang='lat' dir='ltr'><strong>iinis.</strong></span> <span class='ocrx_word' id='word_1_119' title='bbox 1071 923 1162 994; x_wconf 89' lang='lat' dir='ltr'><strong>Scipio</strong></span> <span class='ocrx_word' id='word_1_120' title='bbox 1180 923 1247 978; x_wconf 87' lang='lat' dir='ltr'><strong>Car·</strong></span> 
     </span>
     <span class='ocr_line' id='line_1_27' title="bbox 683 1016 1247 1088; baseline 0.005 -20"><span class='ocrx_word' id='word_1_121' title='bbox 683 1016 801 1084; x_wconf 81' lang='lat' dir='ltr'><strong>thaginis</strong></span> <span class='ocrx_word' id='word_1_122' title='bbox 816 1032 926 1071; x_wconf 87' lang='lat' dir='ltr'><strong>euersor</strong></span> <span class='ocrx_word' id='word_1_123' title='bbox 934 1016 1078 1072; x_wconf 82' lang='lat' dir='ltr'><strong>Africanus</strong></span> <span class='ocrx_word' id='word_1_124' title='bbox 1088 1018 1247 1088; x_wconf 90' lang='lat' dir='ltr'><strong>appellatus.</strong></span> 
     </span>
     <span class='ocr_line' id='line_1_28' title="bbox 683 1108 1248 1166; baseline 0.007 -4"><span class='ocrx_word' id='word_1_125' title='bbox 683 1108 781 1163; x_wconf 85' lang='lat' dir='ltr'><strong>bellum</strong></span> <span class='ocrx_word' id='word_1_126' title='bbox 809 1110 837 1163; x_wconf 93' lang='lat' dir='ltr'><strong>iu</strong></span> <span class='ocrx_word' id='word_1_127' title='bbox 860 1110 1019 1165; x_wconf 90' lang='lat' dir='ltr'><strong>Macedonia</strong></span> <span class='ocrx_word' id='word_1_128' title='bbox 1044 1126 1105 1165; x_wconf 90' lang='lat' dir='ltr'><strong>cum</strong></span> <span class='ocrx_word' id='word_1_129' title='bbox 1128 1111 1248 1166; x_wconf 87' lang='lat' dir='ltr'><strong>Pseudo·</strong></span> 
     </span>
     <span class='ocr_line' id='line_1_29' title="bbox 682 1203 813 1272; baseline 0 -16"><span class='ocrx_word' id='word_1_130' title='bbox 682 1203 813 1272; x_wconf 90' lang='lat' dir='ltr'><strong>philippo.</strong></span> 
     </span>
    </p>

    <p class='ocr_par' dir='ltr' id='par_1_9' title="bbox 682 1296 1249 1537">
     <span class='ocr_line' id='line_1_30' title="bbox 720 1296 1247 1352; baseline 0.006 -3"><span class='ocrx_word' id='word_1_131' title='bbox 720 1300 750 1350; x_wconf 81' lang='grc'><strong>13</strong></span> <span class='ocrx_word' id='word_1_132' title='bbox 786 1296 885 1351; x_wconf 92' lang='lat' dir='ltr'><strong>bellurn</strong></span> <span class='ocrx_word' id='word_1_133' title='bbox 907 1297 1064 1351; x_wconf 80' lang='lat' dir='ltr'><strong>Achaicum.</strong></span> <span class='ocrx_word' id='word_1_134' title='bbox 1106 1297 1247 1352; x_wconf 87' lang='lat' dir='ltr'><strong>historico·</strong></span> 
     </span>
     <span class='ocr_line' id='line_1_31' title="bbox 682 1388 1249 1446; baseline 0.005 -3"><span class='ocrx_word' id='word_1_135' title='bbox 682 1405 743 1443; x_wconf 88' lang='lat' dir='ltr'><strong>rum</strong></span> <span class='ocrx_word' id='word_1_136' title='bbox 768 1388 903 1444; x_wconf 86' lang='lat' dir='ltr'><strong>discordia</strong></span> <span class='ocrx_word' id='word_1_137' title='bbox 928 1391 956 1444; x_wconf 92' lang='lat' dir='ltr'><strong>iu</strong></span> <span class='ocrx_word' id='word_1_138' title='bbox 979 1405 1090 1445; x_wconf 88' lang='lat' dir='ltr'><strong>numero</strong></span> <span class='ocrx_word' id='word_1_139' title='bbox 1109 1407 1249 1446; x_wconf 90' lang='lat' dir='ltr'><strong>caesorum</strong></span> 
     </span>
     <span class='ocr_line' id='line_1_32' title="bbox 683 1480 1049 1537; baseline 0 -3"><span class='ocrx_word' id='word_1_140' title='bbox 683 1480 823 1535; x_wconf 80' lang='lat' dir='ltr'><strong>referendo</strong></span> <span class='ocrx_word' id='word_1_141' title='bbox 842 1482 929 1537; x_wconf 91' lang='lat' dir='ltr'><strong>denuo</strong></span> <span class='ocrx_word' id='word_1_142' title='bbox 948 1489 1049 1537; x_wconf 88' lang='lat' dir='ltr'><strong>notata.</strong></span> 
     </span>
    </p>

    <p class='ocr_par' dir='ltr' id='par_1_10' title="bbox 685 1574 1249 1738">
     <span class='ocr_line' id='line_1_33' title="bbox 721 1574 1247 1634; baseline 0.011 -7"><span class='ocrx_word' id='word_1_143' title='bbox 721 1580 751 1629; x_wconf 81' lang='grc'><strong>14</strong></span> <span class='ocrx_word' id='word_1_144' title='bbox 787 1574 908 1630; x_wconf 88' lang='lat' dir='ltr'><strong>Corinthi</strong></span> <span class='ocrx_word' id='word_1_145' title='bbox 925 1576 1029 1630; x_wconf 85' lang='lat' dir='ltr'><strong>euersio</strong></span> <span class='ocrx_word' id='word_1_146' title='bbox 1044 1576 1247 1634; x_wconf 89' lang='lat' dir='ltr'><strong>duchummio</strong></span> 
     </span>
     <span class='ocr_line' id='line_1_34' title="bbox 685 1668 1249 1738; baseline 0.004 -15"><span class='ocrx_word' id='word_1_147' title='bbox 685 1684 741 1723; x_wconf 92' lang='lat' dir='ltr'><strong>cos.</strong></span> <span class='ocrx_word' id='word_1_148' title='bbox 767 1668 838 1723; x_wconf 89' lang='lat' dir='ltr'><strong>unde</strong></span> <span class='ocrx_word' id='word_1_149' title='bbox 861 1668 989 1738; x_wconf 82' lang='lat' dir='ltr'><strong>profluxit</strong></span> <span class='ocrx_word' id='word_1_150' title='bbox 1012 1684 1057 1723; x_wconf 89' lang='lat' dir='ltr'><strong>aes</strong></span> <span class='ocrx_word' id='word_1_151' title='bbox 1082 1669 1249 1726; x_wconf 84' lang='lat' dir='ltr'><strong>Corinthium</strong></span> 
     </span>
    </p>
   </div>
   <div class='ocr_carea' id='block_1_5' title="bbox 686 1761 1357 1831">
    <p class='ocr_par' dir='ltr' id='par_1_11' title="bbox 686 1761 1357 1831">
     <span class='ocr_line' id='line_1_35' title="bbox 686 1761 1357 1831; baseline 0.006 -15"><span class='ocrx_word' id='word_1_152' title='bbox 686 1761 811 1831; x_wconf 88' lang='lat' dir='ltr'><strong>dictaque</strong></span> <span class='ocrx_word' id='word_1_153' title='bbox 828 1777 896 1816; x_wconf 87' lang='lat' dir='ltr'><strong>uasa</strong></span> <span class='ocrx_word' id='word_1_154' title='bbox 911 1762 1057 1817; x_wconf 88' lang='lat' dir='ltr'><strong>Corinthia.</strong></span> <span class='ocrx_word' id='word_1_155' title='bbox 1085 1763 1250 1819; x_wconf 82' lang='lat' dir='ltr'><strong>celeberrimi</strong></span> <span class='ocrx_word' id='word_1_156' title='bbox 1354 1791 1357 1798; x_wconf 91' lang='lat'>·</span> 
     </span>
    </p>
   </div>
   <div class='ocr_carea' id='block_1_6' title="bbox 684 1855 1253 2853">
    <p class='ocr_par' dir='ltr' id='par_1_12' title="bbox 684 1855 1251 2204">
     <span class='ocr_line' id='line_1_36' title="bbox 684 1855 1250 1924; baseline 0.005 -16"><span class='ocrx_word' id='word_1_157' title='bbox 684 1855 813 1924; x_wconf 90' lang='lat' dir='ltr'><strong>triumphi</strong></span> <span class='ocrx_word' id='word_1_158' title='bbox 825 1855 918 1909; x_wconf 86' lang='lat' dir='ltr'><strong>eodem</strong></span> <span class='ocrx_word' id='word_1_159' title='bbox 930 1862 1051 1924; x_wconf 88' lang='lat' dir='ltr'><strong>tempore</strong></span> <span class='ocrx_word' id='word_1_160' title='bbox 1063 1856 1173 1921; x_wconf 85' lang='lat' dir='ltr'><strong>Romae,</strong></span> <span class='ocrx_word' id='word_1_161' title='bbox 1192 1856 1250 1912; x_wconf 89' lang='lat' dir='ltr'><strong>Sci·</strong></span> 
     </span>
     <span class='ocr_line' id='line_1_37' title="bbox 686 1947 1250 2016; baseline 0.011 -16"><span class='ocrx_word' id='word_1_162' title='bbox 686 1947 899 2016; x_wconf 75' lang='lat' dir='ltr'><strong>pionisAiricani</strong></span> <span class='ocrx_word' id='word_1_163' title='bbox 908 1948 1010 2002; x_wconf 82' lang='lat' dir='ltr'><strong>Metelli</strong></span> <span class='ocrx_word' id='word_1_164' title='bbox 1019 1948 1149 2004; x_wconf 91' lang='lat' dir='ltr'><strong>Mummii.</strong></span> <span class='ocrx_word' id='word_1_165' title='bbox 1165 1951 1250 2006; x_wconf 89' lang='lat' dir='ltr'><strong>Pseu·</strong></span> 
     </span>
     <span class='ocr_line' id='line_1_38' title="bbox 686 2040 1251 2114; baseline 0.009 -20"><span class='ocrx_word' id='word_1_166' title='bbox 686 2040 807 2109; x_wconf 86' lang='lat' dir='ltr'><strong>dopersei</strong></span> <span class='ocrx_word' id='word_1_167' title='bbox 832 2042 858 2095; x_wconf 91' lang='lat' dir='ltr'><strong>in</strong></span> <span class='ocrx_word' id='word_1_168' title='bbox 877 2041 1039 2096; x_wconf 88' lang='lat' dir='ltr'><strong>Macedonia</strong></span> <span class='ocrx_word' id='word_1_169' title='bbox 1055 2042 1174 2109; x_wconf 86' lang='lat' dir='ltr'><strong>rebellio,</strong></span> <span class='ocrx_word' id='word_1_170' title='bbox 1205 2045 1251 2114; x_wconf 91' lang='lat' dir='ltr'><strong>qui</strong></span> 
     </span>
     <span class='ocr_line' id='line_1_39' title="bbox 686 2134 1164 2204; baseline 0.004 -18"><span class='ocrx_word' id='word_1_171' title='bbox 686 2134 804 2188; x_wconf 91' lang='lat' dir='ltr'><strong>uincitur</strong></span> <span class='ocrx_word' id='word_1_172' title='bbox 820 2149 837 2188; x_wconf 90' lang='lat' dir='ltr'><strong>a</strong></span> <span class='ocrx_word' id='word_1_173' title='bbox 855 2134 996 2190; x_wconf 86' lang='lat' dir='ltr'><strong>Tremellio</strong></span> <span class='ocrx_word' id='word_1_174' title='bbox 1014 2141 1164 2204; x_wconf 84' lang='lat' dir='ltr'><strong>quaestore.</strong></span> 
     </span>
    </p>

    <p class='ocr_par' dir='ltr' id='par_1_13' title="bbox 686 2227 1253 2853">
     <span class='ocr_line' id='line_1_40' title="bbox 722 2227 1253 2282; baseline 0.006 -3"><span class='ocrx_word' id='word_1_175' title='bbox 722 2231 752 2279; x_wconf 83' lang='lat'><strong>15</strong></span> <span class='ocrx_word' id='word_1_176' title='bbox 789 2227 887 2281; x_wconf 88' lang='lat' dir='ltr'><strong>bellurn</strong></span> <span class='ocrx_word' id='word_1_177' title='bbox 911 2243 972 2282; x_wconf 89' lang='lat' dir='ltr'><strong>cunr</strong></span> <span class='ocrx_word' id='word_1_178' title='bbox 989 2228 1102 2282; x_wconf 86' lang='lat' dir='ltr'><strong>Viriato.</strong></span> <span class='ocrx_word' id='word_1_179' title='bbox 1137 2228 1253 2282; x_wconf 90' lang='lat' dir='ltr'><strong>Romani</strong></span> 
     </span>
     <span class='ocr_line' id='line_1_41' title="bbox 686 2319 1251 2390; baseline 0.005 -17"><span class='ocrx_word' id='word_1_180' title='bbox 686 2320 934 2389; x_wconf 89' lang='lat' dir='ltr'><strong>saepiusaViriato</strong></span> <span class='ocrx_word' id='word_1_181' title='bbox 944 2321 1016 2375; x_wconf 87' lang='lat' dir='ltr'><strong>caesi</strong></span> <span class='ocrx_word' id='word_1_182' title='bbox 1034 2327 1062 2376; x_wconf 91' lang='lat' dir='ltr'><strong>et</strong></span> <span class='ocrx_word' id='word_1_183' title='bbox 1077 2319 1170 2390; x_wconf 81' lang='lat' dir='ltr'><strong>fugati.</strong></span> <span class='ocrx_word' id='word_1_184' title='bbox 1194 2322 1251 2376; x_wconf 89' lang='lat' dir='ltr'><strong>Lu·</strong></span> 
     </span>
     <span class='ocr_line' id='line_1_42' title="bbox 686 2413 1251 2470; baseline 0.007 -4"><span class='ocrx_word' id='word_1_185' title='bbox 686 2413 767 2467; x_wconf 87' lang='lat' dir='ltr'><strong>situni</strong></span> <span class='ocrx_word' id='word_1_186' title='bbox 799 2413 938 2467; x_wconf 88' lang='lat' dir='ltr'><strong>cuiusdam</strong></span> <span class='ocrx_word' id='word_1_187' title='bbox 968 2414 1107 2469; x_wconf 82' lang='lat' dir='ltr'><strong>fortitudo.</strong></span> <span class='ocrx_word' id='word_1_188' title='bbox 1152 2416 1251 2470; x_wconf 91' lang='lat' dir='ltr'><strong>bellum</strong></span> 
     </span>
     <span class='ocr_line' id='line_1_43' title="bbox 687 2506 1252 2579; baseline 0.004 -18"><span class='ocrx_word' id='word_1_189' title='bbox 687 2522 747 2561; x_wconf 90' lang='lat' dir='ltr'><strong>cum</strong></span> <span class='ocrx_word' id='word_1_190' title='bbox 772 2506 887 2560; x_wconf 87' lang='lat' dir='ltr'><strong>Salassis</strong></span> <span class='ocrx_word' id='word_1_191' title='bbox 912 2508 996 2561; x_wconf 83' lang='lat' dir='ltr'><strong>Gallis</strong></span> <span class='ocrx_word' id='word_1_192' title='bbox 1020 2508 1053 2561; x_wconf 90' lang='lat' dir='ltr'><strong>dc</strong></span> <span class='ocrx_word' id='word_1_193' title='bbox 1077 2508 1173 2577; x_wconf 90' lang='lat' dir='ltr'><strong>quibus</strong></span> <span class='ocrx_word' id='word_1_194' title='bbox 1197 2512 1252 2579; x_wconf 81' lang='lat' dir='ltr'><strong>Ap·</strong></span> 
     </span>
     <span class='ocr_line' id='line_1_44' title="bbox 687 2599 1252 2669; baseline 0.009 -17"><span class='ocrx_word' id='word_1_195' title='bbox 687 2600 747 2669; x_wconf 91' lang='lat' dir='ltr'><strong>pius</strong></span> <span class='ocrx_word' id='word_1_196' title='bbox 762 2599 891 2654; x_wconf 87' lang='lat' dir='ltr'><strong>Claudius</strong></span> <span class='ocrx_word' id='word_1_197' title='bbox 910 2608 1007 2668; x_wconf 77' lang='lat' dir='ltr'><strong>negato</strong></span> <span class='ocrx_word' id='word_1_198' title='bbox 1025 2601 1075 2655; x_wconf 90' lang='lat' dir='ltr'><strong>sibi</strong></span> <span class='ocrx_word' id='word_1_199' title='bbox 1093 2602 1128 2655; x_wconf 92' lang='lat' dir='ltr'><strong>ob</strong></span> <span class='ocrx_word' id='word_1_200' title='bbox 1147 2602 1252 2657; x_wconf 87' lang='lat' dir='ltr'><strong>cladem</strong></span> 
     </span>
     <span class='ocr_line' id='line_1_45' title="bbox 687 2693 1252 2764; baseline 0.005 -19"><span class='ocrx_word' id='word_1_201' title='bbox 687 2693 773 2761; x_wconf 88' lang='lat' dir='ltr'><strong>prima</strong></span> <span class='ocrx_word' id='word_1_202' title='bbox 786 2708 876 2761; x_wconf 78' lang='lat' dir='ltr'><strong>pugna</strong></span> <span class='ocrx_word' id='word_1_203' title='bbox 886 2700 1026 2761; x_wconf 86' lang='lat' dir='ltr'><strong>acceptam</strong></span> <span class='ocrx_word' id='word_1_204' title='bbox 1043 2694 1178 2762; x_wconf 88' lang='lat' dir='ltr'><strong>triumpho</strong></span> <span class='ocrx_word' id='word_1_205' title='bbox 1197 2697 1252 2764; x_wconf 89' lang='lat' dir='ltr'><strong>pri-</strong></span> 
     </span>
     <span class='ocr_line' id='line_1_46' title="bbox 690 2785 1130 2853; baseline 0.005 -16"><span class='ocrx_word' id='word_1_206' title='bbox 690 2785 760 2838; x_wconf 87' lang='lat' dir='ltr'><strong>uatis</strong></span> <span class='ocrx_word' id='word_1_207' title='bbox 779 2785 929 2853; x_wconf 89' lang='lat' dir='ltr'><strong>sumptibus</strong></span> <span class='ocrx_word' id='word_1_208' title='bbox 947 2787 1130 2853; x_wconf 83' lang='lat' dir='ltr'><strong>triumphauit.</strong></span> 
     </span>
    </p>
   </div>
   <div class='ocr_carea' id='block_1_7' title="bbox 72 2877 1259 4804">
    <p class='ocr_par' dir='ltr' id='par_1_14' title="bbox 72 2877 1259 4804">
     <span class='ocr_line' id='line_1_47' title="bbox 72 2877 1252 2946; baseline 0.003 -17"><span class='ocrx_word' id='word_1_209' title='bbox 72 2892 118 2930; x_wconf 89' lang='lat' dir='ltr'><strong>sor</strong></span> <span class='ocrx_word' id='word_1_210' title='bbox 135 2878 270 2932; x_wconf 88' lang='lat' dir='ltr'><strong>theatrum</strong></span> <span class='ocrx_word' id='word_1_211' title='bbox 288 2882 315 2933; x_wconf 94' lang='lat' dir='ltr'><strong>in</strong></span> <span class='ocrx_word' id='word_1_212' title='bbox 324 2881 391 2935; x_wconf 89' lang='lat' dir='ltr'><strong>urbe</strong></span> <span class='ocrx_word' id='word_1_213' title='bbox 401 2882 528 2935; x_wconf 89' lang='lat' dir='ltr'><strong>constitui</strong></span> <span class='ocrx_word' id='word_1_214' title='bbox 537 2889 637 2945; x_wconf 82' lang='lat' dir='ltr'><strong>censet,</strong></span> <span class='ocrx_word' id='word_1_215' title='bbox 726 2882 757 2930; x_wconf 84' lang='grc'><strong>16</strong></span> <span class='ocrx_word' id='word_1_216' title='bbox 792 2877 962 2946; x_wconf 75' lang='lat' dir='ltr'><strong>androgynus</strong></span> <span class='ocrx_word' id='word_1_217' title='bbox 986 2878 1089 2932; x_wconf 88' lang='lat' dir='ltr'><strong>Romae</strong></span> <span class='ocrx_word' id='word_1_218' title='bbox 1113 2880 1188 2933; x_wconf 88' lang='lat' dir='ltr'><strong>uisus</strong></span> <span class='ocrx_word' id='word_1_219' title='bbox 1211 2880 1252 2932; x_wconf 91' lang='lat' dir='ltr'><strong>in-</strong></span> 
     </span>
     <span class='ocr_line' id='line_1_48' title="bbox 73 2970 1254 3043; baseline 0 -16"><span class='ocrx_word' id='word_1_220' title='bbox 73 2970 117 3023; x_wconf 84' lang='lat' dir='ltr'><strong>cui</strong></span> <span class='ocrx_word' id='word_1_221' title='bbox 142 2972 261 3039; x_wconf 83' lang='lat' dir='ltr'><strong>grauiter</strong></span> <span class='ocrx_word' id='word_1_222' title='bbox 286 2973 391 3026; x_wconf 89' lang='lat' dir='ltr'><strong>obstitit</strong></span> <span class='ocrx_word' id='word_1_223' title='bbox 415 2973 504 3043; x_wconf 88' lang='lat' dir='ltr'><strong>Scipio</strong></span> <span class='ocrx_word' id='word_1_224' title='bbox 528 2974 636 3028; x_wconf 84' lang='lat' dir='ltr'><strong>Nasica.</strong></span> <span class='ocrx_word' id='word_1_225' title='bbox 689 2984 742 3037; x_wconf 86' lang='lat' dir='ltr'><strong>que</strong></span> <span class='ocrx_word' id='word_1_226' title='bbox 759 2986 955 3024; x_wconf 85' lang='lat' dir='ltr'><strong>maremcrsus.</strong></span> <span class='ocrx_word' id='word_1_227' title='bbox 983 2972 1254 3040; x_wconf 88' lang='lat' dir='ltr'><strong>pestilentiainurbe</strong></span> 
     </span>
     <span class='ocr_line' id='line_1_49' title="bbox 72 3063 1255 3136; baseline 0.003 -20"><span class='ocrx_word' id='word_1_228' title='bbox 72 3063 219 3131; x_wconf 89' lang='lat' dir='ltr'><strong>Hispaniae</strong></span> <span class='ocrx_word' id='word_1_229' title='bbox 237 3066 509 3121; x_wconf 84' lang='lat' dir='ltr'><strong>tumultusmaximus</strong></span> <span class='ocrx_word' id='word_1_230' title='bbox 528 3068 638 3136; x_wconf 87' lang='lat' dir='ltr'><strong>eiusque</strong></span> <span class='ocrx_word' id='word_1_231' title='bbox 688 3063 817 3116; x_wconf 88' lang='lat' dir='ltr'><strong>immanis.</strong></span> <span class='ocrx_word' id='word_1_232' title='bbox 856 3063 980 3117; x_wconf 88' lang='lat' dir='ltr'><strong>Metellus</strong></span> <span class='ocrx_word' id='word_1_233' title='bbox 1005 3070 1099 3118; x_wconf 89' lang='lat' dir='ltr'><strong>contra</strong></span> <span class='ocrx_word' id='word_1_234' title='bbox 1124 3065 1255 3120; x_wconf 87' lang='lat' dir='ltr'><strong>Viriatum</strong></span> 
     </span>
     <span class='ocr_line' id='line_1_50' title="bbox 72 3155 1254 3225; baseline 0.003 -15"><span class='ocrx_word' id='word_1_235' title='bbox 72 3172 163 3211; x_wconf 88' lang='lat' dir='ltr'><strong>causa.</strong></span> <span class='ocrx_word' id='word_1_236' title='bbox 200 3157 319 3213; x_wconf 88' lang='lat' dir='ltr'><strong>Tucciae</strong></span> <span class='ocrx_word' id='word_1_237' title='bbox 336 3159 451 3214; x_wconf 85' lang='lat' dir='ltr'><strong>Vestalis</strong></span> <span class='ocrx_word' id='word_1_238' title='bbox 474 3161 570 3214; x_wconf 88' lang='lat' dir='ltr'><strong>incesti</strong></span> <span class='ocrx_word' id='word_1_239' title='bbox 590 3175 636 3213; x_wconf 89' lang='lat' dir='ltr'><strong>ac·</strong></span> <span class='ocrx_word' id='word_1_240' title='bbox 689 3155 819 3209; x_wconf 89' lang='lat' dir='ltr'><strong>dimicans</strong></span> <span class='ocrx_word' id='word_1_241' title='bbox 837 3156 964 3209; x_wconf 86' lang='lat' dir='ltr'><strong>Becciam</strong></span> <span class='ocrx_word' id='word_1_242' title='bbox 977 3157 1106 3225; x_wconf 91' lang='lat' dir='ltr'><strong>oppidum</strong></span> <span class='ocrx_word' id='word_1_243' title='bbox 1125 3158 1254 3213; x_wconf 90' lang='lat' dir='ltr'><strong>cumaliis</strong></span> 
     </span>
     <span class='ocr_line' id='line_1_51' title="bbox 73 3249 1253 3322; baseline 0.002 -19"><span class='ocrx_word' id='word_1_244' title='bbox 73 3256 169 3304; x_wconf 88' lang='lat' dir='ltr'><strong>casata</strong></span> <span class='ocrx_word' id='word_1_245' title='bbox 177 3251 332 3306; x_wconf 86' lang='lat' dir='ltr'><strong>innocentia</strong></span> <span class='ocrx_word' id='word_1_246' title='bbox 340 3252 461 3322; x_wconf 81' lang='lat' dir='ltr'><strong>prodigio</strong></span> <span class='ocrx_word' id='word_1_247' title='bbox 470 3252 638 3308; x_wconf 86' lang='lat' dir='ltr'><strong>confirmata.</strong></span> <span class='ocrx_word' id='word_1_248' title='bbox 689 3249 806 3302; x_wconf 83' lang='lat' dir='ltr'><strong>castellis</strong></span> <span class='ocrx_word' id='word_1_249' title='bbox 824 3249 927 3316; x_wconf 84' lang='lat' dir='ltr'><strong>recipit.</strong></span> <span class='ocrx_word' id='word_1_250' title='bbox 945 3249 1062 3304; x_wconf 86' lang='lat' dir='ltr'><strong>eiusdem</strong></span> <span class='ocrx_word' id='word_1_251' title='bbox 1074 3251 1175 3305; x_wconf 84' lang='lat' dir='ltr'><strong>Metelli</strong></span> <span class='ocrx_word' id='word_1_252' title='bbox 1193 3267 1253 3305; x_wconf 89' lang='lat' dir='ltr'><strong>cru-</strong></span> 
     </span>
     <span class='ocr_line' id='line_1_52' title="bbox 111 3341 1254 3414; baseline 0.002 -18"><span class='ocrx_word' id='word_1_253' title='bbox 111 3349 140 3396; x_wconf 88' lang='lat'><strong>10</strong></span> <span class='ocrx_word' id='word_1_254' title='bbox 175 3345 393 3400; x_wconf 86' lang='lat' dir='ltr'><strong>tertiumbelium</strong></span> <span class='ocrx_word' id='word_1_255' title='bbox 405 3346 544 3400; x_wconf 88' lang='lat' dir='ltr'><strong>Punicum.</strong></span> <span class='ocrx_word' id='word_1_256' title='bbox 572 3345 638 3400; x_wconf 87' lang='lat' dir='ltr'><strong>Car·</strong></span> <span class='ocrx_word' id='word_1_257' title='bbox 689 3341 805 3396; x_wconf 85' lang='lat' dir='ltr'><strong>delitatis</strong></span> <span class='ocrx_word' id='word_1_258' title='bbox 824 3341 943 3396; x_wconf 85' lang='lat' dir='ltr'><strong>nefariae</strong></span> <span class='ocrx_word' id='word_1_259' title='bbox 960 3342 1065 3398; x_wconf 87' lang='lat' dir='ltr'><strong>facinus</strong></span> <span class='ocrx_word' id='word_1_260' title='bbox 1080 3345 1107 3397; x_wconf 93' lang='lat' dir='ltr'><strong>in</strong></span> <span class='ocrx_word' id='word_1_261' title='bbox 1119 3344 1254 3414; x_wconf 88' lang='lat' dir='ltr'><strong>principes</strong></span> 
     </span>
     <span class='ocr_line' id='line_1_53' title="bbox 73 3434 846 3508; baseline 0 -21"><span class='ocrx_word' id='word_1_262' title='bbox 73 3436 278 3504; x_wconf 81' lang='lat' dir='ltr'><strong>thaginiensium</strong></span> <span class='ocrx_word' id='word_1_263' title='bbox 299 3438 415 3492; x_wconf 89' lang='lat' dir='ltr'><strong>studium</strong></span> <span class='ocrx_word' id='word_1_264' title='bbox 434 3440 462 3492; x_wconf 92' lang='lat' dir='ltr'><strong>in</strong></span> <span class='ocrx_word' id='word_1_265' title='bbox 479 3439 637 3508; x_wconf 88' lang='lat' dir='ltr'><strong>apparando</strong></span> <span class='ocrx_word' id='word_1_266' title='bbox 689 3434 846 3490; x_wconf 86' lang='lat' dir='ltr'><strong>deditorum.</strong></span> 
     </span>
     <span class='ocr_line' id='line_1_54' title="bbox 73 3527 1255 3599; baseline 0.008 -19"><span class='ocrx_word' id='word_1_267' title='bbox 73 3528 152 3581; x_wconf 88' lang='lat' dir='ltr'><strong>bello.</strong></span> <span class='ocrx_word' id='word_1_268' title='bbox 206 3530 338 3599; x_wconf 86' lang='lat' dir='ltr'><strong>Scipionis</strong></span> <span class='ocrx_word' id='word_1_269' title='bbox 370 3531 491 3586; x_wconf 79' lang='lat' dir='ltr'><strong>Africani</strong></span> <span class='ocrx_word' id='word_1_270' title='bbox 529 3534 639 3588; x_wconf 90' lang='lat' dir='ltr'><strong>minoris</strong></span> <span class='ocrx_word' id='word_1_271' title='bbox 727 3534 756 3581; x_wconf 80' lang='grc' dir='ltr'><strong><em>Π</em></strong></span> <span class='ocrx_word' id='word_1_272' title='bbox 794 3527 976 3584; x_wconf 70' lang='lat' dir='ltr'><strong>Romanorum</strong></span> <span class='ocrx_word' id='word_1_273' title='bbox 989 3529 1255 3584; x_wconf 75' lang='lat' dir='ltr'><strong>infinibusNuman-</strong></span> 
     </span>
     <span class='ocr_line' id='line_1_55' title="bbox 74 3621 1256 3681; baseline 0.004 -8"><span class='ocrx_word' id='word_1_274' title='bbox 74 3621 174 3675; x_wconf 91' lang='lat' dir='ltr'><strong>tribuni</strong></span> <span class='ocrx_word' id='word_1_275' title='bbox 192 3623 304 3676; x_wconf 89' lang='lat' dir='ltr'><strong>militum</strong></span> <span class='ocrx_word' id='word_1_276' title='bbox 322 3629 386 3678; x_wconf 88' lang='lat' dir='ltr'><strong>tunc</strong></span> <span class='ocrx_word' id='word_1_277' title='bbox 404 3626 432 3678; x_wconf 92' lang='lat' dir='ltr'><strong>in</strong></span> <span class='ocrx_word' id='word_1_278' title='bbox 443 3625 536 3679; x_wconf 78' lang='lat' dir='ltr'><strong>Africa</strong></span> <span class='ocrx_word' id='word_1_279' title='bbox 555 3627 640 3681; x_wconf 88' lang='lat' dir='ltr'><strong>uirtus</strong></span> <span class='ocrx_word' id='word_1_280' title='bbox 691 3623 808 3677; x_wconf 88' lang='lat' dir='ltr'><strong>tinorum</strong></span> <span class='ocrx_word' id='word_1_281' title='bbox 836 3622 934 3677; x_wconf 86' lang='lat' dir='ltr'><strong>clades.</strong></span> <span class='ocrx_word' id='word_1_282' title='bbox 981 3622 1077 3676; x_wconf 83' lang='lat' dir='ltr'><strong>Viriati</strong></span> <span class='ocrx_word' id='word_1_283' title='bbox 1105 3623 1212 3677; x_wconf 88' lang='lat' dir='ltr'><strong>tandem</strong></span> <span class='ocrx_word' id='word_1_284' title='bbox 1239 3640 1256 3679; x_wconf 87' lang='lat' dir='ltr'><strong>a</strong></span> 
     </span>
     <span class='ocr_line' id='line_1_56' title="bbox 74 3715 1255 3787; baseline 0.004 -20"><span class='ocrx_word' id='word_1_285' title='bbox 74 3721 102 3767; x_wconf 88' lang='lat' dir='ltr'><strong>et</strong></span> <span class='ocrx_word' id='word_1_286' title='bbox 120 3715 276 3769; x_wconf 84' lang='lat' dir='ltr'><strong>auctoritas.</strong></span> <span class='ocrx_word' id='word_1_287' title='bbox 304 3717 464 3771; x_wconf 89' lang='lat' dir='ltr'><strong>Masinissae</strong></span> <span class='ocrx_word' id='word_1_288' title='bbox 472 3720 541 3787; x_wconf 81' lang='lat' dir='ltr'><strong>regis</strong></span> <span class='ocrx_word' id='word_1_289' title='bbox 551 3719 640 3774; x_wconf 90' lang='lat' dir='ltr'><strong>obitus</strong></span> <span class='ocrx_word' id='word_1_290' title='bbox 691 3717 747 3770; x_wconf 90' lang='lat' dir='ltr'><strong>suis</strong></span> <span class='ocrx_word' id='word_1_291' title='bbox 773 3715 907 3770; x_wconf 84' lang='lat' dir='ltr'><strong>interiecti</strong></span> <span class='ocrx_word' id='word_1_292' title='bbox 924 3715 1055 3770; x_wconf 87' lang='lat' dir='ltr'><strong>interitus.</strong></span> <span class='ocrx_word' id='word_1_293' title='bbox 1092 3716 1255 3772; x_wconf 86' lang='lat' dir='ltr'><strong>Mithridatis</strong></span> 
     </span>
     <span class='ocr_line' id='line_1_57' title="bbox 76 3807 907 3878; baseline 0.001 -17"><span class='ocrx_word' id='word_1_294' title='bbox 76 3807 185 3875; x_wconf 86' lang='lat' dir='ltr'><strong>eiusque</strong></span> <span class='ocrx_word' id='word_1_295' title='bbox 211 3809 332 3876; x_wconf 89' lang='lat' dir='ltr'><strong>corporis</strong></span> <span class='ocrx_word' id='word_1_296' title='bbox 356 3811 432 3878; x_wconf 80' lang='lat' dir='ltr'><strong>uigor</strong></span> <span class='ocrx_word' id='word_1_297' title='bbox 457 3811 493 3865; x_wconf 90' lang='lat' dir='ltr'><strong>ad</strong></span> <span class='ocrx_word' id='word_1_298' title='bbox 520 3812 639 3866; x_wconf 88' lang='lat' dir='ltr'><strong>ultimam</strong></span> <span class='ocrx_word' id='word_1_299' title='bbox 691 3809 759 3878; x_wconf 79' lang='lat' dir='ltr'><strong>regis</strong></span> <span class='ocrx_word' id='word_1_300' title='bbox 777 3809 907 3878; x_wconf 89' lang='lat' dir='ltr'><strong>potentia.</strong></span> 
     </span>
     <span class='ocr_line' id='line_1_58' title="bbox 75 3901 1257 3971; baseline 0.003 -18"><span class='ocrx_word' id='word_1_301' title='bbox 75 3916 160 3968; x_wconf 90' lang='lat' dir='ltr'><strong>usque</strong></span> <span class='ocrx_word' id='word_1_302' title='bbox 179 3907 323 3955; x_wconf 86' lang='lat' dir='ltr'><strong>senectam.</strong></span> <span class='ocrx_word' id='word_1_303' title='bbox 728 3906 758 3955; x_wconf 80' lang='grc'><strong>18</strong></span> <span class='ocrx_word' id='word_1_304' title='bbox 794 3901 915 3955; x_wconf 89' lang='lat' dir='ltr'><strong>Mancini</strong></span> <span class='ocrx_word' id='word_1_305' title='bbox 939 3917 994 3956; x_wconf 80' lang='lat' dir='ltr'><strong>coe.</strong></span> <span class='ocrx_word' id='word_1_306' title='bbox 1017 3901 1109 3956; x_wconf 80' lang='lat' dir='ltr'><strong>infelix</strong></span> <span class='ocrx_word' id='word_1_307' title='bbox 1126 3902 1257 3971; x_wconf 88' lang='lat' dir='ltr'><strong>proelium</strong></span> 
     </span>
     <span class='ocr_line' id='line_1_59' title="bbox 112 3994 1255 4064; baseline 0.002 -18"><span class='ocrx_word' id='word_1_308' title='bbox 112 3999 138 4046; x_wconf 91' lang='grc'><strong>11</strong></span> <span class='ocrx_word' id='word_1_309' title='bbox 178 3994 339 4050; x_wconf 89' lang='lat' dir='ltr'><strong>Masinissae</strong></span> <span class='ocrx_word' id='word_1_310' title='bbox 359 4012 469 4064; x_wconf 80' lang='lat' dir='ltr'><strong>regnum</strong></span> <span class='ocrx_word' id='word_1_311' title='bbox 486 3998 555 4052; x_wconf 89' lang='lat' dir='ltr'><strong>inter</strong></span> <span class='ocrx_word' id='word_1_312' title='bbox 571 3997 641 4054; x_wconf 84' lang='lat' dir='ltr'><strong>illios</strong></span> <span class='ocrx_word' id='word_1_313' title='bbox 692 4012 753 4050; x_wconf 91' lang='lat' dir='ltr'><strong>curn</strong></span> <span class='ocrx_word' id='word_1_314' title='bbox 779 3995 951 4048; x_wconf 87' lang='lat' dir='ltr'><strong>Numantinis</strong></span> <span class='ocrx_word' id='word_1_315' title='bbox 985 4002 1012 4049; x_wconf 84' lang='lat' dir='ltr'><strong>et</strong></span> <span class='ocrx_word' id='word_1_316' title='bbox 1046 4002 1126 4063; x_wconf 86' lang='lat' dir='ltr'><strong>turpe</strong></span> <span class='ocrx_word' id='word_1_317' title='bbox 1151 3994 1255 4049; x_wconf 84' lang='lat' dir='ltr'><strong>foedus.</strong></span> 
     </span>
     <span class='ocr_line' id='line_1_60' title="bbox 76 4086 1257 4158; baseline 0.001 -18"><span class='ocrx_word' id='word_1_318' title='bbox 76 4086 160 4155; x_wconf 87' lang='lat' dir='ltr'><strong>ipsius</strong></span> <span class='ocrx_word' id='word_1_319' title='bbox 186 4086 301 4142; x_wconf 88' lang='lat' dir='ltr'><strong>diuisum</strong></span> <span class='ocrx_word' id='word_1_320' title='bbox 327 4089 495 4158; x_wconf 86' lang='lat' dir='ltr'><strong>aScipione.</strong></span> <span class='ocrx_word' id='word_1_321' title='bbox 533 4091 641 4147; x_wconf 85' lang='lat' dir='ltr'><strong>Tezaca</strong></span> <span class='ocrx_word' id='word_1_322' title='bbox 692 4090 727 4143; x_wconf 94' lang='lat' dir='ltr'><strong>ob</strong></span> <span class='ocrx_word' id='word_1_323' title='bbox 753 4088 825 4157; x_wconf 91' lang='lat' dir='ltr'><strong>quod</strong></span> <span class='ocrx_word' id='word_1_324' title='bbox 850 4088 973 4142; x_wconf 88' lang='lat' dir='ltr'><strong>hostibus</strong></span> <span class='ocrx_word' id='word_1_325' title='bbox 1000 4087 1114 4143; x_wconf 86' lang='lat' dir='ltr'><strong>deditus.</strong></span> <span class='ocrx_word' id='word_1_326' title='bbox 1159 4088 1257 4152; x_wconf 90' lang='lat' dir='ltr'><strong>omina,</strong></span> 
     </span>
     <span class='ocr_line' id='line_1_61' title="bbox 76 4179 1258 4251; baseline 0.003 -19"><span class='ocrx_word' id='word_1_327' title='bbox 76 4180 141 4233; x_wconf 89' lang='lat' dir='ltr'><strong>urbs</strong></span> <span class='ocrx_word' id='word_1_328' title='bbox 173 4196 190 4233; x_wconf 93' lang='lat' dir='ltr'><strong>a</strong></span> <span class='ocrx_word' id='word_1_329' title='bbox 216 4179 343 4235; x_wconf 85' lang='lat' dir='ltr'><strong>Romanis</strong></span> <span class='ocrx_word' id='word_1_330' title='bbox 367 4189 519 4251; x_wconf 83' lang='lat' dir='ltr'><strong>expugnata</strong></span> <span class='ocrx_word' id='word_1_331' title='bbox 550 4185 640 4240; x_wconf 90' lang='lat' dir='ltr'><strong>multis</strong></span> <span class='ocrx_word' id='word_1_332' title='bbox 692 4183 789 4251; x_wconf 90' lang='lat' dir='ltr'><strong>quibus</strong></span> <span class='ocrx_word' id='word_1_333' title='bbox 807 4181 834 4235; x_wconf 92' lang='lat' dir='ltr'><strong>id</strong></span> <span class='ocrx_word' id='word_1_334' title='bbox 851 4181 874 4235; x_wconf 88' lang='lat' dir='ltr'><strong>ei</strong></span> <span class='ocrx_word' id='word_1_335' title='bbox 885 4181 1060 4250; x_wconf 89' lang='lat' dir='ltr'><strong>praedictum.</strong></span> <span class='ocrx_word' id='word_1_336' title='bbox 1087 4181 1258 4235; x_wconf 88' lang='lat' dir='ltr'><strong>bellumcum</strong></span> 
     </span>
     <span class='ocr_line' id='line_1_62' title="bbox 75 4272 1257 4333; baseline 0.002 -7"><span class='ocrx_word' id='word_1_337' title='bbox 75 4272 205 4327; x_wconf 81' lang='lat' dir='ltr'><strong>Afrorum</strong></span> <span class='ocrx_word' id='word_1_338' title='bbox 232 4275 326 4328; x_wconf 83' lang='lat' dir='ltr'><strong>caesis.</strong></span> <span class='ocrx_word' id='word_1_339' title='bbox 370 4274 547 4331; x_wconf 84' lang='lat' dir='ltr'><strong>Hasdrubalis</strong></span> <span class='ocrx_word' id='word_1_340' title='bbox 572 4279 641 4333; x_wconf 91' lang='lat' dir='ltr'><strong>Poe-</strong></span> <span class='ocrx_word' id='word_1_341' title='bbox 693 4275 827 4329; x_wconf 82' lang='lat' dir='ltr'><strong>Gallaecia</strong></span> <span class='ocrx_word' id='word_1_342' title='bbox 854 4275 880 4328; x_wconf 89' lang='lat' dir='ltr'><strong>in</strong></span> <span class='ocrx_word' id='word_1_343' title='bbox 908 4275 1055 4329; x_wconf 84' lang='lat' dir='ltr'><strong>Lusitania.</strong></span> <span class='ocrx_word' id='word_1_344' title='bbox 1092 4274 1257 4329; x_wconf 84' lang='lat' dir='ltr'><strong>aVaccaeis</strong></span> 
     </span>
     <span class='ocr_line' id='line_1_63' title="bbox 76 4367 1114 4439; baseline 0.001 -19"><span class='ocrx_word' id='word_1_345' title='bbox 76 4383 172 4421; x_wconf 90' lang='lat' dir='ltr'><strong>norum</strong></span> <span class='ocrx_word' id='word_1_346' title='bbox 206 4367 282 4421; x_wconf 89' lang='lat' dir='ltr'><strong>ducis</strong></span> <span class='ocrx_word' id='word_1_347' title='bbox 310 4368 443 4423; x_wconf 88' lang='lat' dir='ltr'><strong>interitus.</strong></span> <span class='ocrx_word' id='word_1_348' title='bbox 489 4369 579 4439; x_wconf 87' lang='lat' dir='ltr'><strong>Scipio</strong></span> <span class='ocrx_word' id='word_1_349' title='bbox 605 4372 641 4425; x_wconf 93' lang='lat' dir='ltr'><strong>ad</strong></span> <span class='ocrx_word' id='word_1_350' title='bbox 694 4368 782 4422; x_wconf 90' lang='lat' dir='ltr'><strong>clades</strong></span> <span class='ocrx_word' id='word_1_351' title='bbox 801 4374 913 4437; x_wconf 84' lang='lat' dir='ltr'><strong>accepta</strong></span> <span class='ocrx_word' id='word_1_352' title='bbox 930 4368 958 4421; x_wconf 92' lang='lat' dir='ltr'><strong>in</strong></span> <span class='ocrx_word' id='word_1_353' title='bbox 975 4367 1114 4438; x_wconf 85' lang='lat' dir='ltr'><strong>Hispania.</strong></span> 
     </span>
     <span class='ocr_line' id='line_1_64' title="bbox 77 4458 1258 4530; baseline 0.001 -18"><span class='ocrx_word' id='word_1_354' title='bbox 77 4458 217 4514; x_wconf 89' lang='lat' dir='ltr'><strong>delendam</strong></span> <span class='ocrx_word' id='word_1_355' title='bbox 236 4462 423 4530; x_wconf 84' lang='lat' dir='ltr'><strong>Carthaginem</strong></span> <span class='ocrx_word' id='word_1_356' title='bbox 448 4463 546 4517; x_wconf 89' lang='lat' dir='ltr'><strong>missus</strong></span> <span class='ocrx_word' id='word_1_357' title='bbox 571 4464 641 4519; x_wconf 90' lang='lat' dir='ltr'><strong>eius·</strong></span> <span class='ocrx_word' id='word_1_358' title='bbox 730 4466 761 4516; x_wconf 82' lang='lat'><strong>19</strong></span> <span class='ocrx_word' id='word_1_359' title='bbox 779 4461 1258 4516; x_wconf 74' lang='lat' dir='ltr'><strong>monstrumRomacnatum.Aetnae</strong></span> 
     </span>
     <span class='ocr_line' id='line_1_65' title="bbox 78 4553 1258 4619; baseline 0.002 -13"><span class='ocrx_word' id='word_1_360' title='bbox 78 4567 129 4619; x_wconf 90' lang='lat' dir='ltr'><strong>que</strong></span> <span class='ocrx_word' id='word_1_361' title='bbox 147 4554 221 4608; x_wconf 93' lang='lat' dir='ltr'><strong>urbis</strong></span> <span class='ocrx_word' id='word_1_362' title='bbox 239 4555 389 4609; x_wconf 86' lang='lat' dir='ltr'><strong>miserabile</strong></span> <span class='ocrx_word' id='word_1_363' title='bbox 403 4555 544 4610; x_wconf 89' lang='lat' dir='ltr'><strong>excidium.</strong></span> <span class='ocrx_word' id='word_1_364' title='bbox 572 4557 643 4612; x_wconf 87' lang='lat' dir='ltr'><strong>Has·</strong></span> <span class='ocrx_word' id='word_1_365' title='bbox 694 4555 792 4609; x_wconf 91' lang='lat' dir='ltr'><strong>montis</strong></span> <span class='ocrx_word' id='word_1_366' title='bbox 810 4554 961 4609; x_wconf 89' lang='lat' dir='ltr'><strong>incendium</strong></span> <span class='ocrx_word' id='word_1_367' title='bbox 978 4554 1124 4608; x_wconf 83' lang='lat' dir='ltr'><strong>insolitum.</strong></span> <span class='ocrx_word' id='word_1_368' title='bbox 1158 4553 1187 4608; x_wconf 92' lang='lat' dir='ltr'><strong>iu</strong></span> <span class='ocrx_word' id='word_1_369' title='bbox 1203 4554 1258 4608; x_wconf 87' lang='lat' dir='ltr'><strong>Bo-</strong></span> 
     </span>
     <span class='ocr_line' id='line_1_66' title="bbox 78 4644 1259 4717; baseline 0.003 -19"><span class='ocrx_word' id='word_1_370' title='bbox 78 4644 197 4700; x_wconf 89' lang='lat' dir='ltr'><strong>drubalis</strong></span> <span class='ocrx_word' id='word_1_371' title='bbox 229 4650 320 4701; x_wconf 84' lang='lat' dir='ltr'><strong>uxoris</strong></span> <span class='ocrx_word' id='word_1_372' title='bbox 352 4664 414 4702; x_wconf 90' lang='lat' dir='ltr'><strong>cum</strong></span> <span class='ocrx_word' id='word_1_373' title='bbox 442 4649 532 4703; x_wconf 88' lang='lat' dir='ltr'><strong>liberis</strong></span> <span class='ocrx_word' id='word_1_374' title='bbox 560 4649 644 4706; x_wconf 90' lang='lat' dir='ltr'><strong>uirilis</strong></span> <span class='ocrx_word' id='word_1_375' title='bbox 696 4648 818 4702; x_wconf 83' lang='lat' dir='ltr'><strong>seniensi</strong></span> <span class='ocrx_word' id='word_1_376' title='bbox 851 4663 915 4716; x_wconf 79' lang='lat' dir='ltr'><strong>agro</strong></span> <span class='ocrx_word' id='word_1_377' title='bbox 947 4647 1037 4717; x_wconf 72' lang='lat' dir='ltr'><strong>fruges</strong></span> <span class='ocrx_word' id='word_1_378' title='bbox 1063 4648 1091 4701; x_wconf 93' lang='lat' dir='ltr'><strong>in</strong></span> <span class='ocrx_word' id='word_1_379' title='bbox 1116 4647 1259 4702; x_wconf 86' lang='lat' dir='ltr'><strong>arboribus</strong></span> 
     </span>
     <span class='ocr_line' id='line_1_67' title="bbox 79 4738 1258 4804; baseline 0.003 -12"><span class='ocrx_word' id='word_1_380' title='bbox 79 4738 211 4793; x_wconf 86' lang='lat' dir='ltr'><strong>interitus.</strong></span> <span class='ocrx_word' id='word_1_381' title='bbox 700 4748 786 4796; x_wconf 86' lang='lat' dir='ltr'><strong>natae.</strong></span> <span class='ocrx_word' id='word_1_382' title='bbox 831 4741 928 4796; x_wconf 90' lang='lat' dir='ltr'><strong>bellum</strong></span> <span class='ocrx_word' id='word_1_383' title='bbox 956 4740 984 4796; x_wconf 92' lang='lat' dir='ltr'><strong>iu</strong></span> <span class='ocrx_word' id='word_1_384' title='bbox 1022 4741 1113 4796; x_wconf 91' lang='lat' dir='ltr'><strong>Sicilia</strong></span> <span class='ocrx_word' id='word_1_385' title='bbox 1152 4738 1258 4804; x_wconf 78' lang='lat' dir='ltr'><strong>secuda.</strong></span> 
     </span>
    </p>
   </div>
   <div class='ocr_carea' id='block_1_8' title="bbox 0 0 1438 5394">
    <p class='ocr_par' dir='ltr' id='par_1_15' title="bbox 0 0 1438 5394">
     <span class='ocr_line' id='line_1_68' title="bbox 0 0 1438 5394; baseline 0 0"><span class='ocrx_word' id='word_1_386' title='bbox 0 0 1438 5394; x_wconf 95' lang='lat' dir='ltr'><strong> </strong></span> 
     </span>
    </p>
   </div>
  </div>
 </body>
</html>
