2834 5394
150 218 213 282 520
646 231 738 279 mem
760 230 848 278 xxm

148 384 253 452 batur.
296 402 337 450 ex
359 382 420 448 hoc
441 382 539 466 igitur
568 389 711 468 tempore
739 380 944 467 impudenter
965 380 1061 448 beato
1083 379 1255 447 Germano
1278 402 1337 467 pa·

146 494 308 562 triarcbae
330 492 687 578 Constantinopolitano
709 490 888 576 derogabat
918 511 1078 560 accusans
1100 511 1217 559 omncs
1242 500 1337 559 ante

150 623 297 673 cessores
324 624 401 671 suos
428 603 593 688 principos
628 610 726 687 atque
754 602 922 688 pontifices
950 607 1047 684 atque
1075 603 1216 687 populos
1240 601 1337 669 chri-

151 715 274 784 stianos
309 715 403 797 quasi
433 714 624 780 idololatrae
647 712 779 794 luerint,
810 732 908 797 super
930 711 1118 780 adoratione
1141 718 1336 779 sanctarum

150 845 189 893 ao
210 825 446 892 uenerabilium
466 824 610 905 iconum,
632 843 697 888 non
719 823 852 906 capiens
873 823 976 889 idiota
997 822 1190 890 infidelitate
1211 830 1368 909 captust

148 935 190 1002 de
211 935 375 1003 affectuali
397 933 585 999 adoratione
607 951 796 1000 sermonem.

7 1037 133 1104 mm
239 1046 333 1110 Anno
349 1044 477 1128 imperii
489 1043 610 1110 Leonis
624 1043 804 1124 undecimo,
820 1042 934 1109 eodem
949 1064 1034 1109 anno
1047 1042 1221 1111 lllubauias
1234 1053 1335 1129 capto

150 1153 250 1221 Ateus
279 1160 384 1220 oasim
412 1172 561 1220 reuersus
596 1160 655 1220 est.
699 1172 785 1218 anno
818 1153 946 1238 imperii
977 1153 1098 1220 Leonis
1132 1153 1335 1222 duodecimo

150 1263 250 1329 mouit
270 1264 445 1331 exercitum
472 1264 558 1331 lilius
580 1263 718 1329 Ohaiani
740 1263 896 1348 principis
918 1263 1098 1330 Cbazariae
1126 1271 1243 1330 contra
1265 1265 1334 1331 bic·

149 1373 237 1440 diam
259 1382 291 1441 et
312 1374 497 1440 Armeniam
520 1373 749 1457 inuentumque
771 1373 805 1438 in
820 1348 942 1440 Arabia
957 1374 1165 1440 Gardachum
1180 1374 1333 1440 Arabum
1351 1382 1378 1433 lo

150 1492 332 1570 praetorem
354 1483 528 1550 trucidauit
549 1491 581 1549 et
603 1483 840 1549 multitudinem
863 1504 946 1566 qnae
969 1484 1064 1550 simul
1091 1504 1164 1549 curu
1196 1505 1236 1552 eo
1262 1492 1335 1552 erat

150 1601 183 1662 et
203 1595 418 1681 depopulatus
432 1594 656 1660 Armeniomm
678 1601 774 1678 atque
788 1594 953 1661 Medorum
970 1595 1122 1678 regiones
1143 1594 1244 1662 rediit
1267 1615 1335 1662 me

149 1711 216 1772 turn
238 1705 399 1772 incutiens
421 1704 582 1771 Arabibns
603 1706 748 1770 multum.

235 1815 329 1881 Anno
352 1814 480 1899 imperii
495 1815 615 1882 Leonis
636 1815 730 1882 tertio
756 1813 881 1881 decimo
904 1820 1012 1881 castra
1032 1815 1132 1880 mouit
1146 1814 1334 1883 llasalmas

148 1924 308 1992 aduersus
330 1923 462 1989 humum
485 1927 661 1989 Tureorum
691 1933 723 1992 et
750 1925 784 1990 in
806 1924 909 1989 uicem
937 1924 1102 2008 congressi
1124 1944 1165 1991 cx
1187 1933 1332 2008 utraque
1351 1936 1377 1988 tt

147 2041 242 2120 parte
264 2033 383 2099 cadunt
411 2035 445 2098 in
466 2035 590 2118 proelio
613 2041 762 2117 metuque
783 2034 974 2118 perterritus
996 2034 1172 2102 Masalmas
1196 2036 1332 2119 lugiens

150 2162 209 2230 pcr
230 2151 355 2223 montes
378 2142 558 2210 Chazariae
579 2163 730 2211 reuersus
753 2153 812 2210 est.
1273 2202 1278 2209 .

233 2254 356 2321 Eodem
386 2272 462 2318 nero
492 2273 578 2319 anno
610 2255 719 2322 lurons
746 2256 813 2321 Leo
842 2256 1018 2339 inperator
1053 2262 1164 2320 contra
1201 2263 1330 2322 rectam

149 2364 245 2433 fidem
267 2364 406 2431 adducto
428 2363 523 2430 beato
547 2363 708 2432 Germano
737 2365 843 2450 coepit
871 2385 944 2430 eum
966 2364 1096 2432 blandis
1120 2367 1331 2436 sermonibus

149 2475 295 2543 delinire.
340 2484 373 2541 at
401 2495 479 2541 uero
508 2475 623 2542 beatus
651 2494 859 2558 summusque
888 2474 1040 2542 sacerdos
1069 2474 1150 2541 dixit
1177 2475 1222 2541 ad
1251 2497 1330 2543 eum
1347 2485 1379 2536 uo

149 2585 393 2671 ‘depositionem
421 2594 604 2653 sanctarum
633 2587 810 2669 imaginum
847 2585 997 2653 audimus
1025 2584 1155 2669 quidem
1184 2586 1330 2653 loturam

148 2695 206 2762 scd
230 2716 293 2761 non
315 2703 458 2780 tempore
480 2696 607 2780 imperii
629 2697 694 2761 tui'
736 2716 808 2760 cunr
830 2702 937 2761 autern
960 2697 1015 2763 ille
1038 2703 1165 2779 cogeret
1186 2716 1262 2762 eum
1278 2696 1330 2763 di-

148 2825 221 2872 cere
243 2805 303 2872 sub
325 2806 415 2872 cuius
444 2805 589 2889 imperio,
626 2807 673 2871 ait
701 2806 771 2872 ‘sub
795 2804 953 2872 Cononis)
996 2814 1029 2872 at
1057 2807 1112 2872 ille
1142 2805 1192 2871 ‘re’
1220 2806 1330 2892 inquit

149 2917 239 2983 ‘uera
260 2935 301 2982 ex
323 2915 484 3000 baptismo
502 2915 614 2981 Conon
637 2916 716 2981 mibi
740 2936 857 2982 nomen
881 2918 947 2983 cst!
992 2925 1026 2981 at
1047 2917 1102 2982 illc
1123 2916 1205 2982 dixit
1227 2915 1329 2985 ‘absit

148 3025 288 3104 domine,
317 3033 352 3091 ut
373 3045 431 3110 per
453 3025 621 3108 imperium
644 3033 732 3090 tuum
755 3028 874 3091 malum
896 3026 982 3092 istud
1004 3027 1197 3110 perficiatur.
1232 3026 1327 3093 Anti·
1345 3039 1377 3090 25

148 3135 261 3200 christi
284 3134 369 3199 enim
392 3152 584 3219 praecursor
606 3143 655 3201 est
677 3137 731 3218 qui
754 3137 816 3202 boc
837 3135 1072 3221 adimpleturus
1094 3144 1144 3203 est
1166 3143 1198 3202 et
1220 3136 1328 3203 incar·

148 3250 245 3309 natae
267 3242 398 3308 diuinae
420 3242 673 3327 dispensationis
696 3247 844 3311 euersor!
887 3248 921 3311 in
951 3247 1001 3312 bis
1030 3266 1106 3329 ergo
1135 3265 1254 3314 saeuus
1277 3256 1327 3333 ty·

147 3373 270 3419 rannus
307 3353 476 3420 insaniens
512 3354 608 3420 beato
641 3354 747 3422 minas
781 3357 1015 3440 praetendebat
1049 3357 1153 3424 instar
1183 3357 1326 3424 Herodis

147 3463 311 3549 quondam
334 3463 543 3549 percussoris.
587 3463 762 3530 reducebat
784 3473 892 3531 antem
914 3468 957 3532 ad
979 3468 1166 3533 memoriam
1182 3467 1251 3534 eius
1267 3487 1325 3549 pa·

146 3575 288 3641 triarcba
319 3575 511 3659 sponsiones
544 3573 614 3641 eius
645 3581 721 3642 ante
752 3575 923 3660 imperium
955 3578 1057 3644 lactas
1091 3578 1229 3661 qualiter
1257 3576 1323 3642 sibi
1341 3589 1378 3641 ³0

148 3684 244 3751 deum
266 3684 392 3750 dederit
414 3683 530 3750 nedem
554 3685 588 3749 in
610 3685 698 3750 nullo
721 3692 951 3752 commoturum
966 3688 1134 3754 ecclesiam
1151 3687 1203 3752 dei
1219 3706 1239 3752 a
1254 3686 1324 3754 suis

147 3794 333 3880 apostolicis
356 3803 388 3861 et
410 3794 565 3860 diuinitus
587 3795 716 3862 traditis
739 3795 864 3863 ritibus.

149 3973 435 3984 ——-—-——-

218 4078 467 4150 lpathnarcbcll
547 4082 690 4134 lacculat
707 4081 734 4135 D
820 4080 1021 4152 lrdolatrrcll
1105 4088 1275 4137 breonarum
1295 4087 1323 4147 (o

147 4190 217 4228 corr.
243 4190 280 4229 ex
304 4173 383 4238 all)
502 4174 581 4227 liert
607 4172 713 4228 anal)
797 4173 945 4243 undecimoj
964 4175 998 4230 θ’
1125 4180 1268 4244 9gazanp
1295 4175 1324 4229 D

150 4269 177 4318 ll
198 4252 381 4321 multrdrndll
470 4264 660 4321 l8lur1enll)
740 4271 769 4321 19
789 4266 904 4336 cepitl)
973 4272 1005 4321 29
1023 4268 1217 4338 precursorrll
1286 4273 1318 4321 31

141 4345 249 4411 moturd
266 4356 292 4409 Ι)
