2834 5394
205 248 266 310 114
724 254 816 304 susm
838 256 860 301 v

202 414 323 492 oolam,
353 430 394 477 ex
421 409 512 475 ouius
533 408 724 474 auctoritate
746 406 915 474 asserebat
942 424 979 474 se
1008 409 1119 474 omnia
1147 402 1294 489 aggredi.
1338 405 1382 470 in·

203 534 294 591 terea
314 521 434 588 Lucius
456 519 626 585 Cornelius
654 517 747 587 Sulla
773 525 904 603 praetor
931 536 1003 582 curn
1036 519 1152 603 uiginti
1180 520 1212 579 et
1233 519 1383 596 quattuor

204 633 390 700 cohortibus
412 629 603 698 Aeserniam
626 629 762 710 missus,
789 628 845 693 ubi
866 628 1032 695 artissima
1053 630 1223 698 obsidione
1244 631 1381 698 Romani

205 745 293 812 ciues
316 743 497 826 militesque
517 739 762 826 premebantur,
795 739 936 804 maximo
957 738 1043 805 bello
1066 748 1098 807 et
1118 742 1261 826 plurima
1281 741 1381 808 caede

204 854 345 922 hostium
368 852 480 918 urbem
503 851 672 935 sociosque
694 849 847 915 seruauit.
891 849 1024 953 Gpaeus
1038 851 1211 936 Pompeius
1233 853 1382 919 Picentes

204 965 297 1052 graui
319 962 442 1048 proelio
463 960 554 1027 fudit.
598 981 663 1045 qua
691 959 827 1025 uictoria
854 965 987 1026 senatus
1014 960 1181 1027 laticlauia
1209 969 1244 1028 et
1274 971 1382 1030 cetera

205 1074 373 1159 dignitatis
395 1071 538 1154 insignia
571 1070 707 1156 recepit,
737 1090 808 1135 cum
837 1076 930 1153 togas
965 1078 1089 1137 tantum
1118 1072 1213 1138 modo
1245 1073 1383 1139 uictoria

206 1183 356 1250 Caesaris
378 1181 515 1267 primum
538 1181 720 1265 respirante
743 1181 945 1265 sumpsisset.
990 1181 1123 1248 Porcius
1145 1181 1225 1248 Cato
1248 1191 1379 1268 praetor

204 1294 368 1374 Etruscos,
390 1291 514 1356 Plotius
535 1291 662 1373 legatus
681 1291 815 1357 Vmbros
838 1291 977 1375 plurimo
999 1293 1158 1376 sanguiue
1180 1294 1332 1379 impenso
1353 1300 1384 1359 et

206 1402 395 1470 difficillimo
418 1401 528 1467 labore
545 1401 697 1466 uicerunt.
728 1401 820 1468 Sulla
834 1401 1050 1486 proeliaturus
1065 1403 1273 1470 simulacrum
1287 1403 1384 1490 Apol·

203 1515 281 1582 linis
303 1512 442 1598 Delphis
464 1512 607 1577 ablatum
636 1510 825 1597 suppliciter
852 1513 966 1578 orabat
993 1513 1028 1578 in
1049 1520 1223 1599 conspeetu
1245 1513 1382 1579 militnm

205 1632 240 1692 ut
261 1624 422 1710 promissa
442 1627 624 1707 praestaret
644 1628 675 1687 et
697 1620 868 1689 uidebatur
889 1623 990 1689 fretus
1012 1622 1095 1690 inire
1116 1624 1249 1690 bellum.

105 1740 181 1806 VIII
289 1735 390 1818 Igitur
413 1733 526 1800 Gnaeo
540 1731 693 1817 Pompeio
708 1733 807 1798 Lucio
822 1733 936 1799 Porcio
951 1731 1074 1799 Catone
1089 1733 1277 1801 oonsulibus
1292 1735 1381 1799 Pom·

205 1845 298 1930 peius
320 1843 377 1908 diu
398 1842 525 1908 obsedit
545 1842 700 1908 Asculum
721 1842 884 1908 ciuitatem
915 1862 976 1909 nec
996 1849 1104 1909 tamen
1126 1845 1380 1928 expugnauisset

206 1955 271 2021 nisi
293 1953 448 2038 populum
470 1952 504 2017 in
520 1971 668 2038 campum
685 1960 946 2038 prorumpentem
960 1953 1158 2038 grauissima
1169 1955 1380 2039 oppressione
1392 1952 1414 2002 ¹⁸

206 2064 348 2130 uicisset.
392 2060 504 2127 decem
533 2068 565 2127 et
597 2068 667 2127 octo
698 2062 789 2128 milia
815 2063 994 2130 Marsorum
1030 2063 1065 2128 iu
1093 2083 1134 2130 ea
1161 2084 1276 2149 pugna
1310 2083 1379 2130 oum

206 2175 331 2240 Franco
354 2169 434 2237 duce
456 2191 515 2237 suo
537 2191 633 2237 caesa
656 2179 745 2254 sunt,
775 2180 871 2258 capta
891 2174 955 2239 tria
977 2174 1077 2240 milia.
1119 2180 1273 2257 quatuor
1294 2174 1381 2239 milia

207 2289 315 2352 autem
336 2281 440 2347 Italici
463 2282 524 2346 uiri
547 2301 588 2348 ex
610 2301 650 2348 ea
671 2282 771 2349 caede
792 2283 920 2368 profugi
941 2283 1052 2368 iugum
1074 2284 1192 2352 montis
1214 2291 1326 2351 coacto
1347 2285 1380 2350 iu

207 2416 305 2463 unum
328 2392 458 2479 agmine
480 2392 561 2458 torte
583 2392 855 2476 conscenderant,
885 2392 940 2458 ubi
969 2393 1118 2480 oppressi
1140 2395 1380 2478 exanimatique

205 2505 337 2573 niuibus
365 2502 541 2570 miserabili
570 2510 671 2569 morte
702 2503 877 2588 riguemnt.
928 2524 1068 2589 namque
1103 2505 1151 2570 ita
1186 2510 1221 2569 ut
1255 2503 1380 2570 attoniti
1397 2514 1411 2544 >¹

206 2619 320 2683 timore
342 2614 481 2681 bostium
504 2619 668 2694 steterant,
692 2613 748 2678 alii
771 2612 935 2697 stIpitibus
957 2614 1010 2679 uel
1032 2613 1121 2681 saxis
1143 2613 1303 2696 reclines,
1325 2613 1380 2679 alii

206 2727 305 2793 armis
328 2724 395 2790 suis
418 2722 606 2804 innitentes,
629 2722 816 2807 patentibus
838 2725 943 2792 cuncti
965 2724 1067 2791 oeulis
1089 2723 1307 2809 dentibusque
1327 2744 1382 2789 nu·

208 2836 293 2902 datis
323 2832 502 2898 uiuentium
524 2832 558 2897 in
581 2833 709 2899 modum
732 2833 930 2902 uisebantur.
974 2854 1034 2901 nec
1057 2835 1156 2900 ullum
1180 2841 1251 2901 erat
1272 2834 1383 2919 procul

207 2943 405 3012 intuentibus
427 2942 538 3009 mortis
570 2941 724 3008 indicium
753 2945 818 3010 nisi
845 2944 998 3011 diuturna
1025 2943 1248 3025 immobilitas,
1285 2963 1383 3029 quam

207 3056 296 3123 nullo
319 3052 414 3117 modo
436 3052 598 3120 humanae
619 3053 707 3120 uitae
728 3055 890 3138 negetatio
912 3054 968 3120 diu
990 3054 1114 3140 perpeti
1128 3060 1245 3139 potest.
1267 3053 1383 3120 eadem

208 3167 262 3232 die
284 3164 433 3228 Picentes
461 3162 625 3246 congressi
654 3169 686 3228 et
712 3163 790 3229 uicti
818 3171 907 3246 sunt,
944 3185 1079 3250 qnorum
1107 3163 1174 3233 dm
1204 3162 1383 3231 Iudaoilius

209 3272 394 3342 conuocatis
416 3268 551 3338 ducibus
572 3272 641 3339 suis
662 3282 737 3358 post
757 3275 947 3359 magnificas
962 3276 1076 3361 epulas
1091 3276 1248 3359 largaque
1265 3275 1384 3360 poeula

208 3391 339 3453 cunctos
361 3380 404 3447 ad
424 3381 608 3466 exemplum
629 3384 680 3450 sui
701 3405 882 3469 prouocans
903 3385 1021 3452 hausto
1044 3404 1171 3452 ueneno
1190 3384 1384 3469 absumptus

208 3502 259 3565 est
279 3492 403 3561 cunctis
424 3491 542 3556 tautum
565 3492 635 3559 eius
657 3493 866 3562 laudantibus
888 3494 947 3563 sed
968 3497 1098 3562 nemine
1119 3494 1347 3579 subsequente.

94 3614 186 3681 vnn
291 3607 386 3669 Anno
407 3601 450 3667 ab
471 3601 550 3667 urbe
564 3602 693 3668 condita
715 3606 949 3672 sexcentesimo
965 3607 1168 3690 sexagesimo
1183 3606 1287 3690 primo
1309 3623 1384 3671 cum
1412 3636 1414 3643 2

207 3717 251 3784 ad
273 3711 470 3782 obsidendos
491 3713 663 3798 Pompeios
685 3715 849 3782 Romanus
870 3716 950 3782 isset
971 3716 1130 3783 exercitus
1152 3723 1184 3782 et
1197 3716 1384 3783 Postumius

208 3894 512 3912 -ῤ

277 4024 418 4099 asyllaD
486 4023 656 4084 tmdrtet'll
725 4029 894 4085 tlatrclamo
912 4029 947 4084 θ’
1007 4027 1188 4084 8Port1ulD
1258 4032 1290 4082 to
1308 4027 1385 4099 Sylla

209 4121 383 4191 apollourtl)
475 4129 504 4179 12
523 4120 653 4178 mbrreI)
751 4126 780 4175 13
798 4130 888 4191 portro
906 4122 933 4177 Ι)
1022 4128 1051 4176 15
1070 4127 1234 4192 prompente
1251 4119 1278 4175 t>
1351 4126 1380 4175 tt

208 4212 303 4268 bauco
327 4214 381 4271 ΒΡ
483 4221 513 4271 19
538 4214 729 4272 conscenderat
751 4213 778 4268 D
863 4217 894 4267 21
928 4214 1099 4271 holtruml)
1174 4212 1383 4285 amnentur,

210 4307 355 4375 ttnprtrbut
395 4308 539 4365 Polaticus
578 4307 669 4365 Orooii
701 4303 791 4361 codes
901 4309 934 4360 26
970 4307 1111 4365 mdaeulrul
1135 4308 1161 4365 Β
1278 4312 1310 4363 31
1347 4306 1384 4363 ad

210 4417 260 4457 om.
279 4399 306 4454 1>
