2834 5394
198 224 260 287 494
690 242 781 287 nrum
803 240 879 287 xxu

197 398 230 457 et
250 390 446 458 camachum
469 411 540 456 cnm
563 390 786 459 adiacentibus
808 392 871 458 sibi
892 391 982 457 locis.
1028 390 1152 457 interea
1175 392 1390 459 Iustinianus

198 504 280 570 stolo
302 503 434 588 copioso
461 509 585 568 armato
608 503 753 568 Maurum
783 502 953 586 patricium
978 501 1066 567 misit
1087 501 1298 569 chersonem
1324 524 1387 568 nna

198 634 268 679 cum
292 613 458 698 Stephano
479 613 616 696 patricio
639 621 850 695 cognomento
872 613 1015 678 Asmicto
1037 612 1197 677 malorum
1221 614 1383 678 memoria

198 743 372 792 succensus
382 722 638 806 insidiarumque
649 722 837 788 recordatus
848 728 960 788 contra
979 741 1015 787 se
1031 742 1051 786 a
1066 721 1380 790 Chersonitensibns

197 843 231 900 et
252 833 568 919 Bosporlanensibus
591 851 630 897 ac
650 833 784 914 reliquis
815 832 997 898 climatibus
1019 832 1218 898 effectarum.
1265 848 1407 899 ornnese

197 964 300 1012 naues
322 943 494 1009 dromones
508 942 660 1009 uidelicet
674 944 788 1008 trieres
803 942 994 1026 et·scaphas
1009 942 1192 1008 chimaeras
1208 962 1248 1007 ee
1264 944 1378 1010 lintres

198 1074 303 1139 usqne
324 1053 367 1118 ad
388 1052 560 1118 chelandia
581 1073 640 1138 per
661 1053 865 1118 collationem
880 1053 921 1117 ab
938 1072 1001 1116 uno
1016 1072 1143 1135 quoque
1159 1052 1378 1119 habitantium

199 1164 311 1231 urbem
334 1170 517 1229 senatorum
547 1162 670 1230 scilicet
698 1169 729 1228 et
750 1163 1036 1244 ergasteriacorum
1060 1170 1092 1228 et
1113 1162 1319 1247 plebeiorum
1341 1183 1377 1228 ae

198 1275 302 1341 omnis
323 1274 421 1338 otticii
442 1273 580 1357 collegit.
608 1273 727 1357 quibus
741 1273 852 1339 missis
874 1273 1038 1356 praecepit
1053 1291 1164 1338 omncs
1188 1272 1376 1340 habitantes

197 1386 231 1451 in
253 1384 368 1452 castris
390 1384 457 1450 illis
478 1383 590 1467 gladio
614 1383 796 1449 interficere
818 1388 850 1447 et
872 1383 1033 1447 neminem
1057 1383 1225 1448 uiuificare
1242 1383 1416 1449 tradebam

197 1496 247 1562 eis
269 1501 302 1561 et
323 1495 450 1561 Heliam
473 1493 681 1579 Spatlrarium
704 1493 759 1574 qui
780 1491 913 1558 deberet
928 1492 1080 1577 princeps
1102 1491 1282 1560 Chersonis
1305 1512 1376 1559 con·

198 1606 298 1673 stitui.

79 1703 177 1771 ΧΠῙῙ
284 1715 347 1793 Qui
363 1712 563 1779 Chersonem
584 1712 811 1797 peruenientes
833 1712 963 1778 nemine
985 1713 1048 1778 sibi
1070 1713 1243 1779 resistente
1266 1721 1376 1779 eastra

197 1833 352 1910 ceperunt
373 1830 405 1888 et
426 1842 539 1889 omnes
560 1823 789 1888 interfecerunt
815 1821 924 1905 gladio
954 1823 1100 1906 exceptis
1123 1822 1306 1889 infantibus
1330 1834 1377 1888 ut-

197 1942 273 2019 pote
295 1933 440 2018 parunlis
462 1932 513 1998 his
536 1939 706 2016 parcentes
720 1940 753 1996 ot
768 1932 830 1997 sibi
845 1932 905 1998 hos
927 1932 961 1997 in
976 1933 1141 1999 semitium
1156 1940 1375 1999 reseruantes.
1393 1946 1401 1992 t

198 2042 370 2109 'ludunum
385 2048 490 2106 autem
507 2042 685 2125 principem
698 2040 873 2109 chersonis
889 2042 944 2126 qui
960 2049 994 2106 ut
1015 2062 1057 2108 ex
1079 2062 1218 2126 persona
1234 2042 1375 2108 Chaiani

198 2159 268 2219 eret
288 2158 319 2217 et
341 2150 494 2216 Zehelum
517 2151 634 2234 quiex
662 2151 751 2217 linea
778 2160 811 2218 et
837 2171 958 2235 genere
986 2153 1109 2236 primus
1132 2151 1251 2217 ciuium
1273 2153 1376 2218 habe

198 2264 292 2330 batur
314 2269 410 2346 atquo
432 2261 514 2328 alios
536 2261 753 2345 quadraginta
772 2262 914 2328 illustres
937 2281 995 2328 seu
1016 2263 1173 2347 primores
1196 2261 1375 2329 chersonis

196 2394 263 2441 une
294 2393 365 2439 cum
399 2372 523 2437 familia
551 2371 694 2456 ipsorum
724 2373 848 2439 uinctos
876 2372 919 2437 ad
949 2373 1174 2456 imperatorem
1205 2373 1373 2439 miserunt.

196 2485 279 2551 alios
301 2503 377 2549 uero
400 2489 524 2567 septem
552 2501 593 2547 cx
614 2482 809 2567 primoribus
831 2481 1008 2548 Chersonis
1036 2482 1070 2547 in
1092 2483 1233 2548 uernbus
1256 2483 1375 2566 ligneis
1399 2526 1403 2533 ι

196 2595 264 2678 igni
287 2594 489 2678 applicantes
517 2598 720 2658 assauerunt.
763 2592 846 2658 alios
874 2592 971 2657 etiam
1002 2592 1117 2675 uiginti
1146 2599 1220 2677 post
1246 2598 1374 2676 tergum

197 2704 311 2768 horum
345 2701 485 2767 brachiis
520 2701 635 2768 uinetis
663 2701 705 2766 ad
734 2702 804 2766 lora
825 2703 921 2768 nauis
949 2702 1120 2785 alligantes
1149 2711 1181 2767 et
1209 2702 1375 2786 lapidibus

196 2812 282 2879 hane
304 2812 474 2897 implentes
495 2812 529 2876 in
551 2810 743 2896 protundum
766 2812 932 2878 miserunt.
970 2812 1021 2878 his
1044 2819 1149 2877 autem
1173 2812 1374 2879 lastinianus

197 2922 317 2988 auditis
340 2942 438 3006 super
459 2923 563 2988 salute
591 2941 763 3005 puerorum
792 2921 943 2988 saeuiens
974 2924 1067 2989 iussit
1095 2942 1152 2988 eos
1179 2923 1373 3006 quantocius

197 3032 362 3098 aduenire.
407 3051 477 3096 eum
500 3037 607 3096 autem
630 3032 731 3097 stolus
754 3031 875 3097 octobri
904 3041 1008 3097 motus
1031 3042 1063 3097 et
1084 3033 1117 3096 in
1140 3033 1257 3116 pelago
1280 3052 1373 3116 proc
1396 3061 1410 3090 o

198 3149 370 3225 occupatus
393 3148 480 3206 esset
501 3140 535 3206 in
557 3141 635 3207 astri
658 3148 728 3206 ortu
750 3139 836 3225 quod
850 3144 998 3207 Taurum
1019 3143 1143 3223 dicitur,
1166 3161 1270 3226 paene
1286 3149 1373 3208 totus

199 3250 365 3316 demersus
380 3257 438 3316 est.
469 3270 548 3316 sane
564 3258 733 3317 numerata
754 3258 830 3319 sunt
850 3271 960 3318 eorum
983 3253 1038 3336 qui
1061 3253 1229 3335 naufragio
1244 3252 1372 3337 periere

197 3361 289 3426 milia
311 3359 519 3443 septuaginta
540 3361 610 3425 tn'a.
647 3368 681 3426 at
703 3381 781 3427 uero
804 3362 1003 3428 lastinianus
1026 3362 1077 3428 his
1100 3363 1220 3446 agnitis
1241 3370 1373 3428 nonest

196 3471 342 3538 tristatus
375 3470 453 3553 quin
486 3470 593 3554 potius
625 3471 745 3555 gaudio
777 3472 920 3556 repletus
954 3479 985 3536 et
1017 3472 1113 3538 huius
1147 3470 1234 3536 modi
1265 3471 1373 3536 adhue

196 3583 353 3648 uesaniac
374 3579 502 3647 deditus
524 3582 663 3646 clamore
686 3600 803 3664 magno
824 3581 978 3648 minitans
999 3583 1112 3647 iterum
1131 3583 1231 3646 alium
1254 3581 1371 3646 stolum
1393 3602 1396 3613 ¹

198 3692 280 3755 mitti
302 3697 335 3756 et
357 3691 441 3757 arari
471 3696 566 3775 atque
589 3689 632 3755 ad
660 3691 881 3775 pauimentum
909 3690 991 3756 illidi
1014 3692 1182 3758 uniuersos
1205 3710 1307 3775 usque
1330 3690 1371 3755 ad

198 3802 395 3884 mingentem
419 3804 573 3884 parietem
598 3800 701 3866 iussit.

276 4005 290 4054 '2
317 3968 450 4069 pathrrcrir
470 4000 495 4055 D
530 3963 681 4055 cerrone'o
750 4005 766 4054 t
784 4001 1068 4068 te·accsrson1tenlrb;
1088 4001 1113 4056 D
1181 4006 1196 4053 5
1215 4001 1371 4068 bolphona·

196 4094 322 4147 nenbbul
338 4093 364 4147 Ι)
418 4098 444 4146 ll
465 4100 492 4147 et
513 4099 541 4148 tc
559 4101 585 4148 et
606 4098 635 4146 te
654 4102 681 4146 et
698 4098 730 4146 20
748 4094 905 4149 cersomlD
977 4100 1006 4148 13
1025 4073 1134 4149 cersond
1153 4093 1178 4148 b
1267 4098 1295 4146 tt
1314 4095 1370 4158 noel

197 4184 305 4242 numD
356 4186 475 4241 habebat
491 4186 517 4240 l)
586 4191 618 4240 20
637 4185 768 4251 uenb3D
845 4191 877 4240 25
896 4187 1009 4242 octuber
1026 4188 1052 4242 l)
1129 4192 1161 4242 26
1180 4204 1215 4241 rm
1234 4186 1260 4240 Ι)
1310 4193 1372 4240 tau·

196 4294 262 4333 rura
279 4278 345 4344 ΗΡ,
362 4278 539 4343 Artastass'us,
559 4279 787 4349 Bonqarss'onas:
812 4286 949 4334 arcturum
967 4280 1024 4334 cod.
1044 4279 1152 4335 Pittaci
1244 4285 1276 4332 tlt
1295 4297 1372 4333 mrm·

198 4371 258 4421 tant
275 4386 369 4439 magno
389 4372 427 4439 b(
