2834 5394
10 39 1028 333 a

225 676 301 726 cnr.
324 680 505 728 xxi-xxm.
549 677 642 726 nrum
663 679 750 728 xvnr
774 666 845 730 lxvi
869 657 1012 748 Gruteri)
1034 678 1107 728 cur.
1130 681 1143 728 1
1195 664 1254 728 361

375 1222 520 1287 LIBER
549 1220 777 1287 DECIMVS
807 1220 1030 1288 OCTAVVS

177 1424 272 1490 Anno
287 1425 328 1490 ab
344 1426 564 1491 incarnatione
579 1424 701 1489 domini
717 1425 975 1509 quingentesimo
990 1426 1144 1492 uicesimo
1158 1429 1262 1512 primo
1284 1417 1300 1482 1

92 1536 308 1602 lvsr'rrrmnvs
330 1535 449 1602 sororis
471 1535 587 1601 lustini
610 1535 696 1601 filius
716 1537 933 1600 Romanorum
956 1535 1137 1622 principum
1160 1558 1265 1605 nonus

92 1664 132 1711 ac
159 1644 428 1730 quadragesimus
456 1646 667 1730 Augustalem
696 1644 833 1728 adeptus
862 1651 912 1710 est
939 1647 1166 1730 principatum.
1211 1648 1266 1732 qui

93 1775 169 1820 mox
191 1763 226 1820 ut
247 1756 429 1841 imperialia
451 1755 522 1820 iura
544 1756 694 1840 suscepit,
726 1753 769 1819 ad
799 1754 1015 1838 reparandum
1046 1757 1094 1821 rei
1116 1757 1266 1841 publicae

61 1872 212 1934 estatum
235 1864 377 1930 animum
399 1865 536 1930 intendit
558 1884 596 1929 ac
625 1865 761 1949 primum
791 1883 849 1949 per
879 1865 1066 1930 Bilisarium
1095 1867 1265 1951 patricium

93 1974 257 2059 ingentem
279 1976 383 2039 uirum
406 1976 525 2042 Persas
548 1975 723 2058 adgressus
746 1980 805 2052 est,
834 1973 889 2056 qui
916 1976 1130 2059 transgressis
1151 1977 1265 2041 Roma·

93 2105 207 2150 norum
229 2085 374 2151 terminis
397 2105 507 2151 eorum
530 2085 679 2169 regiones
700 2085 843 2169 grauiter
865 2084 1155 2170 depopulabantur,
1185 2106 1266 2168 quos

93 2194 263 2261 Bilisarius
293 2195 419 2278 magnis
449 2195 582 2280 proeliis
610 2194 692 2260 ludit
719 2201 815 2278 atque
845 2214 886 2261 ex
915 2196 1079 2262 uoluntate
1107 2196 1264 2282 principis

93 2305 405 2390 Constantinopolim
428 2306 632 2391 triumphans
654 2306 821 2389 ingressus
851 2311 910 2372 est.
954 2306 1079 2372 interea
1108 2303 1183 2390 <rex
1203 2308 1266 2372 He·

46 2414 394 2481 101ulorumG1aetes
428 2417 558 2482 nomine
590 2416 681 2482 uenit
703 2414 1016 2499 Constantinopolim
1049 2436 1120 2481 oum
1143 2418 1262 2502 populo

93 2545 153 2592 suo
176 2531 208 2590 et
229 2525 321 2609 petiit
344 2526 567 2608 imperatorem
591 2526 676 2607 quod
706 2526 797 2592 fieret
819 2525 1033 2593 Christianus.
1078 2528 1133 2611 qui
1162 2527 1264 2612 bapti-

94 2642 201 2701 zatum
231 2635 265 2700 in
287 2635 511 2720 Theophaniis
541 2637 682 2720 suscepit
712 2656 783 2702 eum
816 2637 856 2702 eh
885 2637 1079 2721 baptismate
1102 2636 1267 2721 repromit-

94 2752 212 2810 tentem
236 2745 387 2810 auxiliari
411 2748 440 2809 ci
463 2747 497 2809 iu
520 2745 773 2829 quibuscumque
796 2747 961 2813 uoluisset.

177 2854 301 2943 Eodem
323 2875 409 2919 anno
432 2855 583 2920 adhaesit
604 2857 760 2921 Romanis
790 2857 904 2922 mulier
935 2855 1095 2940 quaedam
1118 2874 1158 2920 ex
1179 2855 1266 2920 Hun-

46 2972 75 3021 15
94 2965 146 3030 uis
170 2964 224 3047 qui
240 2964 388 3029 dicuntur
406 2965 518 3047 Sabor,
541 2965 691 3046 barbara,
716 2967 845 3031 nomine
860 2967 994 3047 Boazer,
1018 2965 1117 3030 uidua
1138 2965 1263 3031 habens

92 3093 200 3140 secum
223 3074 411 3139 Hunnorum
443 3074 534 3140 milia
565 3081 702 3139 centum.
746 3083 812 3140 tum
846 3083 878 3140 et
909 3096 965 3141 rex
993 3076 1182 3141 Hunnorum
1211 3075 1266 3159 qui

93 3191 167 3251 sunt
190 3185 280 3249 iuxta
301 3185 479 3269 Bosporum
509 3187 639 3252 nomine
662 3184 773 3251 Gorda
803 3187 940 3252 occessit
968 3186 1010 3251 ad
1039 3186 1265 3270 imperatorem

93 3302 125 3361 et
147 3295 251 3361 lactus
275 3295 479 3361 Christianus
508 3303 676 3381 susceptus
699 3304 749 3362 est
771 3297 812 3361 ab
835 3297 1030 3381 imperatore
1052 3303 1083 3361 et
1105 3296 1212 3361 multis
1235 3295 1264 3359 ei

93 3405 257 3488 praestitis
280 3405 374 3470 donis
397 3405 485 3470 misit
507 3425 579 3470 eum
602 3407 635 3470 in
658 3407 822 3489 regionem
845 3407 949 3491 ipsius
971 3405 1015 3470 ad
1030 3407 1193 3471 Romanas
1215 3423 1266 3468 cu·

45 3525 76 3576 to
94 3514 282 3580 stodicndas
305 3535 356 3581 res
380 3522 412 3580 et
433 3516 612 3600 Bosporum
634 3517 806 3599 ciuitatem,
844 3536 928 3600 quae
951 3536 1009 3601 pro
1032 3535 1070 3582 eo
1093 3513 1177 3599 quod
1201 3516 1264 3579 Ro·

94 3625 199 3689 manis
228 3625 329 3690 boues
360 3645 417 3708 por
446 3626 590 3708 singulos
613 3647 715 3692 annos
739 3647 797 3708 pro
819 3627 965 3710 pecuniis
987 3627 1155 3708 inferebat,
1186 3627 1265 3692 Bos·

94 3733 214 3818 phorus
248 3736 413 3819 appellata
453 3743 510 3801 est.
574 3737 693 3801 locauit
726 3743 831 3801 autem
866 3744 898 3801 ct
930 3755 1095 3801 numerum
1129 3735 1266 3799 militum

92 3845 309 3908 Romanorum
333 3852 364 3909 et
386 3844 585 3909 tribunorum
608 3845 768 3912 custodire
791 3846 953 3911 ciuitatem
976 3853 1107 3929 propter
1128 3845 1264 3910 Hunnos

93 3960 125 4018 et
147 3956 276 4037 exigere
298 3955 418 4019 tributa
440 3954 546 4018 boum.

93 4141 196 4149 ——.-—
359 4147 395 4152 -

91 4247 274 4318 srcbscriptum
294 4250 321 4303 iu
341 4249 375 4313 B,
394 4249 503 4302 nxnmc'
522 4252 569 4302 un'e
585 4264 658 4301 ·xv11
670 4264 788 4302 uncum
806 4263 891 4302 crona
902 4272 906 4282 ·
916 4262 990 4299 xvm
1001 4246 1044 4300 «ἐτι
1060 4245 1093 4299 I).
1111 4245 1155 4300 luc
1171 4249 1267 4314 mcrprt

92 4339 269 4409 Landulphul
285 4342 373 4409 Sagax
390 4341 449 4410 post
467 4341 590 4395 Paullum
600 4340 812 4409 Aquilegrensem
831 4347 858 4393 et
876 4339 966 4394 lcrrbrt
983 4355 1014 4392 11
1031 4338 1114 4393 hbrol
1130 4339 1270 4407 requenter

92 4434 174 4501 utque
200 4434 235 4487 ad
259 4441 372 4488 mortem
390 4434 523 4488 Anastalu
547 4441 574 4488 et
596 4433 693 4488 demde
709 4433 808 4488 Leoml
830 4434 1030 4505 ‘monasmpto
1048 4431 1203 4501 Bouporsr't‘
1218 4430 1266 4485 ad-

91 4529 230 4598 scriptum
311 4535 319 4581 1
342 4530 552 4597 quingentesimo
570 4543 609 4580 xx
628 4543 699 4581 nono
719 4525 746 4580 B
823 4530 838 4580 2
858 4527 953 4580 loronl
969 4556 998 4565 -
1019 4530 1034 4580 3
1053 4523 1270 4594 quadragenum

92 4621 167 4673 utin
186 4626 345 4676 textusrort
363 4622 406 4676 B:
429 4612 573 4676 romanorri
602 4618 719 4674 soluti)
829 4623 894 4672 tut
911 4635 962 4673 om.
981 4619 1008 4673 B
1093 4616 1223 4687 rmpenalr
1240 4615 1267 4670 Ι)

92 4714 261 4781 taggrellul
279 4714 322 4769 ol)
434 4714 675 4783 lpopulahantur
693 4712 720 4768 B
822 4716 939 4766 tlterea
957 4711 985 4765 B
1091 4716 1120 4765 10
1138 4708 1268 4779 meteri>

96 4812 120 4859 11
143 4807 235 4874 quoll
306 4813 334 4862 11
353 4815 380 4862 et
397 4812 429 4862 20
447 4807 584 4876 bosphoro
602 4807 628 4861 Ι)
696 4810 729 4860 20
747 4806 873 4860 romanos
892 4803 932 4858 θ’
