2834 5394
592 694 665 742 css.
688 692 821 741 vr-vm
1235 683 1298 745 245

164 839 232 924 igneo
247 844 361 927 fulgore
382 846 524 911 rutilare.
569 864 705 928 cumque
727 852 816 910 tanto
840 845 912 911 uisu
934 844 1049 911 luisset
1071 847 1242 913 exterritus
1257 868 1297 913 ae

163 970 222 1018 nouo
236 954 467 1039 perturbaretur
488 964 633 1040 aspectu,
656 955 788 1021 adstare
811 955 873 1021 sibi
896 954 984 1021 uidet
999 958 1134 1039 angelos
1151 956 1296 1025 dieentes

161 1059 342 1131 ‘Constantine
371 1062 408 1129 ἐν
436 1063 543 1151 τούτῳ
571 1067 653 1130 νίκα’
682 1065 768 1149 quod
798 1073 847 1132 est
876 1066 919 1130 ‘in
948 1066 1009 1130 hoe
1038 1067 1146 1130 uince’.
1197 1067 1297 1133 fertur

160 1179 236 1239 auton
254 1182 283 1240 et
303 1175 410 1259 ipsum
432 1174 595 1242 Christum
617 1175 809 1261 apparuisse
838 1175 868 1241 ei
891 1184 921 1241 et
944 1177 1071 1259 signum
1096 1184 1296 1244 monstrasse

140 1284 285 1349 concisae
306 1285 515 1371 praecepisse
538 1294 573 1349 ut
593 1286 730 1369 liguram
753 1286 891 1352 similem
913 1288 1031 1351 {arceret
1053 1293 1085 1351 et
1107 1286 1140 1351 in
1163 1287 1296 1370 proeliis

159 1393 278 1459 auxilium
300 1394 362 1459 hoc
382 1395 517 1461 haberet
539 1416 602 1480 quo
625 1396 779 1461 uictoriae
794 1396 865 1460 iura
881 1396 1090 1480 conquireret.
1135 1397 1296 1464 Eusebius

157 1501 234 1586 itaque
245 1505 431 1590 Pamphilus
453 1507 522 1572 iure
544 1505 680 1570 iurando
702 1507 774 1590 ipso
796 1506 990 1591 imperatore
1012 1506 1140 1572 dicente
1163 1507 1295 1574 audisse

157 1630 182 1677 se
196 1614 274 1680 refert
295 1615 373 1698 quia
393 1615 479 1680 cirea
500 1614 666 1681 meridiem
682 1616 865 1681 declinante
881 1617 945 1680 iam
962 1618 1031 1683 sole
1047 1618 1150 1682 erucis
1167 1618 1295 1701 signum

156 1738 185 1786 cr
199 1723 301 1791 lumine
322 1725 441 1790 factum
463 1732 495 1791 et
517 1726 707 1810 scripturam
728 1733 909 1792 consertam
932 1727 963 1791 ei
986 1725 1144 1791 ‹beerrtem
1168 1728 1210 1792 in
1233 1727 1314 1792 hoe

122 1831 227 1897 toma’
249 1834 382 1901 uidisset
408 1836 480 1920 ipse
510 1844 543 1901 et
569 1836 688 1902 milites
716 1837 771 1919 qui
799 1856 870 1900 euru
900 1855 938 1900 eo
960 1842 1036 1901 tuno
1059 1844 1178 1902 essent.
1223 1856 1293 1921 per-

154 1943 217 2022 genti
233 1964 366 2029 namque
388 1945 496 2029 aliquo
517 1965 589 2010 curu
612 1947 753 2011 exercitu
776 1947 895 2030 paritor
917 1947 950 2011 in
973 1947 1052 2029 loce,
1093 1946 1169 2010 ‘hoc’
1191 1947 1296 2029 iuquit

155 2047 185 2113 ‘ei
204 2060 242 2119 cst
264 2055 454 2119 miraculum
487 2057 669 2121 ostensum’.
716 2054 856 2139 dumque
894 2056 1049 2139 cogitaret
1083 2055 1161 2139 quid
1197 2064 1294 2136 esset,

153 2177 200 2224 uer
214 2165 390 2248 superuenit
411 2174 443 2230 et
466 2164 634 2230 dormienti
651 2164 800 2232 Christus
823 2166 974 2250 apparuit
995 2186 1067 2230 cum
1090 2166 1183 2250 signo
1207 2164 1293 2249 quod

153 2266 211 2335 uidit
225 2273 253 2338 in
273 2276 372 2355 eaelo,
401 2275 558 2360 iussitque
587 2283 622 2340 ut
644 2276 736 2341 fieret
758 2276 827 2341 eius
857 2276 942 2360 signi
971 2276 1121 2360 figuratio
1145 2295 1228 2360 quae
1250 2276 1293 2340 lo·

118 2384 188 2441 ttret
202 2384 340 2449 auxilium
363 2386 397 2449 in
420 2385 702 2469 congressionibus
725 2385 929 2470 proeliorum.

213 2495 283 2559 Tum
306 2514 383 2560 uero
404 2496 510 2561 laetus
536 2494 682 2561 redditus
710 2502 743 2560 et
769 2495 810 2560 de
839 2496 974 2560 uictoria
1000 2496 1065 2561 iam
1095 2516 1227 2562 securus
1250 2496 1290 2562 si·
1312 2495 1389 2560 VllI

152 2616 223 2679 guum
241 2605 350 2683 erucis,
374 2605 461 2688 quod
482 2606 516 2670 in
539 2606 629 2672 eaelo
651 2605 786 2689 uiderat,
815 2605 849 2670 in
872 2606 1024 2671 militaria
1047 2607 1168 2672 uexilla
1190 2614 1293 2671 trans·

152 2704 236 2778 tornat
260 2733 298 2780 ac
326 2716 474 2780 labarum
503 2736 598 2799 quem
621 2714 740 2798 dieunt,
773 2736 814 2781 ex
835 2737 914 2780 auro
937 2724 969 2782 et
991 2715 1155 2799 lapidibus
1178 2715 1293 2798 pretio-

152 2815 228 2887 tisin
252 2826 393 2909 speciem
422 2827 524 2891 erucis
552 2826 732 2891 dominicae
759 2833 900 2910 exaptat.
952 2826 1013 2890 hoe
1042 2825 1126 2889 enirn
1163 2824 1291 2906 signum

115 2923 265 2999 abban
287 2935 372 3001 inter
393 2936 459 3001 alia
480 2936 655 3021 pretiosius
678 2942 747 3000 erat
775 2955 812 3000 co
836 2934 920 3017 qnod
950 2936 1175 3019 imperatorem
1200 2956 1290 3018 prac-

151 3037 246 3110 adnot
266 3053 299 3112 et
319 3043 449 3110 adorari
470 3066 542 3112 eum
564 3067 586 3111 a
607 3045 763 3111 militibus
793 3046 890 3110 moris
914 3054 1009 3110 esset.
1054 3043 1139 3109 unde
1169 3045 1289 3125 praeci-

150 3165 194 3228 pue
210 3152 447 3223 Constantinum
468 3176 541 3221 reor
562 3156 798 3222 nobilissimum
821 3155 919 3221 decus
948 3155 1074 3239 imperii
1096 3155 1232 3219 Romani
1256 3155 1290 3219 in

150 3253 244 3338 tignum
275 3272 421 3332 mutasse
448 3266 551 3331 cnueis
579 3273 613 3330 ut
646 3264 804 3348 frequenti
837 3265 963 3331 uisione
996 3272 1092 3347 atque
1126 3284 1203 3328 eura
1237 3264 1291 3329 de-

149 3383 302 3442 suescerent
322 3397 344 3441 a
365 3375 471 3460 priore
493 3396 580 3442 more
604 3375 738 3441 subiecti
761 3382 793 3440 et
822 3395 895 3440 curn
925 3376 1027 3441 solum
1058 3373 1289 3437 arbitrarentur

116 3471 216 3547 tidem
234 3506 328 3570 quern
351 3487 470 3552 coleret
490 3486 665 3571 imperator
688 3486 738 3549 uel
766 3506 829 3568 quo
859 3484 940 3550 duee
969 3492 1066 3567 atque
1096 3483 1289 3549 arixiliatore

149 3590 255 3660 utram
275 3596 435 3661 aduersus
457 3595 576 3662 hostes.
621 3614 748 3678 semper
777 3595 862 3660 enim
889 3595 949 3659 hoe
979 3595 1108 3677 signnm
1132 3613 1290 3679 propone-

149 3688 216 3766 batur
232 3714 304 3770 ante
326 3705 457 3772 ordines
480 3707 649 3771 uniuersos
672 3704 757 3788 quod
785 3706 927 3769 maxime
956 3703 1179 3770 laborantibus
1208 3704 1292 3769 acie·

149 3797 232 3879 busin
251 3815 384 3899 proeliis
406 3814 523 3882 adesse
544 3815 752 3900 percipiebat.
797 3815 962 3881 constituit
983 3815 1091 3896 itaque
1114 3821 1218 3880 certos
1242 3815 1286 3880 si-

149 3915 256 3991 guilerps
278 3925 390 4009 quiin
412 3944 450 3991 eo
471 3925 667 4005 laborarent,
692 3944 826 4008 quorum
848 3945 929 4010 opus
952 3933 1023 3992 erat
1045 3931 1080 3989 ut
1093 3925 1217 3990 uicibus
1232 3923 1289 3988 hu·

118 4022 218 4096 luens
235 4054 306 4099 eum
331 4034 487 4101 ueherent
509 4041 541 4101 et
562 4054 675 4100 omncs
698 4035 784 4101 acies
800 4035 847 4099 ita
860 4036 1045 4102 lustrarent.
1090 4035 1189 4099 fertur
1205 4034 1291 4099 enim

151 4144 183 4209 0⁰,
203 4143 277 4223 quod
307 4144 483 4228 aliquando
514 4144 644 4231 quidam
668 4145 775 4211 ferens
804 4144 864 4209 hoc
888 4144 1015 4229 signum
1037 4151 1170 4228 repente
1193 4143 1290 4210 hosti-

151 4234 192 4310 bu
206 4249 426 4320 incedentibus
448 4256 636 4340 expauisset
663 4254 871 4339 dedissetque
898 4255 979 4320 illud
1008 4254 1101 4320 alteri
1130 4252 1291 4320 deuehen-

156 4419 422 4451 k..—

199 4544 314 4614 ilplel)
383 4552 456 4613 but]
475 4564 503 4601 m
520 4547 547 4603 D
599 4547 809 4618 'lpamphrlreul
822 4546 876 4602 ΒΡ
925 4562 996 4618 quac
1013 4553 1142 4600 occuratur
1159 4553 1291 4618 corrupta

155 4620 226 4687 aton
241 4638 369 4695 &maus
454 4641 631 4696 creteratlt
719 4646 746 4694 tt
768 4656 829 4694 eum
847 4656 898 4694 om.
916 4640 957 4695 ll:
976 4646 1108 4710 corrupta
1120 4646 1205 4711 palat
1224 4638 1290 4695 Gro-

156 4718 207 4775 ‘fflt
274 4736 303 4787 ts
320 4732 457 4789 Lebarum
474 4733 533 4789 cod.
552 4733 662 4789 Pr'tlroer'
762 4739 795 4788 20
813 4733 943 4803 pret1olul
958 4731 985 4787 ll
1070 4736 1103 4787 22
1121 4749 1233 4790 romano
1252 4733 1291 4788 12⁴

157 4806 311 4882 ²⁵tl¹1butor
329 4825 354 4881 Ι)
423 4832 456 4882 28
473 4828 639 4896 percipiebat
656 4827 718 4885 cod.
736 4826 861 4884 Pitluoer':
879 4825 1064 4898 praecipiebat
1084 4825 1110 4880 P
1125 4827 1171 4891 rb)
1253 4858 1258 4866 ·
