2834 5394
200 225 262 288 448
706 238 799 285 nrum
819 237 867 285 xx

199 392 332 460 cesserit
353 390 513 459 Chesrees
541 392 584 456 ah
605 390 859 473 Damastagerd‚
895 395 1106 457 assernerunt
1134 389 1229 454 ‘ante
1262 408 1388 455 nouem

198 502 270 570 dies
300 504 488 587 priusquam
518 522 576 568 uos
607 501 760 568 ueniretis
795 500 906 566 audite
935 499 1078 565 aduentu
1101 505 1209 566 uestro
1240 501 1387 567 latenter

199 620 330 698 pertuso
353 632 442 678 mure
465 611 614 690 ciuitatis,
637 612 691 696 qui
714 619 764 678 est
785 612 876 677 iuxta
897 610 1063 695 palatium,
1085 616 1207 676 temere
1230 629 1293 696 per
1310 609 1385 676 her-

199 730 250 791 tes
272 724 373 789 euiuit
394 725 468 808 ipsc
490 729 522 788 et
544 743 626 787 uxor
648 730 680 787 et
701 721 760 787 filii
782 722 862 800 eius,
885 740 927 786 ne
949 721 1041 786 fieret
1062 720 1216 787 tumultus
1240 721 1276 786 in
1299 721 1383 786 ciui·

198 840 274 900 tate.
319 841 350 898 et
372 853 477 917 neque
500 832 635 898 militiae
657 833 761 916 ipsius
783 850 963 916 cognouere
989 850 1094 915 neque
1116 831 1282 916 principes
1307 832 1409 899 eiust

200 963 302 1028 usque
329 964 392 1026 que
421 942 570 1009 miliariis
599 943 741 1027 quinque
767 942 919 1025 perrexit.
963 942 991 1007 si
1019 941 1149 1025 quidem
1176 948 1255 1006 tunc
1288 964 1382 1009 man·

199 1052 290 1119 dauit
318 1074 380 1137 que
409 1073 445 1120 se
467 1060 677 1137 sequerentur
699 1051 940 1137 Ctesiphontem
969 1050 1157 1118 tendentes!
1200 1062 1232 1118 et
1261 1053 1290 1119 is
1323 1054 1380 1138 qui

199 1183 265 1228 uon
296 1171 424 1247 peterat
460 1164 601 1248 quinque
630 1162 770 1227 miliaria
799 1163 904 1228 facere
931 1183 990 1246 per
1016 1161 1119 1243 diem,
1149 1162 1279 1246 fugiens
1302 1164 1381 1230 feeit

201 1273 315 1357 uiginti
330 1275 472 1359 quinque
487 1275 702 1357 mulieresque
724 1293 764 1339 ao
777 1273 837 1338 lilii
852 1274 930 1356 eius,
954 1273 1009 1357 qui
1031 1292 1067 1338 se
1089 1273 1179 1356 prius
1201 1274 1380 1341 alterutros

198 1403 264 1449 nen
279 1383 444 1466 uidebant,
467 1393 542 1450 tunc
558 1383 682 1449 mixtim
699 1383 866 1466 fugiebant
879 1383 913 1449 in
929 1384 1032 1449 uicem
1048 1383 1264 1468 impellentes.
1288 1403 1379 1449 onus·
1398 1396 1406 1444 ι

200 1512 262 1578 que
284 1514 348 1561 nox
370 1495 568 1576 accessisset,
591 1494 735 1559 intreiuit
757 1493 916 1560 Cherreos
937 1495 971 1558 in
993 1493 1122 1557 domum
1143 1494 1307 1576 agricolae
1331 1496 1379 1560 ni-

201 1602 276 1687 hili,
314 1607 347 1669 iu
376 1606 467 1671 ouius
495 1604 636 1689 hospitio
664 1605 720 1670 uix
751 1623 881 1669 manere
909 1603 1099 1689 praeualuit.
1144 1603 1228 1687 qued
1257 1604 1380 1674 uidens

198 1714 400 1799 postmodum
423 1715 592 1781 Heraclius
615 1714 792 1780 admiratus
814 1722 872 1780 est.
908 1733 966 1799 per
988 1721 1053 1780 tres
1076 1721 1183 1779 autem
1206 1714 1278 1781 dies
1294 1716 1380 1782 adiit

198 1823 448 1909 Ctesiphontem.

46 1928 232 1999 xxxxlu
288 1935 375 2001 Sane
398 1933 557 2001 Chosrees
579 1953 771 2019 responsum
799 1943 967 2019 acceperat
996 1934 1192 2001 amaloiicis
1220 1941 1253 2000 et
1274 1943 1380 2002 astro
1399 1945 1417 1994 1

198 2045 282 2129 legis
311 2051 386 2110 ante
408 2044 524 2127 uiginti
546 2051 695 2128 quattuor
716 2065 837 2126 annes,
867 2043 997 2128 quande
1025 2045 1131 2110 Daras
1160 2044 1379 2130 depopulatus

198 2161 250 2223 cst
275 2154 475 2239 temporibus
503 2153 629 2220 Pheeae
659 2155 795 2220 Romani
827 2155 983 2241 principis
1019 2155 1104 2236 qued
1133 2164 1276 2240 tempere
1312 2179 1379 2242 que

168 2333 169 2336 ,
198 2264 304 2331 adiret
325 2264 577 2350 Ctesiphontem,
600 2264 730 2349 periret.
775 2265 946 2332 etidcirco
968 2285 1032 2330 non
1056 2274 1105 2331 est
1127 2286 1244 2350 passus
1267 2287 1289 2332 a
1311 2270 1378 2334 Da-

199 2374 385 2460 mastagerd
418 2395 459 2442 ex
481 2383 556 2442 tunc
578 2377 612 2441 in
634 2383 759 2461 partem
780 2376 870 2441 illam
905 2396 968 2440 une
998 2377 1111 2441 saltem
1136 2376 1274 2441 miliario
1304 2398 1378 2464 pcr-

198 2506 276 2571 gere
297 2486 356 2554 sed
378 2507 461 2552 nunc
485 2487 610 2570 lugiens
631 2485 674 2551 ad
688 2485 773 2550 hanc
795 2485 883 2551 abiit.
919 2505 1029 2551 uerum
1052 2505 1112 2552 nce
1134 2487 1168 2551 in
1183 2487 1286 2571 ipsam
1304 2507 1377 2573 per·
1399 2503 1417 2535 '1¹

201 2598 315 2664 sistere
338 2617 436 2663 ausus
458 2609 506 2662 est
534 2596 593 2663 sed
622 2597 783 2663 transiens
816 2604 947 2681 pentem
969 2596 1113 2679 Tigridis
1133 2596 1275 2664 fluminis
1297 2599 1377 2664 ciui·

200 2713 299 2772 tatem
321 2708 405 2771 ultra
427 2706 565 2790 positam
580 2706 670 2789 adiit,
693 2726 777 2788 quae
791 2706 921 2790 quidem
937 2705 1025 2789 apud
1038 2727 1098 2771 nes
1114 2706 1264 2771 Seleucia
1286 2708 1377 2792 apud

199 2816 290 2901 ipsos
313 2837 389 2882 uero
412 2815 536 2882 Guescr
557 2816 724 2881 uocitatur.
769 2817 803 2881 in
825 2836 889 2900 qua
911 2836 1022 2883 omnes
1045 2817 1199 2900 pecunias
1231 2819 1378 2901 reposuit

200 2927 347 3011 seditque
369 2927 435 2992 illic
457 2946 529 2991 oum
552 2926 668 3010 Syrem
690 2947 789 2992 uxore
812 2947 872 2992 sua
899 2934 931 2991 et
952 2927 1025 2993 aliis
1049 2927 1150 2993 tribus
1173 2927 1374 3010 mulieribus,

201 3056 284 3120 quae
305 3045 337 3102 ct
358 3038 444 3101 tiliae
466 3036 569 3120 ipsius
592 3044 693 3101 orant.
737 3038 879 3122 reliquas
908 3056 985 3102 uere
1015 3037 1166 3103 mulieres
1189 3057 1266 3104 suas
1295 3038 1376 3102 ruul-
1415 3059 1417 3064 ·

200 3154 313 3228 tesque
335 3146 419 3211 lilios
442 3166 518 3213 sues
541 3145 757 3230 quadraginta
779 3147 908 3213 milibus
937 3148 1034 3230 lenge
1062 3148 1242 3213 transmisit
1262 3146 1304 3211 ad
1328 3148 1376 3213 in·

200 3254 350 3321 terionem
372 3263 497 3340 partem
520 3255 655 3322 orientis
676 3256 709 3321 in
732 3257 981 3324 munitissimum
1003 3259 1116 3322 lecum.

52 3365 255 3435 XXXXlIlI
293 3365 431 3444 Quidam
460 3386 540 3433 sane
567 3367 738 3433 Persarum
767 3367 1005 3451 deregaueruut
1033 3368 1235 3433 Sarharazac
1272 3386 1376 3451 penes

202 3476 369 3543 Choareen
391 3475 477 3560 qued
501 3496 572 3542 cum
586 3478 741 3544 Romanis
757 3478 891 3545 sentiret
913 3484 946 3543 et
959 3477 1007 3542 illi
1023 3476 1215 3543 detraheret.
1240 3484 1272 3542 et
1287 3478 1377 3542 misit

202 3589 401 3674 spatharium
429 3609 522 3654 suum
550 3607 621 3653 cum
648 3588 793 3656 iussione
820 3587 863 3654 ad
884 3587 1091 3671 Kardarigan
1122 3593 1376 3672 compraetorem
1416 3610 1417 3639 r

203 3699 406 3765 Sarharazae
434 3696 686 3781 Chalcedonam,
717 3698 861 3766 scribens
889 3698 918 3764 ei
950 3705 985 3763 ut
1013 3697 1227 3764 Sarbarazam
1256 3696 1377 3762 interfi-

275 3912 284 3960 1
307 3908 445 3962 assuerunt
473 3906 498 3961 D
601 3912 616 3961 1
641 3906 784 3962 audrtuI)
886 3906 994 3963 dortei
1017 3903 1044 3960 Ι)
1147 3910 1205 3959 let
1233 3909 1263 3959 14
1290 3913 1316 3959 et
1344 3909 1375 3959 18

204 3990 367 4069 otrlrphonta
393 3999 420 4054 1)
487 4001 529 4054 lul
554 4000 580 4055 l)
682 4004 697 4054 8
722 4005 838 4069 peterat]
864 4004 963 4070 perant
988 3997 1014 4056 D
1119 4002 1150 4052 18
1174 3998 1329 4053 ammrratul
1351 3998 1376 4052 1)

206 4097 237 4148 16
255 4093 377 4149 derall)
446 4097 477 4147 10
495 4098 577 4158 nune]
595 4094 711 4148 hence
768 4098 798 4147 11
819 4092 952 4162 trgndrl)
1003 4095 1036 4146 11
1055 4079 1183 4161 quuddl)
1234 4095 1266 4144 23
1284 4092 1377 4160 gueser

205 4185 271 4240 DP:
287 4201 382 4255 gueser
400 4186 619 4258 Berrqarsiaeus,
638 4187 929 4242 Guhsserdacstasias
986 4188 1018 4238 14
1039 4184 1154 4255 reuaq·
1165 4183 1220 4238 dhe
1238 4171 1272 4239 eri
1288 4168 1339 4240 irre
1351 4184 1378 4240 1)

204 4282 237 4332 18
257 4278 410 4334 sarbaroI)
479 4280 619 4349 peenell)
695 4280 749 4335 rlhe
766 4280 793 4334 1)
895 4283 928 4333 30
947 4266 1062 4347 spatam}
1081 4278 1107 4331 11
1176 4276 1378 4346 cerdanganl)

204 4372 234 4421 31
257 4360 446 4426 calcedondD
499 4371 644 4428 larbanl)
695 4370 881 4427 larbaran
