2834 5394
194 277 235 339 Ὦ
714 289 806 337 mum
827 288 854 335 11

192 444 311 530 populo
347 448 518 507 crearetur.
563 439 649 525 quod
678 460 749 505 cum
778 449 866 508 esset
892 447 1064 525 negatum,
1103 440 1226 506 bellum
1256 452 1370 505 centra

194 574 251 621 eos
273 550 466 635 <intulerunt
487 551 608 616 Manlio
631 553 794 635 Torquato
816 558 848 618 et
870 552 970 617 Decio
992 551 1083 616 Mure
1105 552 1304 635 consulibus,
1338 551 1370 617 in

195 685 258 747 quo
286 663 370 729 bello
400 683 482 727 unus
511 662 621 726 consul
650 661 834 728 interiectus
864 669 928 741 cst,
959 663 1041 728 alter
1069 662 1175 727 extitit
1196 660 1369 746 parricida,

195 775 334 840 Manlius
356 773 441 837 enim
464 774 647 855 Torquatus
670 770 769 835 filium
794 793 886 838 sumn
915 772 1065 837 iuuenem
1094 773 1248 837 uictorem
1277 772 1372 839 iuter·

196 886 346 951 sectorem
361 883 453 947 Decii
469 881 645 947 Tusculani
667 881 786 947 nobilis
809 882 927 966 equitis
951 890 982 947 ct
1004 889 1078 947 tune
1101 882 1279 966 praecipue
1300 898 1401 967 pro-a

196 995 342 1060 uocantis
379 1000 476 1076 atquc
505 992 689 1058 insultantis
718 991 820 1057 bostis
860 992 984 1057 occidit.
1030 992 1114 1058 alius
1152 1010 1229 1057 uero
1258 994 1369 1060 consul

195 1125 266 1171 cum
288 1104 403 1169 iterato
425 1101 573 1166 conflictu
596 1101 676 1166 illud
698 1121 796 1167 cornu
825 1104 877 1167 cui
906 1111 1055 1187 praeerat
1076 1102 1169 1169 caedi
1183 1109 1298 1195 'atque
1327 1104 1371 1169 at-

195 1214 263 1298 fligi
284 1212 425 1293 uideret,
464 1213 548 1277 inter
575 1211 828 1280 confertissimos
855 1213 965 1279 hostes
988 1220 1103 1297 sponte
1124 1213 1299 1298 prolapsus
1321 1233 1372 1279 oe-

195 1324 314 1389 cubuit.
358 1322 497 1388 blanlius
519 1322 669 1406 quamuis
693 1323 795 1387 uictor
817 1342 983 1389 occursum
1013 1329 1122 1387 tamen
1144 1322 1302 1387 nobilium
1325 1323 1370 1387 iu-

195 1454 311 1500 uenum
334 1436 566 1513 Romanorum,
605 1434 660 1514 (pri
689 1433 830 1516 legitime
859 1433 1004 1499 exhiberi
1028 1433 1125 1515 solet,
1164 1432 1370 1518 triumphans
1389 1443 1413 1495 tu

195 1544 357 1630 parricida
389 1565 453 1609 non
477 1542 619 1626 meruit.)
670 1550 795 1609 statuae
816 1543 1003 1609 consulibus
1033 1542 1073 1607 ob
1102 1544 1250 1608 meritum
1274 1544 1373 1609 uicto·

195 1655 262 1720 riae
285 1655 320 1719 in
343 1654 455 1720 rostris
476 1653 603 1737 positae
626 1662 708 1720 sunt.

279 1765 328 1829 Eo
355 1783 440 1829 anuo
471 1763 568 1828 etiam
591 1762 790 1828 Alexandria
819 1763 860 1828 ab
883 1762 1068 1830 Alexandro
1091 1760 1269 1828 Macedone
1298 1782 1373 1828 con·

195 1873 263 1938 dita
286 1881 344 1940 est.
391 1870 494 1955 <anno
517 1880 622 1938 autern
651 1880 723 1958 pest
747 1873 832 1938 hunc
855 1880 1010 1957 sequente
1032 1873 1175 1938 Minucia
1196 1874 1290 1957 uirgo
1311 1874 1373 1939 Ve-

196 1985 288 2050 stalis
311 1983 351 2048 ob
374 1981 552 2049 admissum
575 1983 731 2049 incestum
755 1983 909 2048 damnata
940 1992 989 2048 cst
1019 1984 1160 2067 uiuaque
1188 1982 1305 2048 obruta
1337 1983 1371 2047 in
1389 1993 1413 2043 ¹5

196 2114 309 2179 canipe
343 2093 398 2177 qui
431 2113 516 2158 nunc
549 2094 777 2160 sceleratus
809 2092 934 2158 dicitur.

134 2193 161 2258 V
163 2194 178 2258 l
283 2205 325 2269 At
357 2222 433 2267 uero
464 2223 565 2287 paruo
598 2204 673 2269 exin
705 2211 848 2287 tempore
880 2204 1045 2268 interiecto
1077 2203 1229 2269 horresco
1252 2204 1373 2269 reterre

196 2313 281 2398 quod
314 2320 439 2397 gestum
471 2321 529 2380 est.
574 2333 649 2378 nam
678 2313 814 2378 Claudio
848 2314 997 2378 blare-cllo
1031 2321 1062 2377 ct
1091 2313 1221 2377 Valerio
1253 2313 1372 2378 Flacco

194 2424 380 2491 consulibus
408 2423 590 2489 incredibili
624 2424 714 2489 rabie
743 2431 774 2488 et
798 2443 912 2488 arsrmc
936 2424 1092 2489 scelerum
1115 2423 1281 2487 Romanae
1306 2444 1373 2487 ma·

193 2542 304 2600 tronac
327 2542 525 2600 exarserunt.
569 2543 639 2599 crat
662 2534 770 2617 utique
792 2533 904 2598 tocdus
935 2533 989 2597 ille
1017 2553 1054 2596 ac
1085 2532 1241 2617 pestilens
1264 2548 1413 2599 anuustt

195 2645 395 2728 iniectaeque
426 2645 491 2708 iam
514 2644 656 2728 undiquc
677 2644 866 2709 cateruatim
896 2649 1022 2725 strages
1045 2650 1240 2707 mortuorum
1263 2662 1374 2726 egere

197 2753 315 2817 bantur
336 2760 368 2819 ct
390 2752 496 2817 adbuc
510 2763 616 2819 tamen
640 2772 741 2838 penes
764 2773 876 2819 ornnes
899 2752 940 2818 de
962 2761 1111 2837 corrupto
1133 2772 1209 2819 acre
1232 2753 1374 2838 simplex

194 2860 368 2928 credulitas
395 2868 472 2943 erat,
505 2881 576 2926 cum
605 2864 764 2929 existente
792 2862 931 2946 quadam
961 2863 1081 2927 ancilla
1110 2862 1216 2927 indice
1245 2872 1276 2927 et
1298 2882 1374 2929 con-

194 2975 342 3039 uinccute
364 2973 502 3058 primum
526 2974 644 3038 multae
673 2979 839 3040 matronae
867 2980 902 3038 ut
930 2972 1078 3038 biberent
1107 2992 1190 3056 quae
1218 2981 1374 3039 coxerant

193 3103 319 3149 ucucna
342 3084 535 3167 compulsae,
571 3081 689 3149 deinde
711 3083 806 3149 sirmrl
829 3090 863 3147 ut
885 3083 1024 3149 hausere
1048 3090 1257 3166 consumptae
1284 3091 1413 3150 sunta:

193 3200 283 3258 tanta
303 3200 409 3259 autem
432 3192 600 3257 multitudo
623 3193 681 3258 tuit
702 3200 921 3259 matronarum
944 3192 1053 3259 iubis
1076 3193 1273 3260 facinoribus
1296 3213 1372 3260 eon·

194 3303 333 3369 sciarum
356 3315 391 3367 ut
412 3310 574 3370 trecentae
597 3304 803 3387 septuaginta
818 3303 991 3369 damnatae
1013 3322 1054 3368 ex
1076 3303 1142 3369 illis
1158 3303 1254 3369 simul
1270 3304 1373 3371 tuisse

193 3412 380 3478 referantur.

277 3523 372 3586 Anno
394 3520 436 3586 ab
459 3520 538 3586 urbe
561 3521 691 3587 condita
712 3522 1031 3607 isuadi-ingentesimo
1048 3521 1202 3588 uicesimo
1228 3523 1373 3588 secundo

193 3630 379 3698 Alexander
408 3651 465 3697 rex
487 3632 690 3715 Epirotarum
720 3632 897 3698 Alexandri
926 3631 1013 3697 illius
1042 3632 1152 3714 Magni
1179 3635 1413 3714 auunculusar

196 3742 379 3808 transiectis
407 3742 442 3806 in
464 3741 590 3807 ltaliam
625 3743 727 3827 copiis
761 3762 832 3807 cum
865 3742 985 3807 bellum
1018 3741 1175 3808 aduersus
1206 3743 1372 3811 Romanos

193 3860 326 3936 pararet
348 3859 380 3917 et
402 3852 487 3917 circa
509 3852 663 3918 finitimas
684 3855 804 3919 Romae
826 3852 923 3918 urbes
945 3852 1087 3917 firmaret
1108 3853 1195 3918 uires
1210 3855 1373 3921 exereitus

196 3963 246 4027 sui
260 3963 445 4044 auxiliaque
461 3963 513 4026 uel
535 3962 596 4029 sibi
614 3963 780 4046 acquirere
802 3963 855 4028 uel
869 3961 1016 4027 hostibus
1033 3962 1221 4027 subtrahere
1236 3963 1372 4030 studens

194 4070 289 4137 bellis
313 4080 524 4154 exerceretur,
562 4072 813 4153 aSanrnitibus,
847 4073 901 4153 qui
924 4072 1075 4137 Lucanae
1103 4072 1192 4156 genti
1215 4073 1370 4157 suffraga-

195 4181 322 4262 bantur,
346 4180 487 4245 maximo
511 4183 594 4247 bello
617 4183 650 4248 iu
673 4182 818 4247 Lucania
841 4182 943 4246 uictus
967 4190 998 4245 et
1020 4181 1144 4248 occisus
1168 4190 1225 4248 est.
1388 4196 1413 4248 ut

197 4291 497 4304 ————-

262 4335 343 4384 a-rt
364 4333 399 4400 <>
417 4331 457 4386 P:
478 4333 625 4401 susceptum
643 4338 684 4387 est
702 4337 729 4387 et
745 4338 845 4401 inge-nti
862 4346 953 4400 pugna
971 4332 1087 4401 superati
1105 4330 1173 4387 tunt.
1204 4347 1237 4387 ac
1256 4332 1318 4393 lhsc
1335 4332 1369 4400 V)

194 4423 344 4478 debilius
364 4424 398 4483 Vr
416 4425 574 4494 perdomitis
589 4425 784 4494 triumphatum
802 4426 841 4479 cit
862 4424 920 4479 BV
986 4430 1001 4478 5
1020 4425 1146 4479 tuiculmr
1164 4423 1190 4479 P
