<?xml version="1.0" encoding="UTF-8"?>
<!DOCTYPE html PUBLIC "-//W3C//DTD XHTML 1.0 Transitional//EN"
    "http://www.w3.org/TR/xhtml1/DTD/xhtml1-transitional.dtd">
<html xmlns="http://www.w3.org/1999/xhtml" xml:lang="en" lang="en">
 <head>
  <title>
</title>
<meta http-equiv="Content-Type" content="text/html;charset=utf-8" />
  <meta name='ocr-system' content='tesseract 3.04.00' />
  <meta name='ocr-capabilities' content='ocr_page ocr_carea ocr_par ocr_line ocrx_word'/>
</head>
<body>
  <div class='ocr_page' id='page_1' title='image "./historiamiscell00sagagoog_0513.png"; bbox 0 0 2834 5394; ppageno 0'>
   <div class='ocr_carea' id='block_1_1' title="bbox 532 644 1275 707">
    <p class='ocr_par' dir='ltr' id='par_1_1' title="bbox 532 644 1275 707">
     <span class='ocr_line' id='line_1_1' title="bbox 532 644 1275 707; baseline 0.008 -7"><span class='ocrx_word' id='word_1_1' title='bbox 532 654 604 701; x_wconf 76' lang='lat' dir='ltr'><strong>css.</strong></span> <span class='ocrx_word' id='word_1_2' title='bbox 627 654 840 704; x_wconf 81' lang='lat' dir='ltr'>xv1111-xx11</span> <span class='ocrx_word' id='word_1_3' title='bbox 952 693 953 697; x_wconf 60' lang='grc'>,</span> <span class='ocrx_word' id='word_1_4' title='bbox 1213 644 1275 707; x_wconf 81' lang='grc'><strong>499</strong></span> 
     </span>
    </p>
   </div>
   <div class='ocr_carea' id='block_1_2' title="bbox 51 805 1377 2216">
    <p class='ocr_par' dir='ltr' id='par_1_2' title="bbox 67 805 1377 1556">
     <span class='ocr_line' id='line_1_2' title="bbox 99 805 1273 893; baseline 0.005 -22"><span class='ocrx_word' id='word_1_5' title='bbox 99 806 198 874; x_wconf 84' lang='lat' dir='ltr'><strong>uersi.</strong></span> <span class='ocrx_word' id='word_1_6' title='bbox 242 805 392 872; x_wconf 85' lang='lat' dir='ltr'><strong>similiter</strong></span> <span class='ocrx_word' id='word_1_7' title='bbox 420 813 451 872; x_wconf 89' lang='lat' dir='ltr'><strong>et</strong></span> <span class='ocrx_word' id='word_1_8' title='bbox 479 805 604 873; x_wconf 90' lang='lat' dir='ltr'><strong>Arabes</strong></span> <span class='ocrx_word' id='word_1_9' title='bbox 633 806 798 872; x_wconf 86' lang='lat' dir='ltr'><strong>Misthiam</strong></span> <span class='ocrx_word' id='word_1_10' title='bbox 828 815 982 893; x_wconf 89' lang='lat' dir='ltr'><strong>ceperunt</strong></span> <span class='ocrx_word' id='word_1_11' title='bbox 1011 816 1044 876; x_wconf 88' lang='lat' dir='ltr'><strong>et</strong></span> <span class='ocrx_word' id='word_1_12' title='bbox 1070 810 1137 876; x_wconf 89' lang='lat' dir='ltr'><strong>alia</strong></span> <span class='ocrx_word' id='word_1_13' title='bbox 1165 817 1273 877; x_wconf 87' lang='lat' dir='ltr'><strong>castra</strong></span> 
     </span>
     <span class='ocr_line' id='line_1_3' title="bbox 100 915 1272 1003; baseline 0.003 -21"><span class='ocrx_word' id='word_1_14' title='bbox 100 917 202 982; x_wconf 91' lang='lat' dir='ltr'><strong>multa</strong></span> <span class='ocrx_word' id='word_1_15' title='bbox 222 915 346 1002; x_wconf 90' lang='lat' dir='ltr'><strong>praeda</strong></span> <span class='ocrx_word' id='word_1_16' title='bbox 367 917 562 982; x_wconf 83' lang='lat' dir='ltr'><strong>familiarum</strong></span> <span class='ocrx_word' id='word_1_17' title='bbox 584 916 794 1003; x_wconf 90' lang='lat' dir='ltr'><strong>plurimarum</strong></span> <span class='ocrx_word' id='word_1_18' title='bbox 818 923 851 984; x_wconf 89' lang='lat' dir='ltr'><strong>et</strong></span> <span class='ocrx_word' id='word_1_19' title='bbox 878 937 1028 1003; x_wconf 91' lang='lat' dir='ltr'><strong>pecorum</strong></span> <span class='ocrx_word' id='word_1_20' title='bbox 1056 920 1272 987; x_wconf 91' lang='lat' dir='ltr'><strong>innumerabi-</strong></span> 
     </span>
     <span class='ocr_line' id='line_1_4' title="bbox 98 1028 293 1094; baseline -0.01 0"><span class='ocrx_word' id='word_1_21' title='bbox 98 1028 178 1094; x_wconf 85' lang='lat' dir='ltr'><strong>lium</strong></span> <span class='ocrx_word' id='word_1_22' title='bbox 199 1028 293 1093; x_wconf 83' lang='lat' dir='ltr'><strong>iacta.</strong></span> 
     </span>
     <span class='ocr_line' id='line_1_5' title="bbox 184 1136 1377 1223; baseline 0.002 -21"><span class='ocrx_word' id='word_1_23' title='bbox 184 1138 279 1204; x_wconf 91' lang='lat' dir='ltr'><strong>Anno</strong></span> <span class='ocrx_word' id='word_1_24' title='bbox 306 1137 433 1222; x_wconf 89' lang='lat' dir='ltr'><strong>imperii</strong></span> <span class='ocrx_word' id='word_1_25' title='bbox 461 1136 634 1223; x_wconf 78' lang='lat' dir='ltr'><strong>Philippici</strong></span> <span class='ocrx_word' id='word_1_26' title='bbox 663 1136 805 1204; x_wconf 90' lang='lat' dir='ltr'><strong>secundo</strong></span> <span class='ocrx_word' id='word_1_27' title='bbox 832 1137 934 1204; x_wconf 91' lang='lat' dir='ltr'><strong>mouit</strong></span> <span class='ocrx_word' id='word_1_28' title='bbox 961 1138 1135 1205; x_wconf 82' lang='lat' dir='ltr'><strong>exercitum</strong></span> <span class='ocrx_word' id='word_1_29' title='bbox 1158 1139 1271 1208; x_wconf 89' lang='lat' dir='ltr'><strong>Habas</strong></span> <span class='ocrx_word' id='word_1_30' title='bbox 1293 1138 1377 1204; x_wconf 83' lang='lat' dir='ltr'><strong>XXI</strong></span> 
     </span>
     <span class='ocr_line' id='line_1_6' title="bbox 67 1246 1274 1333; baseline 0.003 -21"><span class='ocrx_word' id='word_1_31' title='bbox 67 1255 211 1315; x_wconf 73' lang='lat' dir='ltr'><strong>econtra</strong></span> <span class='ocrx_word' id='word_1_32' title='bbox 237 1248 430 1313; x_wconf 89' lang='lat' dir='ltr'><strong>Romaniam</strong></span> <span class='ocrx_word' id='word_1_33' title='bbox 460 1254 492 1313; x_wconf 87' lang='lat' dir='ltr'><strong>ct</strong></span> <span class='ocrx_word' id='word_1_34' title='bbox 519 1247 643 1333; x_wconf 91' lang='lat' dir='ltr'><strong>accepit</strong></span> <span class='ocrx_word' id='word_1_35' title='bbox 664 1246 870 1314; x_wconf 80' lang='lat' dir='ltr'><strong>Antiochiam</strong></span> <span class='ocrx_word' id='word_1_36' title='bbox 897 1247 1041 1314; x_wconf 81' lang='lat' dir='ltr'><strong>Pisidiae</strong></span> <span class='ocrx_word' id='word_1_37' title='bbox 1069 1268 1141 1315; x_wconf 91' lang='lat' dir='ltr'><strong>cum</strong></span> <span class='ocrx_word' id='word_1_38' title='bbox 1172 1252 1274 1316; x_wconf 90' lang='lat' dir='ltr'><strong>multa</strong></span> 
     </span>
     <span class='ocr_line' id='line_1_7' title="bbox 97 1352 1274 1445; baseline 0.003 -22"><span class='ocrx_word' id='word_1_39' title='bbox 97 1358 222 1445; x_wconf 89' lang='lat' dir='ltr'><strong>praeda</strong></span> <span class='ocrx_word' id='word_1_40' title='bbox 249 1365 282 1425; x_wconf 91' lang='lat' dir='ltr'><strong>et</strong></span> <span class='ocrx_word' id='word_1_41' title='bbox 309 1377 460 1424; x_wconf 89' lang='lat' dir='ltr'><strong>reuersus</strong></span> <span class='ocrx_word' id='word_1_42' title='bbox 482 1363 543 1424; x_wconf 92' lang='lat' dir='ltr'><strong>est.</strong></span> <span class='ocrx_word' id='word_1_43' title='bbox 587 1357 691 1424; x_wconf 87' lang='lat' dir='ltr'><strong>lactus</strong></span> <span class='ocrx_word' id='word_1_44' title='bbox 714 1362 765 1426; x_wconf 89' lang='lat' dir='ltr'><strong>est</strong></span> <span class='ocrx_word' id='word_1_45' title='bbox 785 1363 893 1424; x_wconf 88' lang='lat' dir='ltr'><strong>autem</strong></span> <span class='ocrx_word' id='word_1_46' title='bbox 926 1364 958 1424; x_wconf 92' lang='lat' dir='ltr'><strong>et</strong></span> <span class='ocrx_word' id='word_1_47' title='bbox 985 1365 1091 1426; x_wconf 88' lang='lat' dir='ltr'><strong>terrae</strong></span> <span class='ocrx_word' id='word_1_48' title='bbox 1113 1366 1217 1426; x_wconf 91' lang='lat' dir='ltr'><strong>motus</strong></span> <span class='ocrx_word' id='word_1_49' title='bbox 1239 1352 1274 1426; x_wconf 90' lang='lat' dir='ltr'><strong>in</strong></span> 
     </span>
     <span class='ocr_line' id='line_1_8' title="bbox 98 1470 204 1556; baseline -0.028 -19"><span class='ocrx_word' id='word_1_50' title='bbox 98 1470 204 1556; x_wconf 88' lang='lat' dir='ltr'><strong>Syria.</strong></span> 
     </span>
    </p>

    <p class='ocr_par' dir='ltr' id='par_1_3' title="bbox 51 1576 1293 2216">
     <span class='ocr_line' id='line_1_9' title="bbox 183 1576 1268 1664; baseline 0 -19"><span class='ocrx_word' id='word_1_51' title='bbox 183 1579 321 1645; x_wconf 81' lang='lat' dir='ltr'><strong>Biennio</strong></span> <span class='ocrx_word' id='word_1_52' title='bbox 344 1597 420 1644; x_wconf 91' lang='lat' dir='ltr'><strong>uero</strong></span> <span class='ocrx_word' id='word_1_53' title='bbox 442 1577 569 1662; x_wconf 92' lang='lat' dir='ltr'><strong>imperii</strong></span> <span class='ocrx_word' id='word_1_54' title='bbox 583 1576 756 1664; x_wconf 77' lang='lat' dir='ltr'><strong>Philippici</strong></span> <span class='ocrx_word' id='word_1_55' title='bbox 778 1578 813 1643; x_wconf 91' lang='lat' dir='ltr'><strong>in</strong></span> <span class='ocrx_word' id='word_1_56' title='bbox 834 1577 887 1646; x_wconf 91' lang='lat' dir='ltr'><strong>his</strong></span> <span class='ocrx_word' id='word_1_57' title='bbox 909 1585 1098 1647; x_wconf 78' lang='lat' dir='ltr'><strong>transeunte</strong></span> <span class='ocrx_word' id='word_1_58' title='bbox 1119 1580 1268 1664; x_wconf 87' lang='lat' dir='ltr'><strong>circoque</strong></span> 
     </span>
     <span class='ocr_line' id='line_1_10' title="bbox 97 1687 1272 1775; baseline -0.003 -18"><span class='ocrx_word' id='word_1_59' title='bbox 97 1690 250 1758; x_wconf 70' lang='lat' dir='ltr'><strong>namlicio</strong></span> <span class='ocrx_word' id='word_1_60' title='bbox 272 1694 493 1756; x_wconf 89' lang='lat' dir='ltr'><strong>consummato</strong></span> <span class='ocrx_word' id='word_1_61' title='bbox 515 1706 587 1752; x_wconf 91' lang='lat' dir='ltr'><strong>cum</strong></span> <span class='ocrx_word' id='word_1_62' title='bbox 608 1687 737 1754; x_wconf 89' lang='lat' dir='ltr'><strong>Prasini</strong></span> <span class='ocrx_word' id='word_1_63' title='bbox 759 1688 914 1755; x_wconf 90' lang='lat' dir='ltr'><strong>uicissent</strong></span> <span class='ocrx_word' id='word_1_64' title='bbox 935 1690 1041 1755; x_wconf 88' lang='lat' dir='ltr'><strong>uisum</strong></span> <span class='ocrx_word' id='word_1_65' title='bbox 1064 1696 1115 1757; x_wconf 90' lang='lat' dir='ltr'><strong>est</strong></span> <span class='ocrx_word' id='word_1_66' title='bbox 1135 1690 1272 1775; x_wconf 89' lang='lat' dir='ltr'><strong>impera-</strong></span> 
     </span>
     <span class='ocr_line' id='line_1_11' title="bbox 51 1797 1293 1884; baseline 0.004 -24"><span class='ocrx_word' id='word_1_67' title='bbox 51 1812 82 1861; x_wconf 88' lang='lat'><strong>10</strong></span> <span class='ocrx_word' id='word_1_68' title='bbox 98 1801 159 1867; x_wconf 90' lang='lat' dir='ltr'><strong>tori</strong></span> <span class='ocrx_word' id='word_1_69' title='bbox 181 1799 318 1867; x_wconf 89' lang='lat' dir='ltr'><strong>sabbato</strong></span> <span class='ocrx_word' id='word_1_70' title='bbox 340 1799 547 1864; x_wconf 78' lang='lat' dir='ltr'><strong>Pentecosten</strong></span> <span class='ocrx_word' id='word_1_71' title='bbox 569 1797 708 1881; x_wconf 91' lang='lat' dir='ltr'><strong>equitem</strong></span> <span class='ocrx_word' id='word_1_72' title='bbox 736 1817 809 1862; x_wconf 91' lang='lat' dir='ltr'><strong>cum</strong></span> <span class='ocrx_word' id='word_1_73' title='bbox 837 1800 1041 1884; x_wconf 85' lang='lat' dir='ltr'><strong>susceptione</strong></span> <span class='ocrx_word' id='word_1_74' title='bbox 1070 1819 1109 1864; x_wconf 90' lang='lat' dir='ltr'><strong>ac</strong></span> <span class='ocrx_word' id='word_1_75' title='bbox 1139 1799 1293 1882; x_wconf 81' lang='lat' dir='ltr'><strong>organis</strong></span> 
     </span>
     <span class='ocr_line' id='line_1_12' title="bbox 98 1907 1269 1995; baseline -0.001 -19"><span class='ocrx_word' id='word_1_76' title='bbox 98 1909 224 1995; x_wconf 79' lang='lat' dir='ltr'><strong>ingredi</strong></span> <span class='ocrx_word' id='word_1_77' title='bbox 251 1916 283 1975; x_wconf 90' lang='lat' dir='ltr'><strong>et</strong></span> <span class='ocrx_word' id='word_1_78' title='bbox 310 1909 415 1974; x_wconf 90' lang='lat' dir='ltr'><strong>lauari</strong></span> <span class='ocrx_word' id='word_1_79' title='bbox 444 1909 477 1972; x_wconf 91' lang='lat' dir='ltr'><strong>in</strong></span> <span class='ocrx_word' id='word_1_80' title='bbox 498 1907 628 1993; x_wconf 93' lang='lat' dir='ltr'><strong>publico</strong></span> <span class='ocrx_word' id='word_1_81' title='bbox 650 1907 768 1973; x_wconf 93' lang='lat' dir='ltr'><strong>balneo</strong></span> <span class='ocrx_word' id='word_1_82' title='bbox 791 1909 959 1994; x_wconf 82' lang='lat' dir='ltr'><strong>Zeuxippi,</strong></span> <span class='ocrx_word' id='word_1_83' title='bbox 996 1916 1121 1975; x_wconf 92' lang='lat' dir='ltr'><strong>etcum</strong></span> <span class='ocrx_word' id='word_1_84' title='bbox 1144 1907 1269 1975; x_wconf 91' lang='lat' dir='ltr'><strong>ciuibus</strong></span> 
     </span>
     <span class='ocr_line' id='line_1_13' title="bbox 98 2016 1272 2106; baseline -0.003 -20"><span class='ocrx_word' id='word_1_85' title='bbox 98 2020 272 2106; x_wconf 88' lang='lat' dir='ltr'><strong>prosapiae</strong></span> <span class='ocrx_word' id='word_1_86' title='bbox 294 2019 447 2100; x_wconf 89' lang='lat' dir='ltr'><strong>antiquae</strong></span> <span class='ocrx_word' id='word_1_87' title='bbox 475 2016 646 2103; x_wconf 87' lang='lat' dir='ltr'><strong>prandere.</strong></span> <span class='ocrx_word' id='word_1_88' title='bbox 691 2036 763 2082; x_wconf 91' lang='lat' dir='ltr'><strong>cum</strong></span> <span class='ocrx_word' id='word_1_89' title='bbox 791 2024 898 2085; x_wconf 91' lang='lat' dir='ltr'><strong>autem</strong></span> <span class='ocrx_word' id='word_1_90' title='bbox 929 2018 1064 2084; x_wconf 90' lang='lat' dir='ltr'><strong>meridie</strong></span> <span class='ocrx_word' id='word_1_91' title='bbox 1093 2018 1272 2103; x_wconf 89' lang='lat' dir='ltr'><strong>quiesceret</strong></span> 
     </span>
     <span class='ocr_line' id='line_1_14' title="bbox 99 2127 1271 2216; baseline -0.005 -20"><span class='ocrx_word' id='word_1_92' title='bbox 99 2137 231 2216; x_wconf 92' lang='lat' dir='ltr'><strong>repente</strong></span> <span class='ocrx_word' id='word_1_93' title='bbox 252 2150 311 2215; x_wconf 92' lang='lat' dir='ltr'><strong>per</strong></span> <span class='ocrx_word' id='word_1_94' title='bbox 332 2127 471 2193; x_wconf 90' lang='lat' dir='ltr'><strong>Auream</strong></span> <span class='ocrx_word' id='word_1_95' title='bbox 500 2133 626 2212; x_wconf 90' lang='lat' dir='ltr'><strong>portam</strong></span> <span class='ocrx_word' id='word_1_96' title='bbox 655 2128 798 2193; x_wconf 89' lang='lat' dir='ltr'><strong>introinit</strong></span> <span class='ocrx_word' id='word_1_97' title='bbox 819 2128 919 2194; x_wconf 80' lang='lat' dir='ltr'><strong>Rufus</strong></span> <span class='ocrx_word' id='word_1_98' title='bbox 947 2128 1071 2214; x_wconf 91' lang='lat' dir='ltr'><strong>primus</strong></span> <span class='ocrx_word' id='word_1_99' title='bbox 1100 2134 1271 2195; x_wconf 91' lang='lat' dir='ltr'><strong>stratorum</strong></span> 
     </span>
    </p>
   </div>
   <div class='ocr_carea' id='block_1_3' title="bbox 53 2236 1272 2657">
    <p class='ocr_par' dir='ltr' id='par_1_4' title="bbox 53 2236 1272 2657">
     <span class='ocr_line' id='line_1_15' title="bbox 100 2236 1269 2324; baseline -0.005 -17"><span class='ocrx_word' id='word_1_100' title='bbox 100 2240 221 2307; x_wconf 91' lang='lat' dir='ltr'><strong>Obsicii</strong></span> <span class='ocrx_word' id='word_1_101' title='bbox 249 2245 460 2323; x_wconf 89' lang='lat' dir='ltr'><strong>cognomento</strong></span> <span class='ocrx_word' id='word_1_102' title='bbox 481 2236 667 2322; x_wconf 90' lang='lat' dir='ltr'><strong>Buramphi‚</strong></span> <span class='ocrx_word' id='word_1_103' title='bbox 704 2244 736 2302; x_wconf 93' lang='lat' dir='ltr'><strong>et</strong></span> <span class='ocrx_word' id='word_1_104' title='bbox 758 2236 948 2305; x_wconf 80' lang='lat' dir='ltr'><strong>Theodorus</strong></span> <span class='ocrx_word' id='word_1_105' title='bbox 971 2238 1127 2324; x_wconf 90' lang='lat' dir='ltr'><strong>patricius</strong></span> <span class='ocrx_word' id='word_1_106' title='bbox 1150 2236 1269 2323; x_wconf 87' lang='lat' dir='ltr'><strong>Myacii</strong></span> 
     </span>
     <span class='ocr_line' id='line_1_16' title="bbox 53 2346 1272 2430; baseline -0.002 -15"><span class='ocrx_word' id='word_1_107' title='bbox 53 2365 83 2415; x_wconf 83' lang='lat'><strong>15</strong></span> <span class='ocrx_word' id='word_1_108' title='bbox 100 2371 171 2416; x_wconf 92' lang='lat' dir='ltr'><strong>cum</strong></span> <span class='ocrx_word' id='word_1_109' title='bbox 193 2349 313 2416; x_wconf 83' lang='lat' dir='ltr'><strong>taxatis</strong></span> <span class='ocrx_word' id='word_1_110' title='bbox 334 2367 416 2430; x_wconf 89' lang='lat' dir='ltr'><strong>quos</strong></span> <span class='ocrx_word' id='word_1_111' title='bbox 438 2346 581 2413; x_wconf 91' lang='lat' dir='ltr'><strong>habebat</strong></span> <span class='ocrx_word' id='word_1_112' title='bbox 607 2346 641 2411; x_wconf 91' lang='lat' dir='ltr'><strong>in</strong></span> <span class='ocrx_word' id='word_1_113' title='bbox 663 2347 789 2413; x_wconf 82' lang='lat' dir='ltr'><strong>Thrace</strong></span> <span class='ocrx_word' id='word_1_114' title='bbox 812 2347 963 2414; x_wconf 88' lang='lat' dir='ltr'><strong>thematis</strong></span> <span class='ocrx_word' id='word_1_115' title='bbox 986 2349 1035 2415; x_wconf 90' lang='lat' dir='ltr'><strong>sni</strong></span> <span class='ocrx_word' id='word_1_116' title='bbox 1059 2358 1092 2415; x_wconf 93' lang='lat' dir='ltr'><strong>et</strong></span> <span class='ocrx_word' id='word_1_117' title='bbox 1112 2348 1272 2414; x_wconf 86' lang='lat' dir='ltr'><strong>festinans</strong></span> 
     </span>
     <span class='ocr_line' id='line_1_17' title="bbox 98 2456 1271 2546; baseline -0.003 -21"><span class='ocrx_word' id='word_1_118' title='bbox 98 2462 134 2528; x_wconf 94' lang='lat' dir='ltr'><strong>in</strong></span> <span class='ocrx_word' id='word_1_119' title='bbox 155 2461 312 2546; x_wconf 89' lang='lat' dir='ltr'><strong>palatium</strong></span> <span class='ocrx_word' id='word_1_120' title='bbox 334 2457 460 2524; x_wconf 91' lang='lat' dir='ltr'><strong>inuenit</strong></span> <span class='ocrx_word' id='word_1_121' title='bbox 480 2456 696 2542; x_wconf 92' lang='lat' dir='ltr'><strong>Philippicum</strong></span> <span class='ocrx_word' id='word_1_122' title='bbox 719 2457 853 2523; x_wconf 91' lang='lat' dir='ltr'><strong>meridie</strong></span> <span class='ocrx_word' id='word_1_123' title='bbox 882 2459 1101 2540; x_wconf 83' lang='lat' dir='ltr'><strong>quiescentem</strong></span> <span class='ocrx_word' id='word_1_124' title='bbox 1128 2464 1162 2524; x_wconf 90' lang='lat' dir='ltr'><strong>et</strong></span> <span class='ocrx_word' id='word_1_125' title='bbox 1189 2476 1271 2522; x_wconf 91' lang='lat' dir='ltr'><strong>com-</strong></span> 
     </span>
     <span class='ocr_line' id='line_1_18' title="bbox 97 2567 1272 2657; baseline -0.004 -21"><span class='ocrx_word' id='word_1_126' title='bbox 97 2571 293 2657; x_wconf 89' lang='lat' dir='ltr'><strong>prehensum</strong></span> <span class='ocrx_word' id='word_1_127' title='bbox 316 2587 388 2634; x_wconf 87' lang='lat' dir='ltr'><strong>cum</strong></span> <span class='ocrx_word' id='word_1_128' title='bbox 411 2567 504 2632; x_wconf 83' lang='lat' dir='ltr'><strong>duxit</strong></span> <span class='ocrx_word' id='word_1_129' title='bbox 525 2587 653 2633; x_wconf 90' lang='lat' dir='ltr'><strong>sursum</strong></span> <span class='ocrx_word' id='word_1_130' title='bbox 676 2567 709 2632; x_wconf 96' lang='lat' dir='ltr'><strong>in</strong></span> <span class='ocrx_word' id='word_1_131' title='bbox 732 2567 906 2633; x_wconf 90' lang='lat' dir='ltr'><strong>oratorium</strong></span> <span class='ocrx_word' id='word_1_132' title='bbox 922 2568 1129 2635; x_wconf 88' lang='lat' dir='ltr'><strong>Prasinorum</strong></span> <span class='ocrx_word' id='word_1_133' title='bbox 1152 2573 1184 2633; x_wconf 92' lang='lat' dir='ltr'><strong>et</strong></span> <span class='ocrx_word' id='word_1_134' title='bbox 1205 2567 1272 2632; x_wconf 91' lang='lat' dir='ltr'><strong>illic</strong></span> 
     </span>
    </p>
   </div>
   <div class='ocr_carea' id='block_1_4' title="bbox 48 2676 1391 4410">
    <p class='ocr_par' dir='ltr' id='par_1_5' title="bbox 48 2676 1391 4410">
     <span class='ocr_line' id='line_1_19' title="bbox 98 2676 1273 2746; baseline -0.004 0"><span class='ocrx_word' id='word_1_135' title='bbox 98 2681 170 2746; x_wconf 91' lang='lat' dir='ltr'><strong>eius</strong></span> <span class='ocrx_word' id='word_1_136' title='bbox 198 2678 308 2744; x_wconf 90' lang='lat' dir='ltr'><strong>oculos</strong></span> <span class='ocrx_word' id='word_1_137' title='bbox 336 2677 418 2743; x_wconf 91' lang='lat' dir='ltr'><strong>eruit</strong></span> <span class='ocrx_word' id='word_1_138' title='bbox 445 2677 536 2742; x_wconf 91' lang='lat' dir='ltr'><strong>nullo</strong></span> <span class='ocrx_word' id='word_1_139' title='bbox 567 2678 697 2744; x_wconf 90' lang='lat' dir='ltr'><strong>sciente.</strong></span> <span class='ocrx_word' id='word_1_140' title='bbox 742 2677 776 2743; x_wconf 93' lang='lat' dir='ltr'><strong>in</strong></span> <span class='ocrx_word' id='word_1_141' title='bbox 808 2677 981 2744; x_wconf 89' lang='lat' dir='ltr'><strong>crastinum</strong></span> <span class='ocrx_word' id='word_1_142' title='bbox 1015 2684 1122 2744; x_wconf 89' lang='lat' dir='ltr'><strong>autem</strong></span> <span class='ocrx_word' id='word_1_143' title='bbox 1156 2676 1190 2742; x_wconf 92' lang='lat' dir='ltr'><strong>id</strong></span> <span class='ocrx_word' id='word_1_144' title='bbox 1223 2683 1273 2742; x_wconf 91' lang='lat' dir='ltr'><strong>est</strong></span> 
     </span>
     <span class='ocr_line' id='line_1_20' title="bbox 98 2787 1280 2875; baseline -0.005 -20"><span class='ocrx_word' id='word_1_145' title='bbox 98 2790 306 2855; x_wconf 89' lang='lat' dir='ltr'><strong>Pentecostes</strong></span> <span class='ocrx_word' id='word_1_146' title='bbox 327 2793 516 2852; x_wconf 88' lang='lat' dir='ltr'><strong>coaceruato</strong></span> <span class='ocrx_word' id='word_1_147' title='bbox 538 2788 572 2851; x_wconf 92' lang='lat' dir='ltr'><strong>in</strong></span> <span class='ocrx_word' id='word_1_148' title='bbox 595 2807 716 2869; x_wconf 86' lang='lat' dir='ltr'><strong>magna</strong></span> <span class='ocrx_word' id='word_1_149' title='bbox 737 2787 875 2853; x_wconf 91' lang='lat' dir='ltr'><strong>ecclesia</strong></span> <span class='ocrx_word' id='word_1_150' title='bbox 895 2788 1014 2872; x_wconf 93' lang='lat' dir='ltr'><strong>populo</strong></span> <span class='ocrx_word' id='word_1_151' title='bbox 1036 2793 1207 2853; x_wconf 87' lang='lat' dir='ltr'><strong>coronatus</strong></span> <span class='ocrx_word' id='word_1_152' title='bbox 1223 2791 1280 2875; x_wconf 86' lang='lat' dir='ltr'><strong>est</strong></span> 
     </span>
     <span class='ocr_line' id='line_1_21' title="bbox 52 2893 1272 2982; baseline -0.005 -17"><span class='ocrx_word' id='word_1_153' title='bbox 52 2916 84 2967; x_wconf 77' lang='lat' dir='ltr'><strong>ac</strong></span> <span class='ocrx_word' id='word_1_154' title='bbox 100 2898 263 2963; x_wconf 81' lang='lat' dir='ltr'><strong>Artemius</strong></span> <span class='ocrx_word' id='word_1_155' title='bbox 291 2897 414 2982; x_wconf 89' lang='lat' dir='ltr'><strong>primns</strong></span> <span class='ocrx_word' id='word_1_156' title='bbox 442 2916 463 2960; x_wconf 91' lang='lat' dir='ltr'><strong>a</strong></span> <span class='ocrx_word' id='word_1_157' title='bbox 489 2896 620 2963; x_wconf 88' lang='lat' dir='ltr'><strong>secretis</strong></span> <span class='ocrx_word' id='word_1_158' title='bbox 649 2902 770 2961; x_wconf 90' lang='lat' dir='ltr'><strong>mutato</strong></span> <span class='ocrx_word' id='word_1_159' title='bbox 792 2896 922 2962; x_wconf 90' lang='lat' dir='ltr'><strong>nomine</strong></span> <span class='ocrx_word' id='word_1_160' title='bbox 944 2896 1147 2962; x_wconf 81' lang='lat' dir='ltr'><strong>Anastasius.</strong></span> <span class='ocrx_word' id='word_1_161' title='bbox 1193 2893 1272 2960; x_wconf 86' lang='lat' dir='ltr'><strong>Sab-</strong></span> 
     </span>
     <span class='ocr_line' id='line_1_22' title="bbox 99 3004 1272 3092; baseline -0.006 -17"><span class='ocrx_word' id='word_1_162' title='bbox 99 3009 175 3075; x_wconf 92' lang='lat' dir='ltr'><strong>bato</strong></span> <span class='ocrx_word' id='word_1_163' title='bbox 198 3026 274 3073; x_wconf 90' lang='lat' dir='ltr'><strong>uero</strong></span> <span class='ocrx_word' id='word_1_164' title='bbox 296 3012 370 3092; x_wconf 88' lang='lat' dir='ltr'><strong>post</strong></span> <span class='ocrx_word' id='word_1_165' title='bbox 389 3006 601 3072; x_wconf 86' lang='lat' dir='ltr'><strong>Pentecosten</strong></span> <span class='ocrx_word' id='word_1_166' title='bbox 624 3006 725 3070; x_wconf 90' lang='lat' dir='ltr'><strong>oeulis</strong></span> <span class='ocrx_word' id='word_1_167' title='bbox 746 3006 893 3090; x_wconf 88' lang='lat' dir='ltr'><strong>priuatus</strong></span> <span class='ocrx_word' id='word_1_168' title='bbox 915 3012 964 3071; x_wconf 90' lang='lat' dir='ltr'><strong>est</strong></span> <span class='ocrx_word' id='word_1_169' title='bbox 979 3004 1169 3070; x_wconf 83' lang='lat' dir='ltr'><strong>Theodorus</strong></span> <span class='ocrx_word' id='word_1_170' title='bbox 1183 3004 1272 3089; x_wconf 88' lang='lat' dir='ltr'><strong>Mya-</strong></span> 
     </span>
     <span class='ocr_line' id='line_1_23' title="bbox 99 3113 1269 3201; baseline -0.003 -17"><span class='ocrx_word' id='word_1_171' title='bbox 99 3139 153 3186; x_wconf 90' lang='lat' dir='ltr'><strong>ces</strong></span> <span class='ocrx_word' id='word_1_172' title='bbox 176 3124 209 3184; x_wconf 88' lang='lat' dir='ltr'><strong>et</strong></span> <span class='ocrx_word' id='word_1_173' title='bbox 230 3116 371 3183; x_wconf 88' lang='lat' dir='ltr'><strong>secundo</strong></span> <span class='ocrx_word' id='word_1_174' title='bbox 394 3115 531 3183; x_wconf 90' lang='lat' dir='ltr'><strong>sabbato</strong></span> <span class='ocrx_word' id='word_1_175' title='bbox 553 3115 587 3180; x_wconf 92' lang='lat' dir='ltr'><strong>id</strong></span> <span class='ocrx_word' id='word_1_176' title='bbox 609 3116 715 3200; x_wconf 92' lang='lat' dir='ltr'><strong>ipsum</strong></span> <span class='ocrx_word' id='word_1_177' title='bbox 737 3116 869 3201; x_wconf 91' lang='lat' dir='ltr'><strong>pertulit</strong></span> <span class='ocrx_word' id='word_1_178' title='bbox 883 3114 1042 3199; x_wconf 84' lang='lat' dir='ltr'><strong>Georgius</strong></span> <span class='ocrx_word' id='word_1_179' title='bbox 1064 3113 1269 3200; x_wconf 89' lang='lat' dir='ltr'><strong>Buramphus</strong></span> 
     </span>
     <span class='ocr_line' id='line_1_24' title="bbox 96 3225 944 3311; baseline -0.007 -15"><span class='ocrx_word' id='word_1_180' title='bbox 96 3237 129 3297; x_wconf 90' lang='lat' dir='ltr'><strong>et</strong></span> <span class='ocrx_word' id='word_1_181' title='bbox 150 3229 185 3294; x_wconf 91' lang='lat' dir='ltr'><strong>in</strong></span> <span class='ocrx_word' id='word_1_182' title='bbox 206 3227 338 3294; x_wconf 83' lang='lat' dir='ltr'><strong>erilium</strong></span> <span class='ocrx_word' id='word_1_183' title='bbox 360 3226 452 3293; x_wconf 91' lang='lat' dir='ltr'><strong>missi</strong></span> <span class='ocrx_word' id='word_1_184' title='bbox 475 3234 548 3293; x_wconf 89' lang='lat' dir='ltr'><strong>sunt</strong></span> <span class='ocrx_word' id='word_1_185' title='bbox 570 3225 657 3311; x_wconf 89' lang='lat' dir='ltr'><strong>apud</strong></span> <span class='ocrx_word' id='word_1_186' title='bbox 679 3225 944 3292; x_wconf 80' lang='lat' dir='ltr'><strong>Thessalonicen.</strong></span> 
     </span>
     <span class='ocr_line' id='line_1_25' title="bbox 181 3327 1391 3420; baseline -0.007 -18"><span class='ocrx_word' id='word_1_187' title='bbox 181 3338 276 3404; x_wconf 91' lang='lat' dir='ltr'><strong>Anno</strong></span> <span class='ocrx_word' id='word_1_188' title='bbox 305 3338 346 3402; x_wconf 90' lang='lat' dir='ltr'><strong>ab</strong></span> <span class='ocrx_word' id='word_1_189' title='bbox 374 3337 597 3402; x_wconf 91' lang='lat' dir='ltr'><strong>incarnatione</strong></span> <span class='ocrx_word' id='word_1_190' title='bbox 625 3334 746 3400; x_wconf 90' lang='lat' dir='ltr'><strong>domini</strong></span> <span class='ocrx_word' id='word_1_191' title='bbox 775 3335 1060 3420; x_wconf 86' lang='lat' dir='ltr'><strong>septingentesimo</strong></span> <span class='ocrx_word' id='word_1_192' title='bbox 1090 3341 1182 3401; x_wconf 80' lang='lat' dir='ltr'><strong>sexto</strong></span> <span class='ocrx_word' id='word_1_193' title='bbox 1203 3334 1267 3398; x_wconf 79' lang='lat' dir='ltr'><strong>Aa·</strong></span> <span class='ocrx_word' id='word_1_194' title='bbox 1288 3327 1391 3395; x_wconf 83' lang='lat' dir='ltr'><strong>xxn</strong></span> 
     </span>
     <span class='ocr_line' id='line_1_26' title="bbox 49 3442 1273 3531; baseline -0.009 -12"><span class='ocrx_word' id='word_1_195' title='bbox 49 3470 81 3519; x_wconf 79' lang='lat'><strong>25</strong></span> <span class='ocrx_word' id='word_1_196' title='bbox 97 3467 220 3515; x_wconf 76' lang='lat' dir='ltr'><strong>sumus</strong></span> <span class='ocrx_word' id='word_1_197' title='bbox 241 3446 396 3512; x_wconf 86' lang='lat' dir='ltr'><strong>Romanis</strong></span> <span class='ocrx_word' id='word_1_198' title='bbox 419 3446 566 3531; x_wconf 90' lang='lat' dir='ltr'><strong>imperat.</strong></span> <span class='ocrx_word' id='word_1_199' title='bbox 610 3446 786 3512; x_wconf 89' lang='lat' dir='ltr'><strong>Masalmas</strong></span> <span class='ocrx_word' id='word_1_200' title='bbox 815 3445 912 3528; x_wconf 86' lang='lat' dir='ltr'><strong>igitur</strong></span> <span class='ocrx_word' id='word_1_201' title='bbox 933 3444 1135 3512; x_wconf 88' lang='lat' dir='ltr'><strong>incursiones</strong></span> <span class='ocrx_word' id='word_1_202' title='bbox 1158 3442 1273 3510; x_wconf 90' lang='lat' dir='ltr'><strong>aduer-</strong></span> 
     </span>
     <span class='ocr_line' id='line_1_27' title="bbox 98 3553 1273 3640; baseline -0.005 -15"><span class='ocrx_word' id='word_1_203' title='bbox 98 3580 155 3625; x_wconf 89' lang='lat' dir='ltr'><strong>sus</strong></span> <span class='ocrx_word' id='word_1_204' title='bbox 177 3555 368 3623; x_wconf 86' lang='lat' dir='ltr'><strong>Romaniam</strong></span> <span class='ocrx_word' id='word_1_205' title='bbox 392 3556 493 3620; x_wconf 91' lang='lat' dir='ltr'><strong>mouit</strong></span> <span class='ocrx_word' id='word_1_206' title='bbox 521 3562 553 3620; x_wconf 91' lang='lat' dir='ltr'><strong>et</strong></span> <span class='ocrx_word' id='word_1_207' title='bbox 583 3555 758 3640; x_wconf 90' lang='lat' dir='ltr'><strong>dispoliata</strong></span> <span class='ocrx_word' id='word_1_208' title='bbox 780 3555 911 3620; x_wconf 84' lang='lat' dir='ltr'><strong>Galatia</strong></span> <span class='ocrx_word' id='word_1_209' title='bbox 933 3555 1030 3621; x_wconf 90' lang='lat' dir='ltr'><strong>rediit</strong></span> <span class='ocrx_word' id='word_1_210' title='bbox 1052 3574 1123 3620; x_wconf 94' lang='lat' dir='ltr'><strong>cum</strong></span> <span class='ocrx_word' id='word_1_211' title='bbox 1146 3553 1273 3640; x_wconf 91' lang='lat' dir='ltr'><strong>praeda</strong></span> 
     </span>
     <span class='ocr_line' id='line_1_28' title="bbox 98 3665 1274 3751; baseline -0.003 -17"><span class='ocrx_word' id='word_1_212' title='bbox 98 3677 129 3734; x_wconf 92' lang='lat' dir='ltr'><strong>et</strong></span> <span class='ocrx_word' id='word_1_213' title='bbox 157 3667 271 3751; x_wconf 90' lang='lat' dir='ltr'><strong>spoliis</strong></span> <span class='ocrx_word' id='word_1_214' title='bbox 300 3666 418 3732; x_wconf 91' lang='lat' dir='ltr'><strong>multis.</strong></span> <span class='ocrx_word' id='word_1_215' title='bbox 463 3673 515 3731; x_wconf 90' lang='lat' dir='ltr'><strong>ast</strong></span> <span class='ocrx_word' id='word_1_216' title='bbox 544 3666 707 3732; x_wconf 90' lang='lat' dir='ltr'><strong>Artemius</strong></span> <span class='ocrx_word' id='word_1_217' title='bbox 737 3665 981 3749; x_wconf 88' lang='lat' dir='ltr'><strong>magistratibus</strong></span> <span class='ocrx_word' id='word_1_218' title='bbox 1010 3666 1045 3731; x_wconf 93' lang='lat' dir='ltr'><strong>in</strong></span> <span class='ocrx_word' id='word_1_219' title='bbox 1071 3665 1274 3749; x_wconf 89' lang='lat' dir='ltr'><strong>equestribus</strong></span> 
     </span>
     <span class='ocr_line' id='line_1_29' title="bbox 96 3773 1275 3843; baseline -0.005 0"><span class='ocrx_word' id='word_1_220' title='bbox 96 3778 220 3843; x_wconf 89' lang='lat' dir='ltr'><strong>militiis</strong></span> <span class='ocrx_word' id='word_1_221' title='bbox 249 3776 376 3841; x_wconf 86' lang='lat' dir='ltr'><strong>idoneis</strong></span> <span class='ocrx_word' id='word_1_222' title='bbox 406 3782 438 3841; x_wconf 89' lang='lat' dir='ltr'><strong>et</strong></span> <span class='ocrx_word' id='word_1_223' title='bbox 466 3775 712 3841; x_wconf 90' lang='lat' dir='ltr'><strong>rationabilibus</strong></span> <span class='ocrx_word' id='word_1_224' title='bbox 749 3775 783 3839; x_wconf 92' lang='lat' dir='ltr'><strong>in</strong></span> <span class='ocrx_word' id='word_1_225' title='bbox 813 3775 910 3841; x_wconf 91' lang='lat' dir='ltr'><strong>rebus</strong></span> <span class='ocrx_word' id='word_1_226' title='bbox 938 3775 1087 3841; x_wconf 91' lang='lat' dir='ltr'><strong>ciuilibus</strong></span> <span class='ocrx_word' id='word_1_227' title='bbox 1117 3773 1275 3839; x_wconf 91' lang='lat' dir='ltr'><strong>ordinatis</strong></span> 
     </span>
     <span class='ocr_line' id='line_1_30' title="bbox 100 3883 1273 3970; baseline -0.003 -18"><span class='ocrx_word' id='word_1_228' title='bbox 100 3889 166 3953; x_wconf 92' lang='lat' dir='ltr'><strong>iam</strong></span> <span class='ocrx_word' id='word_1_229' title='bbox 189 3886 332 3970; x_wconf 91' lang='lat' dir='ltr'><strong>requiem</strong></span> <span class='ocrx_word' id='word_1_230' title='bbox 355 3885 496 3970; x_wconf 84' lang='lat' dir='ltr'><strong>degebat</strong></span> <span class='ocrx_word' id='word_1_231' title='bbox 523 3885 670 3970; x_wconf 88' lang='lat' dir='ltr'><strong>adeptus.</strong></span> <span class='ocrx_word' id='word_1_232' title='bbox 715 3903 850 3967; x_wconf 91' lang='lat' dir='ltr'><strong>cumque</strong></span> <span class='ocrx_word' id='word_1_233' title='bbox 871 3883 998 3950; x_wconf 88' lang='lat' dir='ltr'><strong>Arabes</strong></span> <span class='ocrx_word' id='word_1_234' title='bbox 1027 3892 1138 3949; x_wconf 89' lang='lat' dir='ltr'><strong>contra</strong></span> <span class='ocrx_word' id='word_1_235' title='bbox 1159 3885 1273 3948; x_wconf 88' lang='lat' dir='ltr'><strong>Roma·</strong></span> 
     </span>
     <span class='ocr_line' id='line_1_31' title="bbox 48 3991 1272 4078; baseline -0.005 -16"><span class='ocrx_word' id='word_1_236' title='bbox 48 4019 80 4069; x_wconf 84' lang='lat'><strong>30</strong></span> <span class='ocrx_word' id='word_1_237' title='bbox 97 3997 185 4062; x_wconf 90' lang='lat' dir='ltr'><strong>niam</strong></span> <span class='ocrx_word' id='word_1_238' title='bbox 207 4002 295 4061; x_wconf 88' lang='lat' dir='ltr'><strong>terra</strong></span> <span class='ocrx_word' id='word_1_239' title='bbox 316 3994 461 4078; x_wconf 90' lang='lat' dir='ltr'><strong>marique</strong></span> <span class='ocrx_word' id='word_1_240' title='bbox 483 4001 694 4075; x_wconf 83' lang='lat' dir='ltr'><strong>armarent-ur,</strong></span> <span class='ocrx_word' id='word_1_241' title='bbox 732 3993 820 4060; x_wconf 91' lang='lat' dir='ltr'><strong>misit</strong></span> <span class='ocrx_word' id='word_1_242' title='bbox 848 3993 1024 4078; x_wconf 90' lang='lat' dir='ltr'><strong>imperator</strong></span> <span class='ocrx_word' id='word_1_243' title='bbox 1051 3992 1215 4078; x_wconf 88' lang='lat' dir='ltr'><strong>principes</strong></span> <span class='ocrx_word' id='word_1_244' title='bbox 1238 3991 1272 4056; x_wconf 92' lang='lat' dir='ltr'><strong>in</strong></span> 
     </span>
     <span class='ocr_line' id='line_1_32' title="bbox 98 4101 1272 4191; baseline -0.007 -18"><span class='ocrx_word' id='word_1_245' title='bbox 98 4107 227 4191; x_wconf 85' lang='lat' dir='ltr'><strong>Syriam</strong></span> <span class='ocrx_word' id='word_1_246' title='bbox 249 4103 292 4169; x_wconf 90' lang='lat' dir='ltr'><strong>ad</strong></span> <span class='ocrx_word' id='word_1_247' title='bbox 315 4104 435 4168; x_wconf 86' lang='lat' dir='ltr'><strong>Vhalid</strong></span> <span class='ocrx_word' id='word_1_248' title='bbox 458 4105 551 4188; x_wconf 89' lang='lat' dir='ltr'><strong>quusi</strong></span> <span class='ocrx_word' id='word_1_249' title='bbox 572 4125 631 4189; x_wconf 93' lang='lat' dir='ltr'><strong>pro</strong></span> <span class='ocrx_word' id='word_1_250' title='bbox 654 4102 706 4169; x_wconf 92' lang='lat' dir='ltr'><strong>his</strong></span> <span class='ocrx_word' id='word_1_251' title='bbox 729 4122 812 4186; x_wconf 89' lang='lat' dir='ltr'><strong>quae</strong></span> <span class='ocrx_word' id='word_1_252' title='bbox 834 4101 877 4168; x_wconf 90' lang='lat' dir='ltr'><strong>ad</strong></span> <span class='ocrx_word' id='word_1_253' title='bbox 898 4122 1011 4188; x_wconf 90' lang='lat' dir='ltr'><strong>pacem</strong></span> <span class='ocrx_word' id='word_1_254' title='bbox 1034 4103 1197 4188; x_wconf 89' lang='lat' dir='ltr'><strong>pertinent</strong></span> <span class='ocrx_word' id='word_1_255' title='bbox 1228 4101 1272 4165; x_wconf 94' lang='lat' dir='ltr'><strong>lo-</strong></span> 
     </span>
     <span class='ocr_line' id='line_1_33' title="bbox 95 4211 1271 4297; baseline -0.006 -16"><span class='ocrx_word' id='word_1_256' title='bbox 95 4224 225 4282; x_wconf 90' lang='lat' dir='ltr'><strong>cuturos</strong></span> <span class='ocrx_word' id='word_1_257' title='bbox 247 4215 417 4280; x_wconf 89' lang='lat' dir='ltr'><strong>Danielem</strong></span> <span class='ocrx_word' id='word_1_258' title='bbox 440 4215 592 4280; x_wconf 90' lang='lat' dir='ltr'><strong>uidelicet</strong></span> <span class='ocrx_word' id='word_1_259' title='bbox 613 4220 645 4279; x_wconf 90' lang='lat' dir='ltr'><strong>et</strong></span> <span class='ocrx_word' id='word_1_260' title='bbox 673 4214 758 4278; x_wconf 90' lang='lat' dir='ltr'><strong>inter</strong></span> <span class='ocrx_word' id='word_1_261' title='bbox 786 4213 870 4279; x_wconf 88' lang='lat' dir='ltr'><strong>alios</strong></span> <span class='ocrx_word' id='word_1_262' title='bbox 893 4213 1073 4297; x_wconf 83' lang='lat' dir='ltr'><strong>Sinopitem</strong></span> <span class='ocrx_word' id='word_1_263' title='bbox 1101 4211 1271 4297; x_wconf 91' lang='lat' dir='ltr'><strong>patricium</strong></span> 
     </span>
     <span class='ocr_line' id='line_1_34' title="bbox 96 4321 1272 4410; baseline -0.006 -19"><span class='ocrx_word' id='word_1_264' title='bbox 96 4333 127 4391; x_wconf 91' lang='lat' dir='ltr'><strong>et</strong></span> <span class='ocrx_word' id='word_1_265' title='bbox 149 4324 345 4410; x_wconf 85' lang='lat' dir='ltr'><strong>praefectum</strong></span> <span class='ocrx_word' id='word_1_266' title='bbox 369 4325 458 4390; x_wconf 91' lang='lat' dir='ltr'><strong>urbis</strong></span> <span class='ocrx_word' id='word_1_267' title='bbox 481 4324 640 4389; x_wconf 88' lang='lat' dir='ltr'><strong>mandans</strong></span> <span class='ocrx_word' id='word_1_268' title='bbox 663 4322 711 4388; x_wconf 90' lang='lat' dir='ltr'><strong>eis</strong></span> <span class='ocrx_word' id='word_1_269' title='bbox 727 4322 899 4405; x_wconf 86' lang='lat' dir='ltr'><strong>diligenter</strong></span> <span class='ocrx_word' id='word_1_270' title='bbox 914 4321 1113 4405; x_wconf 90' lang='lat' dir='ltr'><strong>inuestigare</strong></span> <span class='ocrx_word' id='word_1_271' title='bbox 1128 4321 1169 4387; x_wconf 93' lang='lat' dir='ltr'><strong>de</strong></span> <span class='ocrx_word' id='word_1_272' title='bbox 1184 4328 1272 4385; x_wconf 92' lang='lat' dir='ltr'><strong>motu</strong></span> 
     </span>
    </p>
   </div>
   <div class='ocr_carea' id='block_1_5' title="bbox 95 4570 1273 4854">
    <p class='ocr_par' dir='ltr' id='par_1_6' title="bbox 95 4570 1273 4854">
     <span class='ocr_line' id='line_1_35' title="bbox 165 4570 1273 4657; baseline -0.002 -3"><span class='ocrx_word' id='word_1_273' title='bbox 165 4601 306 4657; x_wconf 73' lang='lat' dir='ltr'><strong>tabell)</strong></span> <span class='ocrx_word' id='word_1_274' title='bbox 409 4570 623 4653; x_wconf 75' lang='lat' dir='ltr'><strong>banthrocraD</strong></span> <span class='ocrx_word' id='word_1_275' title='bbox 708 4597 863 4652; x_wconf 75' lang='lat' dir='ltr'><strong>buatabtio</strong></span> <span class='ocrx_word' id='word_1_276' title='bbox 881 4598 908 4653; x_wconf 83' lang='lat' dir='ltr'><em>D</em></span> <span class='ocrx_word' id='word_1_277' title='bbox 976 4599 1158 4654; x_wconf 87' lang='lat' dir='ltr'><strong>conlummato</strong></span> <span class='ocrx_word' id='word_1_278' title='bbox 1176 4615 1228 4652; x_wconf 87' lang='lat' dir='ltr'><strong>om.</strong></span> <span class='ocrx_word' id='word_1_279' title='bbox 1245 4597 1273 4652; x_wconf 80' lang='grc'><em>0</em></span> 
     </span>
     <span class='ocr_line' id='line_1_36' title="bbox 97 4679 1271 4763; baseline -0.005 -14"><span class='ocrx_word' id='word_1_280' title='bbox 97 4700 128 4749; x_wconf 89' lang='lat'><strong>10</strong></span> <span class='ocrx_word' id='word_1_281' title='bbox 147 4679 357 4763; x_wconf 76' lang='lat' dir='ltr'><strong>lnlceptrondl)</strong></span> <span class='ocrx_word' id='word_1_282' title='bbox 445 4697 474 4745; x_wconf 79' lang='grc'><strong>14</strong></span> <span class='ocrx_word' id='word_1_283' title='bbox 493 4692 610 4760; x_wconf 85' lang='lat' dir='ltr'><strong>oblequu</strong></span> <span class='ocrx_word' id='word_1_284' title='bbox 628 4691 655 4746; x_wconf 83' lang='lat' dir='ltr'><em>D</em></span> <span class='ocrx_word' id='word_1_285' title='bbox 740 4695 772 4746; x_wconf 78' lang='lat'><strong>23</strong></span> <span class='ocrx_word' id='word_1_286' title='bbox 791 4691 1024 4754; x_wconf 84' lang='lat' dir='ltr'><strong>thesalonrlcenD</strong></span> <span class='ocrx_word' id='word_1_287' title='bbox 1101 4695 1134 4746; x_wconf 82' lang='lat'><strong>26</strong></span> <span class='ocrx_word' id='word_1_288' title='bbox 1151 4690 1220 4746; x_wconf 80' lang='lat' dir='ltr'><strong>redit</strong></span> <span class='ocrx_word' id='word_1_289' title='bbox 1237 4688 1271 4744; x_wconf 76' lang='grc' dir='ltr'><strong>θ’</strong></span> 
     </span>
     <span class='ocr_line' id='line_1_37' title="bbox 95 4763 785 4854; baseline -0.004 -11"><span class='ocrx_word' id='word_1_290' title='bbox 95 4794 122 4843; x_wconf 80' lang='lat' dir='ltr'><strong>ar</strong></span> <span class='ocrx_word' id='word_1_291' title='bbox 146 4788 202 4843; x_wconf 81' lang='lat' dir='ltr'><strong>mu</strong></span> <span class='ocrx_word' id='word_1_292' title='bbox 224 4787 250 4842; x_wconf 86' lang='lat' dir='ltr'><strong>n</strong></span> <span class='ocrx_word' id='word_1_293' title='bbox 328 4792 359 4841; x_wconf 82' lang='lat' dir='ltr'><strong>m</strong></span> <span class='ocrx_word' id='word_1_294' title='bbox 378 4771 546 4841; x_wconf 72' lang='lat' dir='ltr'><strong>namneus</strong></span> <span class='ocrx_word' id='word_1_295' title='bbox 605 4763 785 4854; x_wconf 72' lang='lat' dir='ltr'><strong>pachumii)</strong></span> 
     </span>
    </p>
   </div>
   <div class='ocr_carea' id='block_1_6' title="bbox 1002 4888 1060 4940">
    <p class='ocr_par' dir='ltr' id='par_1_7' title="bbox 1002 4888 1060 4940">
     <span class='ocr_line' id='line_1_38' title="bbox 1002 4888 1060 4940; baseline 0 0"><span class='ocrx_word' id='word_1_296' title='bbox 1002 4888 1060 4940; x_wconf 79' lang='lat'><strong>32*</strong></span> 
     </span>
    </p>
   </div>
   <div class='ocr_carea' id='block_1_7' title="bbox 0 0 1440 5394">
    <p class='ocr_par' dir='ltr' id='par_1_8' title="bbox 0 0 1440 5394">
     <span class='ocr_line' id='line_1_39' title="bbox 0 0 1440 5394; baseline 0 0"><span class='ocrx_word' id='word_1_297' title='bbox 0 0 1440 5394; x_wconf 95' lang='lat' dir='ltr'><strong> </strong></span> 
     </span>
    </p>
   </div>
  </div>
 </body>
</html>
