2834 5394
449 694 556 743 runnx
578 692 817 742 carinvnoavu
1177 680 1240 743 633

67 847 171 905 excidio
196 844 387 915 Hierosolymis
413 843 557 899 nouissime
579 842 626 899 de·
677 856 780 912 presso,
789 840 1001 897 Christianorum
1009 841 1178 911 quorundam
1192 843 1240 898 mi·

67 940 161 998 solatis
185 954 270 1010 eaque
295 943 422 1008 reparata
435 936 513 992 Aelia
529 941 628 991 uocata
677 935 754 989 litum
770 933 895 990 dicaces
912 948 1016 1004 preces.

67 1043 95 1089 et
112 1033 271 1088 Christianis
287 1030 418 1101 permissa
433 1035 547 1085 tanturm.
566 1028 628 1084 rhe·
716 1032 745 1083 li
781 1027 911 1083 Antonini
934 1043 994 1082 cum
1021 1027 1075 1082 filio
1095 1028 1240 1084 Commodo

67 1136 141 1183 tores
163 1125 275 1181 facundi
299 1129 357 1179 tum
379 1123 483 1179 amaa
503 1122 630 1191 insignes.
680 1136 714 1175 ex
743 1118 814 1177 bello
844 1119 980 1175 redeuntis
1009 1121 1169 1191 triumphus.
1204 1121 1240 1176 ad

67 1218 199 1275 Hadriani
212 1218 290 1273 uana
308 1216 422 1272 eruditio
439 1215 631 1283 uariarumque
680 1213 744 1269 belli
761 1215 819 1269 eius
835 1218 959 1283 sumptus
976 1214 1182 1269 instrumentum
1198 1230 1240 1270 re·
1300 1243 1304 1249 ·

67 1313 165 1369 udum
182 1312 280 1381 peritia
297 1310 401 1365 eximia.
428 1308 487 1364 eius
502 1307 630 1364 memoria
679 1307 715 1376 gii
741 1308 831 1362 cultus
854 1307 929 1362 lacta
951 1306 1077 1362 auctione
1107 1307 1241 1362 distrahit.

66 1403 225 1460 admiranda
253 1411 281 1458 et
304 1403 428 1458 laborum
454 1402 629 1456 maximorum
681 1398 766 1456 Cassii
792 1399 960 1470 tyrannidem
982 1399 1135 1468 arripientis
1158 1400 1240 1454 inter·

66 1497 218 1552 tolerantie.
296 1531 304 1543 -
607 1489 608 1493 ’
679 1493 741 1548 itus.
776 1493 879 1549 tributa
895 1492 997 1548 donata
1012 1507 1062 1563 per
1078 1494 1241 1563 prouincias.

103 1595 133 1644 to
168 1590 273 1644 uarium
290 1595 318 1644 et
334 1587 498 1643 multiforme
513 1587 571 1643 eius
587 1587 628 1641 in·
680 1587 731 1641 niri
756 1585 829 1641 docti
853 1586 882 1641 in
906 1586 989 1641 uariis
1013 1585 1160 1655 disciplinis
1184 1593 1241 1641 turn

65 1684 172 1753 genium
198 1690 254 1736 tam
282 1681 316 1737 ad
334 1681 448 1736 uirtutes
466 1694 546 1749 quam
563 1680 631 1734 uitia
679 1679 783 1735 Romae
812 1678 947 1734 florentes.
995 1679 1125 1734 Antonini
1151 1680 1240 1735 obitus

67 1775 139 1846 quod
158 1776 263 1829 attinet
312 1773 429 1829 Sabinae
456 1773 548 1829 uxoris
571 1773 630 1828 eins
681 1774 771 1827 luctus
788 1773 816 1826 in
833 1773 908 1827 urbe.

66 1884 139 1924 mors
157 1867 319 1923 uoluntaria.
355 1867 486 1945 Hadriani
511 1865 629 1931 morbus,
716 1869 746 1920 18
781 1864 944 1920 Commodus
975 1865 1121 1935 imperator
1154 1865 1239 1921 XVII.

65 1962 147 2030 inque
164 1975 196 2016 eo
213 1959 327 2015 saeuitia
343 1966 370 2014 et
388 1959 541 2015 crudelitas.
576 1959 630 2015 alia
679 1958 750 2028 patri
777 1974 889 2029 prorsus
919 1958 1055 2014 dissimilis
1091 1959 1143 2015 nisi
1168 1960 1241 2030 qnod

66 2053 197 2124 quaedam
214 2053 247 2108 de
257 2068 297 2107 eo.
317 2052 469 2107 cruciabilis
482 2053 539 2108 eins
548 2068 628 2109 mors.
679 2056 775 2106 canna
800 2051 949 2108 Germanos
982 2052 1096 2108 feliciter
1131 2058 1159 2108 et
1183 2053 1242 2123 ipse

65 2148 170 2202 diuinos
187 2147 302 2201 honores
325 2152 524 2216 postmortem
550 2162 629 2217 aegra
678 2145 818 2213 pugnauit.
852 2145 960 2200 luxuria
975 2145 1033 2200 eins
1056 2150 1083 2200 et
1100 2146 1241 2201 obscaeni-

63 2240 174 2297 obtinet.
679 2244 721 2292 tas
739 2237 950 2309 gladiatoriaqne
963 2239 1098 2294 exercitia.
1132 2244 1240 2294 aenato-

102 2338 129 2387 11
157 2334 308 2388 Antoninus
326 2332 390 2388 Pius
407 2332 553 2402 imperator
566 2331 627 2387 XV.
678 2347 736 2385 rum
761 2331 878 2400 plurium
906 2330 1011 2395 caedes,
1036 2330 1064 2386 in
1088 2332 1132 2387 his
1157 2331 1242 2388 Saluii

64 2427 106 2481 nir
123 2426 247 2496 insignis,
265 2425 299 2480 de
313 2426 392 2480 cuius
409 2426 467 2480 uita
491 2432 518 2481 et
540 2425 626 2480 uirtu-
677 2423 781 2477 Iuliani.
816 2423 978 2479 bibliotheca
1003 2425 1150 2494 capitolina
1173 2441 1239 2481 oon·

63 2519 135 2574 tibus
153 2520 231 2589 plura
256 2523 472 2574 commemorata.
506 2518 572 2573 Pius
589 2519 624 2574 ob
677 2523 809 2571 cremata:
826 2516 979 2572 incendium
997 2524 1025 2572 ct
1040 2517 1115 2573 abad
1130 2517 1159 2572 in
1173 2518 1240 2573 urhe

63 2613 230 2667 clementiam
240 2611 336 2666 dictim
355 2612 411 2666 eius
424 2613 624 2681 temporealu-
675 2606 778 2664 lactum
796 2609 962 2664 damasum.
997 2609 1137 2666 Commodi
1157 2611 1239 2666 inter·

64 2705 134 2759 atino
159 2705 227 2759 liber
252 2720 301 2773 pro
326 2704 479 2757 Christiana
500 2704 627 2772 religione
677 2702 731 2756 itus
748 2708 775 2757 et
792 2703 949 2758 exsecratio.

65 2797 237 2865 compositus,
256 2798 333 2865 eique
350 2797 465 2850 oblatus.
715 2799 746 2849 la
780 2794 891 2850 Heluius
925 2793 1055 2850 Pertinax
1094 2796 1240 2865 imperator

101 2893 130 2942 12
165 2889 295 2942 Antonini
328 2889 369 2942 Pii
403 2887 438 2942 ad
473 2887 626 2944 uniuersam
678 2885 776 2940 XVHL
795 2887 957 2955 octagesimo
974 2889 1060 2956 primo
1078 2887 1182 2957 imporii
1196 2888 1240 2944 die

63 2983 154 3036 Asiam
173 2981 288 3050 epistula
313 2981 407 3049 nequis
432 2981 566 3049 negotium
582 2980 624 3037 la·
677 2980 894 3048 apraetorianis
921 2980 1050 3034 caeditur.
1092 2982 1150 3036 eius
1183 2981 1239 3037 elo·

63 3080 179 3129 censeret
197 3074 363 3128 Christianis.
675 3073 747 3141 glum
780 3073 853 3141 origo
890 3072 997 3127 humilis
1035 3072 1126 3127 blandi
1149 3089 1237 3130 mores

99 3171 128 3221 13
156 3166 308 3236 philosophi
325 3167 625 3237 eiustemporellomae
676 3165 833 3234 simplicitas
851 3165 973 3220 ciuilitas.
1008 3166 1036 3220 in
1062 3167 1238 3223 einslaudcm

60 3265 208 3314 uersantes.
234 3260 363 3315 Antonini
380 3260 422 3314 Pii
438 3260 536 3315 obitus.
567 3261 624 3316 eins
675 3264 785 3314 senatus
802 3259 1018 3314 acclamationes.

62 3352 275 3408 mansuetudinis
292 3353 396 3421 insigne
413 3352 571 3423 exemplum.
715 3356 749 3406 20
797 3351 893 3407 Didius
933 3353 1053 3407 Iulianus
1094 3354 1239 3423 imperator

98 3451 128 3499 tt
163 3446 316 3500 Antoninus
335 3446 515 3515 Philosophus
538 3446 622 3516 impe-
674 3444 785 3498 XVllll.
821 3444 982 3501 Pescennius
1000 3445 1083 3514 Niger
1107 3447 1135 3500 in
1161 3447 1238 3516 Syria

62 3538 216 3592 ratorXVl.
235 3546 261 3592 et
279 3555 340 3594 cnm
358 3554 390 3594 co
403 3540 505 3593 Lucius
517 3539 622 3594 Annius
676 3545 703 3593 ct
720 3538 836 3594 Seuerus
853 3539 881 3593 in
899 3539 1041 3594 Pannonia
1060 3539 1235 3609 imperatores

61 3631 214 3685 Antoninus
226 3631 323 3685 Verus.
349 3631 449 3686 bellum
466 3632 623 3687 Parthicum
675 3631 767 3685 oresti
803 3631 874 3685 Didii
892 3632 988 3687 Iuliani
1012 3631 1115 3687 caedes.

62 3739 122 3777 cum
132 3723 264 3791 Vologese
281 3731 393 3792 gestum.
427 3724 460 3778 L.
470 3725 552 3779 Annii
561 3725 625 3780 Veri
709 3727 739 3778 tt
776 3724 920 3794 Septimius
944 3726 1061 3781 Seuerus
1083 3726 1136 3780 XX
1152 3726 1236 3798 impe·

61 3816 151 3870 obitus
170 3816 280 3885 eiusque
296 3817 432 3885 ingenium
449 3825 476 3872 et
492 3817 590 3872 studia.
673 3823 755 3871 rator.
781 3818 911 3872 Pertinax
926 3819 1058 3888 appellari
1075 3819 1169 3875 uoluit
1197 3821 1235 3875 ni·

98 3914 127 3962 tb
163 3909 291 3963 Antonini
308 3908 466 3978 Philosophi
488 3909 623 3965 laudabile
674 3911 759 3965 storia
776 3912 832 3966 cius
850 3911 883 3965 de
891 3910 1038 3966 Pescennio
1047 3912 1139 3980 Nigro,
1156 3928 1236 3983 quem

60 4001 208 4069 imperium.
233 4001 351 4056 studium
362 4002 420 4057 cius
428 4002 621 4072 philosophiae.
673 4002 815 4058 interiecit.
851 4003 945 4057 Parthi
972 4004 1076 4059 Arabes
1102 4005 1235 4063 Adiabeni

60 4100 249 4164 praeceptores
277 4094 370 4164 ipsius.
411 4103 498 4149 statua
528 4096 622 4151 labens
673 4096 707 4149 ab
734 4112 766 4152 eu
798 4096 872 4150 uicti.
916 4096 1025 4152 Clodius
1052 4096 1167 4153 Albinus
1207 4099 1235 4153 in

59 4185 94 4241 ad
121 4187 225 4241 ruinam
251 4187 367 4242 Romani
393 4188 497 4258 imperii
528 4189 562 4244 ab
589 4206 621 4246 eu
673 4189 761 4243 Gallia
783 4189 923 4258 imperium
947 4190 1041 4260 arripit
1070 4190 1118 4245 sed
1142 4207 1159 4246 a
1186 4191 1234 4246 Se-

58 4280 198 4349 praeclarc
215 4279 349 4335 suffultus.
672 4298 736 4337 nero
754 4282 872 4336 uincitur
895 4289 924 4337 et
945 4283 1085 4339 occidhnr.
1120 4283 1235 4339 Seuerus

95 4378 125 4427 to
160 4380 258 4443 quarta
280 4373 494 4430 Christianarum
529 4391 619 4446 perse·
671 4375 895 4430 bellicosissimus.
932 4375 988 4431 eius
1020 4392 1083 4431 acre
1100 4377 1234 4446 ingenium

59 4465 140 4520 cutio.
156 4466 406 4523 Marcomannicum
422 4467 522 4523 bellum
538 4484 621 4538 mano
671 4473 699 4521 et
716 4468 862 4523 liberalitas
894 4469 1116 4538 uehementiaqne
1133 4470 1234 4525 tamin

58 4556 208 4613 admodum.
233 4560 385 4629 pestilentia
400 4560 494 4629 ingens
508 4562 619 4630 perita·
671 4560 772 4616 amicos
789 4576 870 4630 qnam
881 4561 1010 4617 inimicos.
1037 4562 1129 4616 ludaei
1147 4562 1232 4617 etSa·

58 4649 120 4703 liam
139 4656 166 4705 et
182 4652 342 4721 prouinciae
369 4653 619 4709 exercituRomano
671 4653 784 4708 maritae
808 4654 967 4709 rebellantes
985 4654 1102 4709 coerciti.
1138 4655 1232 4724 quinta

58 4744 85 4797 in
104 4742 205 4811 Quadis
222 4745 266 4798 siti
282 4747 402 4814 perituro
420 4752 447 4800 et
463 4757 483 4799 a
497 4746 621 4801 barbaris
672 4744 883 4801 Christianorum
903 4747 1062 4816 persecutio.
