2834 5394
201 268 264 331 396
678 281 769 329 nuans
791 280 891 328 xvim

199 452 277 500 uero
304 433 390 498 bunc
417 433 553 516 ligatum
583 432 653 497 urbi
685 439 981 517 praesentauerunt.
1031 440 1066 498 at
1096 433 1167 516 ipse
1195 433 1373 515 quaerebat

198 543 384 610 habitantes
407 541 518 608 urbem
541 548 575 607 ut
596 552 764 623 emeretur,
788 563 925 609 narrans
941 563 1038 626 quam
1053 561 1152 627 saepe
1167 561 1226 626 pro
1241 543 1371 608 ciuitas

197 654 378 721 certauerit.
422 652 504 718 ciuis
532 651 664 736 quidam
693 651 949 718 multitudinibus
973 653 1134 736 persuasit
1156 650 1216 716 hoc
1239 652 1371 718 minime

197 762 390 830 iaciendum.
435 763 512 847 quia
534 782 611 847 ergo
634 762 849 846 paruipensus
872 769 922 828 est
936 763 1054 841 Busan,
1078 763 1272 847 repromittit
1286 762 1369 829 Oba·

196 873 272 939 iano
300 893 336 939 se
368 871 496 938 tradere
524 873 687 938 ciuitatem
711 880 743 938 et
765 873 1026 939 exterminatorio
1048 873 1262 938 instrumento
1285 873 1398 939 iactos

197 982 283 1069 quod
311 983 444 1049 arietem
477 983 659 1064 nominant,
691 983 853 1049 ciuitatem
882 981 1019 1067 adeptus
1049 989 1105 1049 cst.
1151 982 1370 1050 discedentes·

197 1112 260 1175 que
282 1091 411 1157 barbari
434 1099 661 1176 argumentoso
685 1093 814 1175 ingenio
837 1099 868 1158 et
890 1093 973 1158 alias
995 1093 1104 1175 plures
1128 1091 1225 1159 urbes
1249 1093 1282 1158 in
1306 1113 1369 1159 ser-

197 1202 330 1267 uitutem
354 1201 547 1286 redegerunt
570 1209 693 1267 etcum
716 1203 816 1267 multa
837 1203 1025 1287 captiuitate
1046 1201 1169 1268 reuersi
1193 1210 1278 1269 sunt
1315 1224 1368 1268 an·

196 1312 324 1380 dientes
352 1320 460 1378 autom
489 1312 638 1397 Byzantii
668 1312 753 1396 quod
776 1311 892 1378 Castus
922 1334 942 1377 a
970 1312 1117 1377 barbaris
1146 1312 1296 1396 captiuus
1325 1314 1368 1379 et·

195 1422 298 1490 lectus
320 1423 363 1490 sit
386 1423 512 1506 magnis
535 1422 691 1488 conuiciis
713 1430 824 1488 contra
839 1423 1026 1488 Mauricium
1050 1422 1221 1487 utebantur
1236 1430 1269 1488 ct
1282 1422 1366 1487 bunc
1382 1430 1406 1479 ¹⁰

195 1533 230 1599 in
251 1533 423 1600 manifesto
446 1531 657 1617 blasphemiis
680 1533 887 1617 appetebant.

72 1638 174 1707 XIIII
280 1644 342 1709 Per
369 1641 455 1708 idem
484 1660 611 1726 quoque
638 1649 766 1727 tempus
788 1643 957 1709 Heraclius
979 1641 1121 1707 Heraclii
1151 1649 1244 1725 pater
1265 1643 1368 1709 Persi-

195 1772 266 1819 cum
289 1772 464 1837 aggressus
493 1758 542 1818 est
571 1759 709 1818 castrum
734 1752 819 1835 quod
842 1758 874 1818 et
896 1752 989 1836 oepit.
1035 1751 1183 1818 similiter
1209 1759 1242 1817 et
1264 1752 1367 1818 Theo

195 1863 292 1929 dorus
315 1869 455 1928 castrum
477 1862 678 1927 Mazarorum
708 1861 867 1946 amboque
889 1861 1030 1927 Baiudes
1052 1861 1195 1926 ueniunt.
1240 1867 1365 1927 etcum

194 1978 335 2038 castmm
364 1971 612 2038 munitissimum
641 1980 736 2051 esset,
773 1972 866 2037 miles
895 1971 1026 2054 quidam
1050 1970 1206 2054 Saphires
1235 1956 1365 2038 nomine
1381 1984 1405 2034 15

194 2081 342 2148 stimulos
366 2087 517 2164 operatus
541 2088 572 2145 et
594 2088 705 2145 contra
727 2082 936 2166 compagines
951 2079 1096 2166 lapidum
1111 2080 1172 2146 hos
1186 2079 1293 2164 figens
1307 2101 1366 2166 pcr

93 2210 97 2217 ·
194 2210 251 2258 eos
273 2190 396 2256 aditum
419 2190 502 2256 fecit.
547 2208 618 2255 oum
640 2199 747 2256 autem
769 2191 860 2258 fortis
888 2192 943 2257 ille
972 2189 1176 2257 ascendisset
1202 2191 1287 2256 muri
1316 2211 1367 2256 co

195 2320 319 2383 ronam,
350 2300 400 2366 uir
422 2301 523 2367 Persa
545 2299 630 2365 hunc
652 2301 785 2385 expulit.
829 2300 917 2366 cadit
938 2320 1015 2384 ergo
1038 2300 1194 2383 Saphires
1216 2298 1365 2368 deorsum

194 2419 226 2478 et
247 2411 427 2496 suscipiunt
449 2431 521 2477 eum
544 2411 578 2477 in
601 2413 700 2477 scutis
723 2411 791 2478 suis
806 2412 943 2476 Romani
965 2417 996 2475 et
1017 2431 1130 2477 rursus
1150 2430 1232 2495 opus
1247 2410 1365 2476 anden-

192 2529 241 2588 ter
262 2522 377 2606 arripit
398 2529 430 2588 et
451 2521 557 2587 denuo
580 2541 601 2587 a
628 2521 780 2587 firmitate
808 2522 982 2606 repellitur.
1027 2521 1206 2604 iterumque
1227 2520 1365 2586 Romani
1379 2531 1408 2581 to

192 2630 276 2698 hunc
299 2633 398 2697 scutis
421 2632 601 2716 suscipiunt
625 2639 656 2697 et
678 2631 771 2696 tertio
787 2630 830 2696 ad
846 2630 1138 2696 machinamentum
1154 2636 1290 2697 conatus
1305 2638 1363 2712 est,

193 2759 328 2824 cumque
356 2741 399 2805 ad
428 2742 510 2806 muri
539 2749 636 2825 caput
663 2742 873 2826 peruenisset,
910 2743 1041 2808 Persam
1071 2738 1200 2806 excidit.
1245 2738 1365 2806 deinde

193 2856 288 2935 eaput
310 2849 380 2916 eius
401 2850 556 2916 Romanis
578 2850 738 2935 praebens
760 2850 819 2918 hos
842 2851 960 2916 fiducia
981 2871 1100 2933 magna
1122 2850 1259 2935 repleuit
1287 2851 1365 2914 mul·

192 2960 296 3044 tisquc
328 2959 530 3026 imitantibus
564 2961 667 3024 uimm
702 2961 815 3026 fortem
848 2970 880 3027 ct
910 2981 968 3046 per
996 2962 1088 3045 palos
1111 2958 1363 3027 ascendentibus

192 3090 316 3134 rnumm
345 3069 498 3136 Romanis
528 3068 665 3135 traditur
694 3077 833 3136 castrum
862 3077 893 3135 et
923 3071 1005 3137 alios
1033 3071 1163 3154 quidem
1192 3070 1363 3136 Persarum
1379 3083 1408 3132 aa

191 3178 384 3259 occiderunt,
421 3179 505 3243 alios
534 3197 609 3243 uero
638 3180 784 3262 captiuos
806 3179 967 3247 duxerunt
989 3200 1054 3245 una
1076 3199 1146 3244 oum
1170 3179 1363 3264 supellectili

191 3287 259 3370 igni
281 3286 407 3369 perdito
429 3293 544 3353 castro.

105 3398 168 3462 XV
273 3396 404 3461 Interea
432 3396 631 3482 Philippicus
665 3419 776 3466 rursus
797 3398 988 3483 Byzantium
1023 3399 1084 3465 iter
1113 3399 1179 3482 egit
1211 3398 1363 3464 Heraclio

188 3508 405 3573 Romanorum
435 3507 515 3573 duce
544 3508 664 3573 relicto.
709 3509 844 3574 ueniens
874 3514 980 3573 autem
1004 3511 1142 3574 Tarsum
1171 3515 1203 3573 ct
1231 3507 1363 3575 discens

189 3617 275 3703 quod
297 3618 472 3703 imperator
493 3617 638 3684 Priscum
661 3618 794 3685 orientis
816 3624 996 3703 praetorem
1026 3625 1168 3683 creatum
1197 3616 1361 3698 direxerit,
1379 3631 1409 3681 ao

65 3800 70 3809 ,
188 3727 300 3795 scribit
320 3728 504 3793 Heraclium
528 3728 670 3794 exercitu
692 3729 791 3794 misso
814 3730 848 3793 in
869 3728 1054 3792 Armeniam
1079 3728 1190 3792 uenire
1213 3726 1255 3792 ad
1276 3728 1361 3792 Nar-

188 3857 266 3919 scm,
305 3845 336 3904 et
357 3837 459 3904 Prisci
488 3837 518 3901 ei
547 3838 764 3922 praesentiam
792 3839 899 3904 tacere
927 3838 1141 3904 manifestam.
1186 3839 1364 3923 imperator

255 4131 490 4200 6d1lcentolq.1)
586 4129 815 4198 bredrgeruntll
907 4129 1104 4198 bbrzanltnll
1235 4133 1265 4182 10
1284 4143 1360 4182 mau-

185 4237 281 4276 ncrum
296 4233 299 4285 l
315 4232 349 4277 cu
366 4221 555 4279 utebanturI)
643 4227 672 4277 17
692 4225 737 4277 eol
753 4221 892 4277 adlteruI)
963 4225 993 4276 18
1011 4221 1156 4275 Atratbato
1175 4220 1234 4276 cod.
1251 4219 1363 4276 Pittaci

185 4315 360 4384 mieqnuntur
378 4316 423 4384 (D)
509 4320 540 4371 2³
558 4317 701 4386 praebens]
720 4316 835 4384 preneni
849 4313 877 4370 D
952 4318 984 4367 28
1001 4314 1123 4368 braantru
1142 4313 1257 4369 interl)
1326 4317 1360 4367 29

185 4407 317 4462 dicensI)
