2834 5394
460 694 534 745 cnr.
556 696 785 744 rxvr-umvrn
1148 686 1207 748 261

74 845 246 930 perlegales
273 846 400 913 litteras
428 846 633 932 imperatoris
662 867 719 914 eos
748 846 791 912 ad
825 848 1011 933 prouincias
1039 850 1212 919 inuitantis

74 954 251 1040 ostenderent
279 963 355 1021 tuno
375 957 431 1022 ille
452 957 577 1041 legatos
600 976 710 1023 eorum
732 957 821 1023 misit
843 959 875 1023 in
899 960 1038 1026 uinculis
1062 960 1212 1044 laetaque

73 1067 264 1148 ammasione
284 1064 377 1151 oum>
396 1067 531 1134 modieis
553 1068 656 1154 oopiis
678 1064 927 1149 (Romanorum)
951 1067 1037 1153 apud
1052 1069 1209 1154 Argento

73 1180 145 1239 nun
158 1174 284 1242 Galliae
296 1176 409 1242 urbem
424 1177 573 1260 ingentes
595 1174 752 1261 <hostium
775 1177 887 1262 eopias
910 1179 1055 1244 extinxit.
1079 1178 1210 1245 stabant

52 1285 150 1350 tremi
167 1285 322 1352 montium
343 1286 477 1369 similes,
506 1286 626 1352 fluebat
648 1306 740 1352 cruor
767 1286 935 1353 fluminum
963 1287 1068 1370 modo,
1095 1296 1211 1373 eaptus

72 1410 112 1458 rer
135 1394 244 1462 nobilis
279 1394 497 1463 Nodomarius
532 1406 564 1464 et
599 1396 787 1464 Constantio
826 1399 962 1479 missus,
999 1399 1063 1463 fusi
1098 1416 1211 1465 ornnes

70 1502 229 1589 optimates‚'
254 1504 401 1573 redditus
427 1506 521 1574 limes
542 1508 709 1573 Romanae
737 1508 964 1590 possessionis.
1009 1527 1047 1573 ae
1069 1515 1209 1593 postmo

70 1607 124 1677 dun
140 1632 204 1679 enm
226 1614 420 1683 Alamannis
442 1616 529 1702 apud
550 1617 699 1684 Rhenum
721 1616 855 1682 fluuium
878 1616 1095 1684 residentibus
1118 1617 1211 1682 dimi-

69 1736 132 1806 tere
156 1725 414 1810 potentissimum
435 1746 546 1791 eorum
568 1746 677 1812 regem
699 1726 929 1792 Badomarium
952 1727 1037 1812 oepit
1058 1728 1212 1810 claraque
1240 1762 1243 1768 ·

34 1828 171 1901 litiatoria
191 1832 362 1903 decoratus
384 1834 460 1901 dum
483 1835 703 1903 mediocritate
732 1837 818 1901 uitae
841 1843 937 1920 atque
960 1836 1210 1902 mansuetudine

68 1939 190 2012 militibus
218 1952 331 2029 gratus
358 1951 454 2026 esset,
491 1946 534 2011 ab
562 1947 610 2013 eis
640 1947 823 2031 appellatur
849 1945 1024 2030 Augustus.
1068 1963 1208 2028 eumque

67 2066 158 2119 eorena
175 2054 305 2122 deesset
319 2055 506 2140 imperialis,
529 2076 613 2124 nnus
628 2058 724 2140 signa
738 2056 935 2142 portantium
950 2062 1094 2139 torquem
1111 2074 1208 2138 quam

68 2156 178 2229 babebat
209 2165 244 2231 in
282 2165 365 2229 eollo
398 2185 529 2232 sumens
555 2165 673 2231 Iuliani
708 2166 806 2251 eapiti
845 2166 1082 2250 circumposuit.
1147 2164 1208 2229 hoe

67 2286 123 2352 ergo
140 2274 228 2340 modo
250 2274 398 2341 lulianus
419 2274 594 2360 imperator
615 2282 666 2343 est
687 2275 801 2342 laetus.

32 2384 56 2434 ¹⁵
128 2382 187 2449 lloe
209 2385 294 2451 laeto
315 2384 398 2450 nihil
419 2384 461 2452 de
476 2384 663 2452 Constantio
686 2387 831 2469 cogitans
853 2385 978 2452 iudiees
1000 2385 1042 2450 ab
1065 2385 1121 2451 illo
1147 2387 1192 2452 la·
1213 2378 1364 2447 XXVHI

67 2492 117 2555 eles
132 2491 302 2562 honoribus
324 2495 485 2561 mulcebat
513 2504 545 2562 et
566 2496 609 2562 ad
629 2495 717 2562 illius
740 2493 896 2561 inuidiam
918 2495 1043 2562 litteras
1066 2497 1206 2581 profere-

67 2593 228 2684 haquinus
251 2603 435 2670 ostenderet
457 2624 528 2669 enm
551 2613 682 2690 propter
704 2605 823 2670 bellurn
854 2612 965 2670 eontra
986 2606 1207 2689 llagnentium

66 2715 161 2788 gaium
181 2714 216 2779 in
238 2716 454 2780 Romanorum
483 2724 586 2781 terras
613 2715 770 2781 barbaros
798 2715 977 2782 induxisse.
1021 2715 1106 2780 huno
1128 2714 1209 2781 Con·

69 2820 176 2891 stantius
199 2843 314 2908 urgere
336 2825 554 2907 legationibus
576 2826 665 2890 utin
689 2832 807 2891 statum
830 2844 1012 2908 nomenque
1035 2825 1206 2908 pristinum

34 2937 224 2998 amoenatur.
270 2933 414 3000 Iulianus
437 2935 600 3003 mandatis
622 2935 822 3001 mollioribus
839 2935 935 3000 refert
950 2955 986 3001 se
1001 2934 1061 3000 sub
1077 2935 1207 3002 nornine

68 3037 124 3106 sebi
148 3043 273 3128 imperii
301 3045 401 3109 multo
430 3044 605 3112 olfieiosius
633 3045 821 3129 pariturum.
867 3045 964 3128 igitur
986 3044 1131 3111 Iulianus
1160 3065 1207 3111 re-

66 3156 137 3228 pente
154 3153 309 3237 religione
332 3160 455 3219 mutata
476 3174 547 3219 eum
577 3155 667 3239 prius
690 3154 896 3221 Christianus
927 3175 1000 3221 esse
1029 3163 1205 3238 putaretur,

67 3264 270 3349 semetipsum
299 3264 480 3348 pontificem
510 3265 699 3329 nominabat
727 3274 758 3331 et
781 3265 916 3331 ueniens
939 3264 981 3329 ad
1004 3265 1124 3349 templa
1146 3266 1207 3331 Pa-

66 3383 191 3446 ganorum
215 3374 418 3440 sacrificabat
440 3375 658 3458 subiectisque
681 3376 762 3440 talia
777 3376 880 3440 eolere
898 3374 1055 3440 suadebat
1070 3385 1102 3440 et
1118 3374 1208 3439 Chri·
1240 3401 1242 3404 ⁴

33 3476 176 3548 astianum
198 3483 362 3568 baptisma
383 3484 550 3551 sacrifieiis
571 3491 603 3550 et
618 3485 885 3567 inuocationibus,
908 3505 989 3569 quas
1005 3485 1207 3570 expiationes

66 3581 158 3670 Pagani
179 3600 304 3674 uocant,
334 3601 366 3659 et
388 3595 546 3678 sanguine
567 3595 821 3661 immolationum
845 3594 996 3661 studebat
1017 3595 1150 3662 abluere
1173 3603 1205 3661 et

114 3793 255 3859 t-aea,25
275 3794 309 3864 <>
327 3793 368 3849 D:
385 3794 588 3849 alamannorum
604 3797 608 3862 l
624 3808 701 3864 eopue
719 3801 837 3849 extincte
854 3795 1000 3850 lunt-Rex
1018 3795 1120 3864 nobrlrll
1131 3797 1210 3851 lrmul

69 3884 137 3945 captur
150 3911 155 3921 ·
167 3886 245 3955 galbe
264 3887 384 3941 reltntute
399 3890 404 3956 Ι
419 3888 502 3940 multu
530 3889 623 3957 postea
650 3904 698 3956 per
724 3888 836 3943 eundem
862 3889 992 3943 lullonum
1008 3895 1011 3954 1
1028 3904 1132 3957 egregia
1156 3890 1207 3944 ad-

70 3970 135 4028 amur
145 3977 275 4034 barbarol
299 3981 373 4048 gelta
397 3980 666 4050 luntllummotrque
692 3981 764 4034 ultra
791 3997 885 4035 renum
910 3982 1020 4035 barban
1042 3981 1205 4051 ‹tl'rnrbull

70 4054 244 4127 tuliremanum
261 4088 402 4141 rmpenum
420 4071 583 4128 restitutum·
610 4075 615 4143 1
630 4074 724 4142 Neque
742 4075 825 4128 multo
843 4076 903 4143 post
920 4091 982 4128 eum
992 4089 1182 4142 gennurncranr
1199 4073 1205 4143 1

69 4160 169 4219 αθιιιῒιιί·
182 4181 199 4220 a
214 4165 356 4235 galliarum
374 4166 490 4237 prelrdro
507 4167 684 4235 tollelrentur·
700 4169 827 4221 contentu
845 4168 957 4221 mrhtum
972 4166 1104 4227 rubanal¹
1120 4167 1210 4221 lactus

70 4241 216 4323 iiittlgultul
241 4260 438 4328 lntenectoque
452 4264 457 4325 l
472 4275 543 4314 enno
566 4259 600 4313 ad
617 4260 768 4330 hylhncum
787 4260 962 4329 optinendum
981 4259 1127 4329 prollectnl
1142 4276 1207 4313 con·

70 4328 137 4399 baum
150 4352 256 4419 perlrml
272 4351 382 4421 preelnl
396 4351 540 4422 oceulpnto
565 4370 610 4422 qur
637 4353 718 4407 rebus
734 4356 846 4422 cognitus
869 4354 905 4408 ad
921 4354 1021 4409 bellum
1039 4354 1125 4420 erur‘ple
1142 4368 1207 4407 eon·

70 4433 133 4490 lelnl
144 4458 168 4497 ιιι
183 4449 280 4499 rtrnere
297 4445 364 4498 obnt
386 4453 471 4499 mter
489 4446 603 4499 arbelam
619 4452 622 4511 ῑ
639 4446 885 4515 coppedecramque
904 4446 931 4500 B
1033 4451 1048 4500 l
1067 4462 1143 4514 copre
1161 4462 1207 4499 ex·

70 4520 174 4587 lump
233 4543 250 4592 e
268 4537 439 4593 nodomarius
455 4537 521 4593 DP:
539 4537 709 4592 Nodomarns
727 4539 784 4593 cod.
805 4538 914 4592 Pitlroei
961 4543 975 4591 i
994 4539 1166 4607 pollellronel
1173 4539 1208 4596 D'

72 4611 212 4683 laudentes
227 4630 255 4685 1)
322 4631 569 4686 9bad0man1isic
587 4630 641 4685 ΒΡ
710 4637 738 4685 lt
758 4635 811 4700 qua
828 4630 910 4687 sicli
972 4637 1001 4687 16
1019 4633 1166 4688 mulerebat
1182 4633 1209 4689 D

76 4708 274 4780 'indamnato
342 4729 374 4778 25
393 4725 561 4794 expiationes
580 4723 725 4780 Pithoeus:
744 4724 924 4792 expedrtrenel
941 4724 992 4780 ΒΡ
1059 4730 1091 4780 to
1110 4743 1207 4784 imme-

70 4793 179 4870 buonpp
227 4818 302 4873 ablur
320 4817 547 4873 abrenuntiant)
