2834 5394
505 689 578 737 cnr.
601 689 845 738 xxxxvm-nu
1205 678 1268 741 419

90 840 259 909 saeuiente
295 858 366 904 cum
395 841 545 908 maximis
572 841 725 926 periculis
760 841 847 926 apud
882 850 1028 909 sanctum
1063 842 1267 910 Autonomou

91 951 237 1018 saluatur
258 949 442 1018 Mauricius.
486 959 579 1017 nocte
602 972 679 1018 uero
702 953 935 1036 superueniunt
955 954 986 1018 ei
1015 951 1112 1018 etiam
1135 953 1267 1036 languo-

90 1081 144 1128 res
166 1061 324 1127 arthritici
355 1081 434 1145 quos
464 1082 616 1126 manuum
645 1061 774 1129 dolores
803 1070 920 1128 uocant
942 1068 974 1128 et
995 1061 1123 1147 pedum.
1168 1084 1265 1146 porro

90 1171 188 1237 mittit
208 1169 427 1238 Theodosium
455 1172 555 1236 lilium
585 1193 677 1237 suum
706 1191 777 1237 cum
800 1171 1010 1239 Constantino
1034 1171 1077 1237 ad
1099 1170 1266 1240 Chosrceu

59 1298 201 1366 erogem
223 1282 393 1348 Persarum
414 1289 449 1346 ut
470 1281 692 1347 recordaretur
713 1301 822 1347 eorum
844 1302 927 1365 quae
950 1282 1012 1349 sibi
1033 1283 1119 1348 facta
1139 1270 1266 1350 fueraut

90 1413 112 1458 a
133 1412 170 1460 se
192 1399 225 1458 et
246 1391 501 1459 uicissitudinem
525 1392 673 1459 beneficii
696 1393 747 1458 sui
772 1392 964 1477 rependeret
984 1393 1061 1459 filio.

177 1501 359 1568 Germanus
382 1509 489 1568 autem
511 1503 608 1568 mittit
635 1503 677 1568 ad
700 1504 847 1587 Sergium
870 1502 1077 1570 demarchum
1111 1503 1267 1572 Prasinae
1290 1504 1334 1570 LI

90 1613 193 1698 partis
222 1619 256 1678 ut
284 1613 493 1679 auxiliaretur
530 1613 592 1679 sibi
627 1615 734 1696 gratia
762 1613 944 1698 imperandi
976 1614 1202 1699 repromittens
1231 1634 1267 1683 se

93 1731 219 1809 partem
246 1723 374 1790 Prasini
410 1723 640 1789 honoraturum
677 1724 848 1808 ipsumque
891 1724 1018 1807 magnis
1054 1724 1266 1806 dignitatibus

45 1846 76 1896 1ο
92 1834 262 1899 elaturum.
305 1841 340 1899 at
362 1853 439 1899 uero
463 1835 596 1917 Sergius
618 1834 679 1899 hoe
701 1834 882 1917 insignibus
905 1833 994 1916 uulgi
1016 1835 1182 1899 confessus
1205 1840 1265 1899 est
1291 1832 1294 1837 ’

91 1944 147 2028 qui
175 1943 305 2010 minime
332 1942 367 2009 id
394 1944 595 2011 admiserunt
622 1945 759 2010 fatentes
788 1964 962 2027 numquam
992 1942 1189 2008 Germanum
1222 1942 1265 2007 ab

89 2073 200 2119 amore
221 2053 414 2120 Venetorum
436 2054 597 2120 recedere.
642 2054 770 2120 Prasini
798 2073 874 2119 uero
902 2061 1057 2146 exeuntes
1086 2053 1119 2118 in
1141 2052 1264 2136 regiam

90 2165 219 2248 magnis
246 2163 396 2231 laudibus
424 2172 596 2250 tyrannum
626 2165 756 2230 Phocau
792 2164 970 2230 efferebant
1003 2170 1036 2229 et
1068 2162 1207 2229 suadent
1234 2163 1265 2229 ei

89 2275 203 2340 uenire
216 2274 249 2338 iu
263 2275 452 2358 Septimum.
482 2274 592 2358 dirigit
614 2276 712 2359 igitur
725 2274 850 2342 Phocas
865 2274 1070 2340 Theodorum
1084 2293 1105 2338 a
1120 2273 1264 2354 secretis,

44 2403 74 2453 15
90 2385 147 2469 qui
174 2385 339 2468 ingressus
367 2405 519 2467 magnam
549 2386 718 2451 eeclesiam
741 2405 848 2450 eoram
871 2386 991 2469 populo
1013 2384 1093 2468 legit
1115 2384 1265 2468 quatinus

90 2502 157 2560 tam
179 2494 365 2580 patriarcha
387 2515 482 2579 quam
505 2503 638 2562 senatus
660 2505 692 2563 et
713 2497 830 2580 uulgus
862 2496 1010 2561 uenirent
1030 2495 1066 2561 iu
1086 2494 1264 2579 Septimum

90 2604 152 2671 hoc
182 2605 291 2686 itaque
323 2606 406 2670 iacto
444 2613 476 2671 et
507 2607 628 2672 eunctis
661 2606 928 2672 conuenientibus
963 2604 1051 2690 apud
1073 2605 1263 2689 Septimum,

89 2715 276 2801 patriarcha
298 2713 454 2800 Cyriacus
483 2736 504 2779 a
531 2723 669 2800 tyranno
698 2715 738 2781 de
769 2715 948 2780 orthodoxa
975 2713 1039 2780 fide
1070 2721 1102 2779 ct
1130 2720 1164 2779 ut
1192 2714 1263 2780 sine

89 2825 328 2912 perturbatione
365 2832 572 2892 conseruaret
608 2826 793 2908 ecelesiam,
837 2825 972 2890 extorsit
1016 2824 1262 2908 professionem.

35 2958 69 3009 20
91 2935 183 3002 uisus
212 2956 288 3001 uero
317 2943 367 3002 est
394 2943 551 3021 tyrannus
580 2934 776 3001 Germanum
807 2933 983 2999 adhortari.
1026 2952 1161 3017 cumque
1185 2930 1263 2997 Ger-

91 3067 206 3112 manus
229 3047 314 3112 nolle
337 3066 372 3112 se
395 3047 562 3112 simularet
583 3053 615 3110 et
646 3046 762 3127 uulgus
791 3052 964 3129 tyrannum
993 3043 1151 3124 laudaret,
1191 3062 1263 3128 pro·

89 3156 256 3222 nuntiatur
284 3158 388 3223 malus
418 3166 449 3222 et
479 3157 628 3222 dominus
657 3163 854 3239 sceptrorum
888 3162 1045 3239 tyrannus
1074 3152 1264 3239 prouehitur

89 3274 122 3333 et
150 3267 317 3351 praeualet
345 3265 502 3333 aduersus
530 3266 715 3331 felicitatem
745 3266 912 3331 calamitas
942 3273 973 3330 et
995 3272 1125 3331 sumunt
1146 3264 1263 3349 prinoi-

89 3384 200 3463 patum
222 3398 343 3460 magna
364 3377 539 3443 infortunia
561 3379 786 3441 Romanorum.
810 3375 1010 3443 denuntiatio
1032 3394 1109 3440 uero
1131 3373 1263 3459 tyranni

39 3507 72 3557 25
88 3488 122 3552 iu
146 3489 266 3573 templo
288 3488 443 3554 Iohannis
467 3488 627 3572 baptistae
650 3486 765 3552 effecta
787 3494 844 3567 est,
882 3486 938 3551 ubi
966 3485 1091 3552 duobus
1119 3491 1262 3551 moratus

89 3597 203 3664 diebus
233 3598 329 3662 tertia
358 3597 410 3663 die
439 3598 583 3663 introiuit
612 3597 749 3680 regalia,
788 3617 886 3681 super
913 3596 1113 3681 imperialem
1143 3593 1261 3662 sedens

84 3726 259 3773 carrucam.

174 3819 271 3882 Porro
295 3819 407 3901 quinta
428 3818 481 3883 die
503 3819 672 3882 Leontiam
695 3836 827 3882 uxorem
850 3837 941 3884 suam
964 3815 1130 3881 coronauit
1151 3815 1258 3898 Augu·
1279 3817 1339 3882 LII

87 3935 180 3993 stam.
218 3928 279 3993 hac
302 3929 399 4012 igitur
421 3928 474 3994 die
497 3929 729 3992 tumultuantur
750 3933 860 4011 partes
881 3925 925 3991 ad
947 3927 980 3990 in
1003 3927 1107 3990 uicem
1129 3930 1261 4009 proptor

38 4061 70 4109 ao
88 4038 245 4106 stationes
279 4040 430 4104 locorum.
490 4045 647 4122 tyrannus
681 4057 759 4103 uero
791 4034 1011 4100 Alexandrum
1043 4033 1260 4100 conrebellem

90 4168 183 4213 suum
212 4150 300 4216 misit
330 4155 438 4234 partes
469 4167 684 4232 compescere.
729 4146 914 4212 Alexander
945 4164 1023 4211 uero
1058 4144 1092 4209 in
1121 4143 1261 4210 Cosmau

154 4456 301 4507 3artr1trcr
319 4451 345 4505 Ι)
448 4449 629 4506 lehoiroben
647 4450 674 4504 1)
776 4448 993 4504 'tdrmarchuD
1079 4444 1261 4501 bulanu-o

89 4550 117 4598 11
138 4545 326 4600 amrieruutD
376 4545 518 4613 germauui
534 4546 559 4596 1)
630 4547 660 4597 12
679 4543 815 4599 recederet
833 4543 859 4597 Ι)
917 4519 1035 4611 reguiI)
1105 4545 1135 4594 11
1154 4524 1218 4593 duit
1233 4538 1261 4593 D

87 4642 116 4692 tt
136 4639 208 4707 apud
227 4641 307 4693 semet
332 4626 439 4707 rpidll
544 4642 574 4692 18
593 4642 700 4691 tiranno
718 4635 746 4690 b
821 4635 979 4691 orthoan
1085 4638 1118 4688 20
1135 4630 1267 4703 tyrannos

84 4730 111 4786 Ι)
163 4737 195 4786 25
215 4730 432 4802 duobulom.D
535 4728 740 4786 26mtrou1t1)
844 4732 876 4782 28
895 4733 989 4798 qumto
1006 4727 1033 4783 D
1119 4731 1260 4782 1011111-

84 4825 197 4882 hellel)

1002 4925 1061 4978 Ἠ*
