2834 5394
189 242 251 304 560
672 249 765 298 nram
786 249 889 297 xxrm

187 406 236 491 pit
257 426 278 470 a
300 405 454 489 Bulgaria
475 403 517 468 ab
540 403 672 468 occultis
694 402 808 468 amicis
830 401 909 483 suis,
940 399 1027 486 quod
1047 402 1199 468 mitteret
1221 401 1369 470 dominus

189 516 360 600 Bulgariae
384 514 552 580 duodecim
574 512 664 578 milia
686 532 727 578 ex
749 513 867 598 populo
890 520 923 578 et
936 512 1108 578 Boiladem
1130 512 1181 579 ad
1205 515 1371 600 captiuan·

186 625 262 692 dam
283 627 457 691 Bernitism
481 631 513 690 et
534 622 759 689 adducendum
788 642 844 689 eos
866 623 900 689 in
922 623 1122 707 Bulgariam.
1172 625 1237 708 qui
1266 645 1311 692 ne
1332 627 1374 691 in·

188 743 368 803 notesceret
390 734 475 818 quod
504 740 615 799 eontra
636 733 793 816 Bulgsres
822 740 1063 799 moueretur-
1089 742 1266 799 uenerant
1293 736 1374 801 enin

186 845 229 911 ad
257 866 330 912 eum
359 845 457 929 legati
486 843 607 909 domini
633 843 807 927 Bulgariac
828 863 964 908 —cum
993 841 1102 907 adhuc
1133 843 1173 908 hi
1207 853 1326 912 essent
1345 847 1401 912 inl

186 956 265 1020 urbe
296 956 460 1022 simulauit
488 974 524 1021 se
552 954 710 1020 aduersus
731 953 857 1019 Arabes
886 972 1024 1018 mouere.
1068 960 1102 1018 et
1124 959 1379 1022 transmearunt

186 1073 251 1130 tam
275 1066 397 1130 uexilla
419 1085 514 1149 quarn
537 1065 754 1149 supellectiles
776 1063 947 1130 ministerii
968 1064 1048 1146 regii
1071 1073 1282 1149 apparatus.
1310 1087 1380 1132 cum

186 1182 294 1240 autem
317 1175 531 1259 apocrisarios
555 1173 740 1256 dimisisset,
763 1193 822 1259 per
837 1176 1055 1258 exploratores
1070 1183 1254 1259 comperto
1268 1196 1379 1243 eorum

186 1304 330 1368 egressu,
353 1291 520 1370 assumpto
543 1285 685 1350 exercitu
708 1284 844 1350 festinus
866 1284 927 1349 iter
948 1285 1083 1368 arripuit
1106 1292 1140 1348 et
1163 1290 1380 1355 coaceruabo

186 1393 363 1461 thematum
386 1395 506 1461 taxatis
529 1393 813 1459 ctTh1·acesianis
836 1400 869 1458 et
891 1394 988 1461 unitis
1010 1392 1185 1461 ordinibus
1211 1397 1415 1482 optimatis

187 1506 247 1571 bus
269 1507 345 1572 feeit
366 1525 422 1572 ecs
447 1504 611 1588 octoginta
634 1504 734 1569 milia.
779 1509 811 1567 et
832 1521 971 1589 pergens
993 1504 1026 1568 in
1048 1504 1166 1584 locum,
1212 1507 1278 1590 qui
1301 1508 1379 1573 diei-

185 1623 237 1681 tur
259 1616 452 1694 Lithosoria‚
482 1615 602 1681 nullius
626 1613 723 1679 tubae
745 1613 897 1695 clangore
920 1621 1055 1680 sonante
1076 1613 1258 1681 irruerunt
1281 1636 1380 1703 snper

187 1726 260 1793 illos
283 1733 314 1792 et
336 1732 466 1791 uertens
489 1745 544 1790 cos
567 1725 641 1788 lecit
662 1724 829 1789 uictoriam
852 1744 1003 1806 magnam
1026 1730 1153 1789 etcum
1177 1728 1304 1794 multis
1327 1748 1380 1795 ex-

187 1835 284 1909 uuiis¹
306 1841 338 1901 et
367 1834 504 1919 captiuis
535 1853 685 1899 reuersus
715 1839 764 1899 est
797 1833 993 1917 triumphurn
1024 1835 1074 1899 sui
1101 1836 1241 1918 tropaei
1272 1858 1378 1922 penes

186 1943 298 2008 urbem
327 1951 495 2009 ostentans
524 1949 557 2008 et
584 1942 749 2026 obsequiis
778 1943 977 2028 constipatus
999 1943 1154 2010 incedens
1177 1944 1379 2034 bellumque
1394 1959 1416 2007 rs

187 2052 247 2116 hoc
269 2052 378 2117 nobile
400 2071 591 2134 nuncupans
614 2071 651 2116 eo
675 2050 759 2134 quod
782 2071 876 2117 nemo
899 2053 962 2119 sibi
984 2053 1137 2119 restiterit
1159 2075 1227 2121 nee
1254 2067 1377 2126 macta·

186 2162 230 2227 tio
253 2162 287 2227 in
310 2162 370 2226 hoc
393 2169 449 2225 aut
469 2160 583 2226 effusio
607 2159 784 2227 Christiani
805 2162 891 2226 sacta
913 2163 1006 2227 luerit
1024 2163 1214 2245 sanguinis.

79 2271 168 2338 LVII
274 2274 369 2338 Anno
402 2271 529 2356 imperii
563 2270 612 2337 sui
641 2271 802 2337 tricesimo
832 2279 944 2356 quarto
967 2272 1201 2340 Constantinus
1235 2279 1375 2346 soluens

185 2384 360 2467 Bulgarum
385 2401 497 2466 pacem
522 2384 698 2447 construxit
720 2381 835 2447 iterum
858 2383 973 2448 stolum
995 2383 1128 2446 multum
1152 2389 1185 2448 et
1201 2384 1376 2456 intromis-

186 2494 232 2560 sis
261 2493 295 2559 in
324 2514 395 2559 eum
425 2493 568 2576 equitum
597 2489 765 2555 duodecim
794 2491 925 2555 milibus
949 2491 1065 2557 direxit
1085 2499 1263 2577 praetores
1288 2499 1373 2566 clas·
1388 2509 1415 2558 ao

186 2604 268 2669 sium
291 2623 403 2668 omnes
426 2603 459 2666 in
482 2603 547 2683 illo,
572 2602 642 2685 ipse
665 2621 742 2665 uero
763 2600 880 2666 timens
902 2602 1021 2667 mansit
1043 2620 1113 2665 eum
1136 2608 1291 2687 equestri
1313 2610 1372 2673 mi-

185 2712 265 2776 litia.
310 2731 381 2775 cum
404 2719 510 2776 autem
534 2731 636 2794 usque
651 2710 878 2776 Mesembriam
896 2712 1063 2777 uenissent
1076 2719 1108 2776 ct
1122 2711 1209 2777 banc
1226 2715 1370 2784 luissent

185 2820 337 2904 ingressi,
361 2823 509 2886 ualenter
522 2821 684 2905 Aquilone
705 2827 801 2885 uento
818 2822 962 2905 spirante
977 2821 1087 2885 omnia
1101 2840 1207 2906 paene
1224 2828 1369 2892 contrita

142 2949 145 2955 ·
185 2939 260 2998 sunt
289 2939 320 2996 et
349 2932 440 2995 multi
468 2931 633 3015 perierunt
661 2936 693 2995 et
719 2929 814 2995 rediit
842 2950 913 2995 oum
942 2931 987 2996 nil
1009 2932 1157 2996 utilitatis
1186 2936 1367 3003 attulisset.

185 3062 279 3127 porro
301 3041 480 3123 Telcrygus
504 3039 652 3105 dominus
674 3039 849 3123 Bulgariae
871 3047 1031 3126 comperto
1055 3041 1140 3124 quod
1162 3061 1222 3123 per
1247 3045 1365 3111 famili·
1380 3050 1404 3099 ὅ

185 3169 258 3215 ares
281 3170 357 3215 suos
380 3149 516 3213 consilia
538 3169 598 3214 sna
619 3157 827 3231 cognosceret
849 3150 960 3215 scribit
982 3151 1012 3214 ei
1034 3150 1145 3216 dicens
1168 3149 1302 3219 ‘uellem
1320 3157 1365 3221 ef-

185 3261 295 3342 fugere
319 3266 350 3322 et
372 3258 483 3322 uenire
505 3257 547 3322 ad
570 3265 619 3337 tc,
642 3259 823 3324 transmitte
845 3279 921 3342 ergo
944 3261 1023 3324 mibi
1045 3260 1178 3325 uerbum
1203 3267 1363 3330 securita-

184 3370 226 3437 tis
248 3375 280 3434 et
302 3388 382 3450 quos
405 3367 528 3433 babeas
552 3368 605 3432 hic
628 3368 758 3450 amicos,
796 3374 831 3433 ut
857 3367 918 3433 hoc
946 3371 993 3436 eis
1021 3370 1150 3436 credam
1180 3378 1212 3434 et
1235 3394 1362 3440 mecum

186 3481 369 3547 occurrant?
414 3485 447 3543 at
469 3479 524 3544 ille
547 3478 679 3542 leuitate
702 3499 779 3544 usus
802 3479 931 3563 scripsit
953 3481 992 3544 ei.
1037 3480 1183 3564 quicum
1207 3480 1293 3547 haee
1316 3485 1363 3549 di·

184 3592 318 3659 dicisset
346 3610 404 3675 per
434 3589 574 3654 medium
603 3608 714 3653 omncs
744 3588 866 3656 recidit.
910 3589 995 3673 quod
1017 3590 1153 3654 audiens
1176 3588 1360 3660 Oonstmti-
1377 3600 1402 3649 3⁰

184 3723 247 3768 nus
269 3701 467 3784 aliquamdiu
490 3719 589 3765 canos
612 3718 688 3764 suos
711 3698 836 3764 euulsit.

52 3798 163 3880 'Lv111
271 3811 364 3875 Anno
387 3810 513 3894 imperii
537 3810 586 3875 sui
609 3808 770 3873 tricesimo
791 3809 902 3892 quinto
923 3809 1098 3895 imperator
1119 3828 1230 3875 mense
1253 3813 1362 3898 Augu·

258 4186 445 4254 luulgarraI)
497 4190 650 4242 2et5et25
670 4186 826 4255 uulganel)
878 4185 1096 4253 3uulganamD
1158 4190 1365 4257 liupellectrhl

184 4278 210 4331 I)
253 4282 367 4347 Scopto
385 4278 411 4332 Ι)
465 4284 494 4332 ll
512 4279 705 4348 trrumphuill
755 4287 851 4349 tropea
868 4279 894 4333 b
947 4285 978 4332 16
995 4278 1091 4332 hacD
1145 4285 1176 4335 19
1194 4264 1308 4350 uulgarr'r
1337 4289 1363 4342 1)

184 4374 216 4422 23
235 4370 368 4438 aquil0D
419 4386 504 4439 poene
522 4373 548 4426 l)
616 4377 646 4425 25
665 4372 839 4443 telerygulD
889 4387 937 4440 per
953 4387 1004 4425 om.
1023 4371 1054 4438 Ι)Ι
