3266 5082
285 329 345 392 186
773 343 870 390 sinin
891 343 954 390 vin

227 496 261 562 ΙΙ
366 495 468 578 Igitur
491 493 669 579 Claudius>
696 493 802 560 medie
830 495 1002 579 imperauit
1024 495 1124 558 multa
1144 512 1262 577 gerens
1284 491 1457 577 tranquille

280 611 377 690 atque
399 603 574 688 moderate,
598 603 759 689 quaedam
782 604 954 671 crudeliter
976 612 1008 670 et
1029 603 1161 670 insulse.
1191 599 1300 685 (idem
1322 602 1457 687 triginta

281 717 422 800 quinque
444 721 611 782 senatores
633 722 666 782 et
686 721 846 781 trecentos
869 716 963 782 simul
987 715 1113 799 equites
1128 715 1290 779 Romanos
1312 713 1455 779 minimis

281 825 388 891 causis
410 823 597 909 interfecit.)
631 825 810 892 Brittannis
832 825 940 892 intulit
961 825 1090 906 bellum,
1113 823 1199 906 quod
1221 823 1329 890 nullus
1342 825 1456 888 Roma·

281 955 393 1001 norum
423 942 497 1020 post
530 934 648 1000 Gaium
685 935 859 1002 Gaesarem
887 936 1056 1018 attigerat,
1094 952 1197 1018 eaque
1234 932 1362 999 deuicta
1397 945 1490 1018 perc

281 1045 430 1112 Gnaeum
453 1045 599 1111 Sentium
621 1051 653 1112 et
673 1046 791 1112 Aulum
808 1046 967 1112 Plautium
991 1045 1143 1112 inlustres
1166 1050 1199 1110 et
1219 1043 1345 1109 nobiles
1367 1043 1455 1108 uiros

279 1155 476 1240 triumphum
498 1155 655 1221 celebrem
678 1157 752 1240 egit.
798 1155 955 1242 quasdam
988 1156 1114 1222 insulas
1142 1155 1239 1220 etiam
1269 1153 1353 1220 ultra
1374 1151 1456 1217 Brit

280 1265 411 1332 tannias
433 1265 467 1330 in
489 1285 610 1331 oceano
632 1267 755 1351 positas
775 1267 910 1352 imperio
923 1268 1068 1334 Romano
1082 1263 1217 1342 addidit,
1241 1283 1325 1348 quae
1346 1263 1457 1348 appel-

280 1377 389 1441 lantur
410 1374 563 1443 Orcades.
607 1377 674 1442 filio
702 1383 807 1442 autem
836 1397 894 1444 suo
927 1376 1118 1442 Brittannici
1147 1393 1263 1441 nomen
1292 1374 1455 1459 imposuit.

280 1493 347 1552 tam
369 1485 474 1553 ciuilis
496 1493 603 1553 autem
625 1488 710 1552 circa
731 1487 888 1572 quosdam
912 1487 1032 1553 amieos
1055 1485 1159 1552 extitit
1186 1491 1221 1550 ut
1242 1484 1340 1551 etiam
1361 1484 1456 1548 Plau·
1475 1495 1507 1546 io

281 1597 360 1661 tium
375 1597 516 1663 nobilem
532 1597 637 1662 uirum
659 1598 715 1682 qui
729 1597 934 1683 expeditione
949 1597 1151 1662 Brittannica
1169 1597 1270 1660 multa
1290 1591 1454 1678 (egregie)

278 1707 408 1790 fecerat,
431 1707 681 1792 triumphantem
705 1707 776 1792 ipse
797 1715 1046 1792 prosequeretur
1067 1713 1099 1772 et
1120 1704 1348 1772 conscendenti
1361 1703 1456 1789 Capi·

278 1818 392 1883 tolium
413 1819 528 1884 laeuus
550 1816 724 1884 incederet.
767 1815 886 1901 <buius
908 1839 989 1883 uxor
1010 1817 1186 1884 Messalina
1206 1817 1310 1900 primo
1331 1815 1456 1900 passim

279 1927 375 2012 quasi
397 1927 467 1993 iure
489 1925 645 1994 adulteris
667 1928 832 2012 utebatur,
862 1947 903 1994 eii
924 1947 987 2010 quo
1009 1929 1093 1993 lacto
1115 1928 1225 2012 plnres
1248 1932 1333 1992 metu
1356 1925 1455 1992 absti-

280 2041 395 2102 nentes
418 2036 550 2101 extincti
573 2044 656 2104 sunt.
700 2037 818 2105 debinc
839 2039 979 2105 atrocius
1002 2057 1140 2105 accensa
1161 2037 1337 2104 nobiliores
1360 2055 1454 2122 quas·
1474 2047 1504 2097 ie

280 2165 344 2231 que
381 2153 498 2231 nuptas
536 2154 569 2212 et
596 2147 739 2232 uirgines
769 2155 945 2215 scortorum
974 2148 1068 2214 inodo
1098 2168 1206 2215 secum
1240 2154 1456 2232 proposuerat

278 2256 446 2341 coactique
467 2277 575 2325 mares
596 2265 631 2324 ut
652 2258 815 2326 adessent.
859 2258 945 2343 qnod
967 2259 1070 2343 siquis
1091 2259 1171 2324 talia
1191 2257 1374 2338 horruerat,
1409 2259 1455 2323 al-

280 2367 366 2433 flicto
395 2367 529 2434 crimine
564 2369 598 2434 in
635 2368 741 2454 ipsum
771 2389 963 2454 omnemque
990 2370 1146 2434 lamiliam
1176 2367 1382 2434 saeuiebatur
1420 2373 1454 2432 ut

280 2478 386 2562 magis
423 2478 587 2545 uideretur
618 2499 677 2546 suo
704 2481 865 2565 imperare
897 2480 968 2545 uiro
1001 2499 1098 2563 quani
1134 2478 1321 2563 imperatori
1353 2483 1455 2562 nupta

277 2609 363 2656 esse.
400 2589 446 2656 ita
467 2589 574 2656 liberti
596 2590 667 2657 eius
688 2597 879 2675 potestatem
902 2611 1060 2656 sumniam
1082 2589 1192 2675 adepti
1215 2587 1335 2672 stupris
1355 2587 1454 2653 exilio
1471 2607 1504 2658 ao

277 2698 379 2764 caede
413 2701 702 2786 proscriptionibus
738 2701 848 2767 omnia
874 2699 1058 2766 foedabant.
1102 2719 1143 2765 ex
1175 2699 1292 2783 quibus
1313 2697 1454 2764 Felicem

279 2809 462 2894 legionibus
483 2810 626 2876 Iudaeae
658 2810 822 2895 praefecit.
866 2808 1040 2877 Posidonio
1070 2809 1218 2875 eunucho
1245 2814 1319 2894 post
1345 2808 1454 2874 trium·

278 2919 378 3004 phuni
400 2920 634 2986 Brittannicum
662 2921 746 2986 inter
773 2921 960 2987 militarium
983 2921 1177 2988 fortissimos
1199 2939 1290 2985 arma
1311 2919 1454 3003 insignia

277 3039 442 3114 tamquam
464 3031 615 3118 participi
637 3032 792 3096 uictoriae
813 3031 898 3097 dono
921 3030 1019 3098 dedit.
1063 3030 1233 3116 Polybium
1261 3029 1346 3095 inter
1378 3047 1453 3094 cori·

279 3141 368 3207 sules
389 3139 530 3206 medium
553 3140 700 3206 incedere
721 3142 805 3207 fecit.
842 3141 902 3207 hos
924 3161 1036 3208 omnes
1055 3141 1199 3207 anteibat
1212 3119 1387 3206 Narcissus
1409 3138 1451 3204 ab
1468 3159 1499 3210 15

278 3249 427 3335 epistulis
449 3249 613 3316 dominum
639 3271 676 3318 se
703 3271 821 3335 gerens
852 3251 956 3337 ipsius
978 3250 1100 3316 domini
1122 3252 1297 3334 Pallasque
1326 3254 1452 3334 praeto-

279 3360 337 3426 riis
364 3360 561 3428 ornamentis
591 3361 799 3428 sublimatus:
836 3361 919 3428 adeo
948 3361 1067 3429 diuites
1094 3368 1129 3426 ut
1156 3367 1311 3428 causante
1339 3379 1377 3426 eo
1406 3360 1453 3424 in·

278 3471 388 3555 opiam
410 3470 480 3538 fisci
501 3470 703 3557 lepidissime
724 3474 848 3540 famoso
871 3473 976 3557 elogio
1004 3473 1170 3555 uulgatum
1192 3471 1234 3537 sit
1262 3468 1392 3535 abunde
1421 3469 1452 3535 ei

278 3581 450 3666 pecuniam
478 3582 545 3648 lore
575 3582 604 3650 si
627 3603 647 3648 a
668 3583 794 3650 duobus
816 3584 940 3650 libertis
969 3585 1003 3648 in
1032 3583 1217 3650 societatem
1245 3581 1451 3664 reciperetur.

346 3925 363 3974 4
380 3919 505 3974 brittanis
521 3918 575 3974 DB
643 3918 715 3989 quod
740 3917 884 3976 Pithoeus:
910 3935 963 3990 quc
988 3919 1042 3976 ΒΡ
1057 3927 1082 3974 et
1100 3935 1171 3975 coia.
1188 3937 1206 3974 α
1224 3935 1295 3972 maia.
1315 3923 1330 3972 2
1348 3923 1380 3972 ut
1396 3917 1451 3972 iiiit.

277 4013 308 4066 tri
326 4013 393 4080 quol
409 4011 436 4067 B
539 4018 657 4082 beamq.
676 4013 730 4068 DB
832 4019 961 4083 eguerim
981 4013 1008 4068 B
1075 4011 1240 4084 plautumll
1295 4011 1410 4066 illultrel
1425 4011 1453 4066 B

279 4105 463 4160 tcelebreD
514 4105 657 4160 brittanias
672 4106 726 4161 ΗΒ
794 4107 1030 4162 9brittanioiDB
1091 4113 1122 4160 io
1140 4105 1305 4176 plautan
1360 4109 1387 4158 11
1408 4120 1453 4159 eir-

278 4203 406 4266 petitione
424 4199 452 4253 B
503 4199 649 4253 brittonica
666 4198 721 4255 DB
772 4201 899 4269 egeratB
971 4203 1000 4253 ia
1019 4199 1208 4255 consedentiB
1268 4203 1298 4253 13
1317 4197 1404 4254 leuinl
1419 4197 1453 4252 ir

282 4295 313 4345 16
330 4291 475 4360 uirgierD
586 4297 615 4347 io
639 4309 689 4348 suo
711 4294 844 4362 imperare
866 4293 925 4348 uiro
948 4294 1061 4365 scri'psi':
1084 4293 1294 4363 subimperatore
1319 4307 1377 4347 uiro
1401 4289 1455 4347 ΒΡ

287 4381 391 4450 Victor,
418 4387 478 4455 ipsa
495 4386 626 4454 imperare
643 4386 702 4442 uiro
721 4385 852 4441 Pi'tliociis
953 4391 983 4441 11
1003 4387 1176 4442 sedabantl)
1278 4389 1311 4440 2³
1329 4387 1453 4441 brittani·

278 4476 385 4533 cumD
457 4482 489 4532 11
507 4479 683 4536 Polibiumll
752 4483 785 4534 ie
803 4479 961 4550 epiltole
1029 4479 1216 4550 palamqueP
