2834 5394
537 748 609 795 car.
634 747 813 797 xv-xvnn
1200 733 1260 795 537

89 902 184 968 domo
213 900 372 981 deserere,
409 921 504 985 porro
532 899 615 966 alios
644 903 824 966 uulnerare.
868 898 1001 982 contigit
1022 906 1128 964 autem
1152 907 1187 963 ut
1209 917 1260 964 eo

90 1034 159 1076 rum
182 1030 265 1095 quae
287 1008 374 1075 dicta
396 1010 533 1076 suntab
556 1010 603 1075 eis
625 1011 767 1096 plurima
789 1012 843 1090 [ut]
867 1008 1015 1075 uiderent
1037 1010 1117 1075 ficri.

173 1122 347 1187 Praeterea
367 1121 493 1186 uernali
508 1127 650 1204 tempore
666 1122 789 1206 primae
804 1119 989 1186 indictionis
1006 1121 1109 1203 magis
1125 1128 1261 1188 extensa
1282 1114 1398 1182 XVIII

93 1239 152 1314 est,
179 1233 304 1299 aestiuo
327 1239 433 1296 autem
456 1251 589 1316 prorsus
605 1230 747 1297 incendit
774 1231 821 1295 ita
842 1237 877 1296 ut
899 1231 1044 1313 integrae
1066 1251 1194 1315 quoquc
1209 1230 1263 1297 do·

58 1354 162 1408 arnus
195 1343 324 1426 penitus
353 1341 578 1407 clauderentur
610 1360 671 1407 nec
704 1348 812 1407 essent
843 1341 899 1425 qui
931 1341 1087 1407 deberent
1120 1349 1261 1409 mortuos

91 1453 240 1536 sepelire.
285 1472 326 1517 ex
347 1452 542 1517 necessitate
565 1452 674 1535 itaque
696 1453 797 1516 multa
819 1451 1037 1533 excogitatum
1059 1458 1109 1519 est
1131 1471 1194 1534 quo
1210 1474 1261 1519 su-

89 1582 147 1647 per
175 1561 331 1627 animalia
358 1562 488 1627 tabulae
520 1568 738 1628 sternerentur
774 1567 806 1626 et
833 1561 879 1626 ita
908 1581 1004 1646 super
1030 1560 1091 1628 bas
1119 1561 1262 1648 impositi

89 1673 205 1737 mortui
228 1672 439 1739 deferrentur.
484 1672 557 1757 pari
578 1671 674 1736 modo
697 1678 729 1737 et
750 1672 783 1736 in
805 1672 960 1757 plaustris
976 1672 1033 1737 alii
1048 1673 1261 1758 suprapositi

89 1782 348 1868 asportabantur.
393 1802 464 1848 cum
487 1790 594 1849 autem
617 1784 741 1868 repleta
762 1783 899 1849 fuissent
920 1786 1076 1849 uniuersa
1096 1789 1161 1847 tarn
1177 1783 1262 1850 scili·
1319 1855 1322 1862 ¹

44 1900 139 1959 meet
161 1893 287 1957 urbana
314 1913 410 1975 quam
434 1893 620 1960 suburbana
641 1900 858 1974 monumenta,
887 1899 918 1957 et
945 1893 1106 1959 cisternae
1134 1913 1261 1977 quoque

90 2005 160 2069 siue
183 2023 269 2084 aqua
290 2010 322 2069 ct
343 2004 433 2069 lacus
456 2013 488 2069 et
516 2004 674 2088 plurimae
702 2004 819 2069 uineae
848 2022 909 2068 nce
936 2023 1002 2068 non
1031 2010 1063 2069 et
1091 2002 1260 2069 interiores

89 2113 173 2178 horti
196 2114 249 2197 qui
272 2112 358 2178 intra
379 2121 505 2179 ueteres
527 2134 635 2179 muros
658 2120 760 2194 erant,
793 2112 837 2178 ad
858 2113 955 2180 huius
977 2112 1064 2178 modi
1087 2133 1259 2198 capesseu-

89 2224 163 2288 dam
187 2225 385 2309 sepulturam
407 2224 515 2291 effossi
539 2232 614 2290 suut
635 2230 667 2289 et
689 2223 734 2288 ita
757 2224 813 2289 uix
837 2225 946 2289 omnia
967 2223 1049 2289 baec
1071 2222 1114 2289 ad
1136 2230 1259 2288 tantam

89 2335 314 2400 necessitatem
338 2334 484 2400 sulficere
507 2336 687 2400 uoluerunt.
732 2335 819 2400 omni
841 2341 947 2400 autem
970 2333 1065 2399 domo
1095 2333 1153 2399 tali
1175 2335 1261 2398 cala-

43 2453 72 2501 15
90 2445 200 2509 mitate
222 2430 371 2527 corrupta
393 2451 524 2529 propter
545 2445 779 2530 depositionem
802 2464 884 2527 quae
906 2445 1006 2530 impie
1034 2443 1119 2509 iacta
1147 2450 1197 2510 est
1218 2443 1260 2508 ab

89 2554 323 2639 imperantibus
346 2555 379 2618 in
401 2574 511 2620 sacras
535 2555 703 2638 imagines,
734 2556 901 2622 confestim
924 2555 1075 2620 nimirum
1097 2555 1261 2639 Agarenc-

88 2686 158 2728 rum
181 2665 295 2730 classis
318 2665 359 2729 ab
382 2663 583 2730 Alexandria
605 2666 694 2730 uenit
715 2665 748 2729 iu
771 2665 924 2751 Cyprum,
961 2664 1016 2729 ubi
1046 2672 1117 2730 erat
1147 2672 1179 2730 et
1200 2665 1261 2729 Rc·

89 2775 211 2839 ruaicus
234 2774 344 2839 stolus.
388 2780 423 2838 at
455 2794 532 2838 uero
561 2783 690 2857 praetor
711 2774 945 2839 cibioretarum
978 2776 1105 2840 irruens
1137 2773 1171 2837 in
1204 2794 1260 2839 eos

90 2883 242 2965 extimplo
270 2884 303 2947 in
333 2889 427 2965 portu
449 2883 605 2948 Ceramea
636 2892 668 2949 et
697 2891 822 2948 retenta
843 2892 955 2968 portus
985 2883 1076 2948 fauce
1108 2901 1178 2946 cum
1211 2901 1261 2948 es·

41 3006 72 3055 au
90 2998 161 3058 seut
184 2992 316 3072 triginta
337 2992 507 3058 dromones
530 2999 594 3059 tros
617 2994 703 3059 solos
727 2993 899 3058 exsiluisse
922 2992 1070 3058 fatentur.

173 3102 267 3166 Auno
289 3121 366 3167 uero
389 3103 516 3187 imperii
532 3102 735 3168 Constantini
758 3102 893 3186 septimo
909 3101 1065 3168 occiditur
1080 3100 1256 3184 Gregorius
1277 3094 1411 3165 XVIIII

88 3212 130 3277 ab
152 3212 395 3279 Aruritensibus
417 3219 450 3279 et
471 3213 548 3277 uicit
573 3212 753 3294 llarhuam,
774 3219 810 3277 ut
831 3212 977 3296 praetuli.
1022 3233 1107 3277 auno
1130 3210 1257 3296 imperii

88 3322 291 3389 Constantini
314 3329 427 3387 octauo
451 3330 555 3389 motus
577 3329 627 3389 est
649 3324 682 3388 iu
706 3323 920 3390 exterioribus
949 3323 1082 3389 orientis
1113 3321 1259 3406 partibus

87 3433 231 3499 Persidis
254 3434 401 3517 populus,
425 3433 479 3516 qui
502 3432 652 3499 dicuntur
674 3432 907 3501 Chorosanitae
922 3432 1128 3518 blauropbori
1150 3438 1262 3496 contra

40 3558 71 3608 25
89 3544 255 3609 llarhuam
279 3552 311 3608 ct
332 3562 458 3608 ornnem
482 3544 706 3627 cognationem
734 3545 813 3626 eius,
843 3544 898 3628 qui
925 3542 1099 3629 principati
1121 3549 1195 3608 suut
1217 3541 1260 3606 ab

89 3654 160 3737 ipso
182 3653 389 3718 Mubammad
418 3652 701 3738 pseudopropheta
728 3674 829 3738 usque
860 3652 903 3719 ad
931 3653 1068 3720 eundem
1090 3652 1259 3718 llarbuam

89 3762 122 3827 id
151 3771 201 3828 est
236 3771 349 3828 contra
381 3783 437 3830 cos
474 3763 529 3847 qui
558 3763 706 3830 dicuutur
735 3765 792 3830 filii
825 3764 944 3829 Maiha.
989 3762 1041 3830 his
1070 3764 1156 3828 euim
1186 3769 1260 3848 post

89 3874 368 3957 interemptionem
410 3872 507 3938 Gizid
553 3872 791 3941 debellantibus
828 3880 860 3938 ct
896 3874 1189 3956 constringentibus
1226 3873 1260 3937 in

90 3984 193 4048 uicem
215 3983 249 4048 hi
272 3984 327 4067 qui
350 3983 539 4048 dicebantur
561 3983 619 4048 lilii
640 3985 771 4050 Hiszcm
800 3992 832 4050 et
853 3983 962 4048 Halim
989 3983 1118 4066 cognati
1140 3989 1173 4048 et
1193 3981 1258 4066 ipsi

41 4104 71 4154 so
88 4092 389 4179 pseudoprophetae
422 4092 480 4158 sed
513 4093 693 4159 absconditi
725 4102 822 4177 atque
855 4093 986 4176 fugaces
1019 4093 1196 4159 existentes
1226 4091 1260 4157 in

88 4205 205 4269 minori
220 4204 342 4268 Arabia
364 4204 550 4287 congregati
573 4212 702 4271 tenente
724 4205 758 4270 in
780 4205 827 4270 eis
842 4203 1015 4288 primatum
1030 4202 1150 4267 lbraim
1172 4202 1259 4269 tilius

156 4515 267 4584 tprorl
283 4513 322 4568 θ’
426 4492 597 4568 texcortatd
616 4513 655 4568 b*
759 4512 991 4568 Sdelerenturl)
1096 4519 1124 4567 12
1151 4519 1203 4568 orti
1232 4513 1257 4568 D

93 4613 122 4661 lt
139 4609 282 4662 uoluerunt
302 4607 333 4661 θ’
424 4613 453 4662 16
472 4608 561 4661 lucrat
580 4609 608 4661 in
624 4623 679 4661 rus.
698 4606 770 4661 tal)
859 4611 887 4660 ll
914 4607 1003 4661 claiirl
1025 4624 1075 4660 om.
1104 4608 1137 4662 θ’
1228 4611 1257 4660 18

88 4679 258 4770 cybioretord
284 4702 310 4758 I)
409 4705 437 4754 19
457 4681 556 4768 extr'plo
584 4700 668 4755 sicli
758 4704 790 4752 20
818 4699 975 4755 exilulseI)
1060 4706 1092 4754 '22
1122 4704 1259 4755 anruten·

88 4795 134 4862 srb;
162 4800 189 4848 et
219 4802 300 4848 eurcrt
332 4795 463 4850 marhuan
491 4794 517 4849 1)
628 4797 659 4846 25
695 4792 826 4847 marhuan
860 4792 886 4847 b
1003 4797 1035 4846 29
1071 4777 1142 4849 hrice'
1168 4794 1208 4848 sic
1235 4792 1260 4848 Ι)

87 4896 116 4944 31
153 4868 312 4943 librani-1>
