2834 5394
538 693 611 740 CAP.
635 693 721 740 XIII·
733 693 822 741 XVIII
1196 682 1255 743 571

85 847 237 934 apologia
258 842 471 930 respondebo.
514 845 628 910 timore
650 844 812 930 deprimor
835 844 878 910 ad
899 846 1165 912 consentiendum
1180 846 1254 913 huic
1277 849 1357 915 XVI

86 957 234 1026 electioni
265 963 297 1020 et
324 974 437 1021 uereor
465 955 588 1021 afaoic
611 954 664 1021 dei
686 975 814 1021 currere
836 956 945 1021 taliter
966 962 998 1021 et
1020 957 1260 1040 quomodolibet

84 1070 378 1150 incircumspectus,
415 1071 450 1130 ut
477 1085 541 1130 nou
572 1065 707 1130 terribili
737 1064 937 1131 damnationi
966 1068 1181 1132 succumbam.
1232 1069 1260 1135 si

85 1179 170 1246 enim
185 1176 315 1242 diuinus
329 1175 449 1241 Paulus
464 1176 638 1260 apostolus,
662 1176 716 1258 qui
739 1175 791 1241 dei
807 1196 904 1242 uoces
926 1176 1050 1242 audiuit
1072 1179 1260 1261 caelumque

53 1289 200 1354 ababuit
222 1285 373 1352 erudIcns
402 1305 438 1351 se
466 1291 498 1350 et
525 1284 671 1369 paradisi
694 1286 857 1371 inspector
880 1288 1012 1353 effectus
1035 1295 1093 1370 est,
1124 1287 1261 1353 audiuit-

89 1419 151 1485 que
173 1416 294 1463 arcana
315 1394 425 1477 uerba,
464 1401 496 1460 et
524 1395 666 1479 portauit
693 1415 811 1461 nomen
833 1395 956 1461 domini
979 1417 1087 1463 eoram
1108 1398 1260 1481 gentibus

86 1517 118 1577 et
139 1507 270 1592 regibus
293 1504 375 1571 dixit
397 1504 448 1570 ‘ue
470 1505 551 1569 sorte
574 1524 645 1569 eum
668 1506 742 1572 aliis
765 1505 1033 1592 praedicanerim‚
1065 1509 1136 1592 ipse
1151 1527 1261 1592 repro·

86 1621 146 1686 bus
167 1617 302 1683 efficiar’
341 1635 403 1701 quo
432 1614 528 1680 modo
558 1634 634 1699 ergo
664 1635 724 1700 ego
752 1617 806 1701 qui
834 1617 867 1682 in
897 1616 1017 1682 mundo
1049 1624 1260 1684 conuersatus

87 1737 119 1796 et
140 1748 212 1793 eum
233 1726 326 1793 laicis
349 1732 596 1792 connumeratus
626 1726 659 1791 iu
689 1726 906 1810 imperatoriis
928 1727 1262 1795 administrationibus

37 1850 70 1898 sc
87 1838 233 1921 militam,
270 1836 317 1905 sic
339 1836 463 1920 absque
484 1835 680 1901 iudicatione
701 1842 799 1921 atquc
822 1838 1106 1921 circumspectione
1127 1857 1260 1923 possum
1358 1823 1361 1830 ’

87 1949 212 2016 insilire
234 1945 276 2013 ad
299 1945 472 2014 sacerdotii
494 1946 771 2028 magnitudinem?
809 1947 1004 2014 horrendum
1034 1967 1189 2013 conamen
1218 1947 1261 2014 ad

88 2058 297 2143 exiguitatem
334 2076 438 2122 meam
476 2062 507 2121 et
542 2057 748 2123 temerarium
786 2057 949 2148 studium,
987 2078 1086 2123 causa
1114 2078 1191 2124 uero
1219 2059 1258 2124 ti·
1279 2055 1378 2124 XVII

87 2168 186 2236 moris
215 2173 247 2234 et
274 2167 476 2233 refutationis
497 2186 591 2232 meae
618 2165 700 2233 haec
728 2174 785 2233 est.
830 2169 954 2254 aspicio
982 2169 1068 2234 enim
1105 2175 1137 2258 et
1164 2166 1260 2233 uideo

88 2279 258 2345 ecclesiam
280 2296 363 2362 quae
386 2296 483 2362 super
504 2284 629 2360 petram
653 2276 815 2344 Christum
842 2277 938 2344 deum
960 2286 1104 2345 nostrum
1126 2278 1263 2344 tundata

41 2402 71 2452 15
88 2396 137 2457 est
159 2389 295 2456 scissam
314 2406 400 2453 nunc
422 2394 455 2452 et
476 2386 614 2453 diuisam
638 2395 670 2452 et
692 2408 752 2454 nos
774 2389 856 2455 alias
878 2395 975 2473 atque
1004 2389 1099 2454 alitor
1127 2389 1260 2473 loquen-

86 2508 136 2566 tes
158 2506 190 2566 ct
211 2498 306 2564 aliter
327 2517 384 2564 eos
407 2496 609 2564 Christianos
638 2499 693 2580 qui
721 2499 755 2562 in
784 2498 907 2564 oriente
935 2499 1031 2565 unius
1053 2498 1130 2565 fidei
1152 2499 1262 2566 nobis·

86 2630 158 2676 cum
180 2606 336 2676 suntsed
358 2605 463 2673 ethis
485 2607 719 2675 concordantes
747 2607 972 2691 occidentales,
1008 2629 1068 2675 nos
1096 2608 1138 2674 ab
1160 2609 1262 2675 omni·

86 2721 148 2787 bus
175 2719 241 2785 illis
270 2718 428 2783 alienatos
457 2723 489 2783 et
517 2738 595 2784 ase
617 2738 676 2803 per·
698 2718 843 2802 singulos
865 2717 935 2785 dics
958 2718 1260 2785 anathematizatos.

86 2830 157 2896 dira
177 2848 284 2915 poena
306 2834 355 2894 est
377 2827 560 2908 anathema,
589 2829 701 2914 procul
723 2849 743 2892 a
765 2828 825 2893 deo
848 2829 948 2893 emitti
970 2836 1002 2893 et
1025 2847 1166 2911 arogno
1190 2846 1262 2892 cae·

37 2954 70 3004 ac
85 2942 188 3006 lorum
218 2939 337 3024 expelli
366 2937 486 3004 ducens
515 2939 548 3002 iu
571 2937 722 3004 tenebras
746 2938 931 3004 exteriores.
975 2937 1078 3004 nescit
1105 2937 1262 3004 ecelesiae

86 3052 141 3116 lex
179 3049 231 3115 uel
267 3049 423 3114 terminus
460 3057 582 3114 sectam
612 3049 681 3114 siue
707 3049 944 3113 contentionem
973 3047 1031 3115 sed
1061 3048 1143 3114 siout
1171 3047 1262 3112 nouit

86 3159 230 3226 confiteri
252 3180 351 3223 uuum
373 3158 536 3242 baptisma
558 3179 655 3223 unam
677 3157 784 3241 tidem,
813 3159 860 3223 ita
882 3165 914 3224 et
935 3158 1139 3223 concordiam
1163 3177 1261 3223 uuam

86 3271 121 3337 iu
154 3270 241 3336 omni
273 3268 492 3334 ecclesiastico
520 3267 660 3351 negotio.
703 3269 786 3333 nihil
821 3269 905 3333 enim
939 3275 988 3335 est
1020 3269 1054 3332 in
1087 3273 1261 3352 conspectu

87 3380 140 3447 dei
163 3387 230 3446 tam
253 3387 419 3463 acceptum
448 3385 544 3462 atque
574 3378 734 3462 placabile
771 3398 867 3461 quam
897 3385 931 3443 ut
959 3398 1058 3444 unum
1091 3378 1193 3443 simus
1230 3383 1262 3443 et

38 3505 71 3557 25
88 3512 152 3556 una
180 3490 337 3556 efficiatur
365 3488 524 3553 catholica
552 3489 690 3555 ecelesia
719 3487 880 3572 quemad
906 3487 1035 3553 modum
1058 3488 1092 3553 in
1117 3489 1263 3554 sincerae

86 3600 164 3666 fidei
185 3605 315 3666 nostrae
338 3599 485 3684 symbolo
514 3599 711 3664 confitemur.
756 3606 788 3664 et
819 3599 959 3683 petimus
992 3618 1052 3666 nos
1080 3599 1195 3664 fratres
1222 3604 1257 3662 ut
1279 3595 1395 3663 XVIII

86 3716 302 3789 secretum,
326 3708 479 3792 quoniam
502 3708 567 3775 scio
590 3709 737 3775 timorem
760 3730 818 3775 uos
841 3708 893 3773 dei
914 3708 1045 3791 habere,
1068 3708 1262 3794 apiissimis

87 3827 121 3887 et
141 3819 329 3885 orthodoxis
351 3819 599 3904 imperatoribus
622 3819 741 3885 nostris
766 3818 924 3904 synodum
953 3819 1170 3885 uniuersalcm
1200 3818 1263 3882 col·

87 3930 146 4014 ligi
167 3937 202 3994 ut
224 3929 401 3995 efficiamur
423 3949 482 3994 uos
506 3928 560 4011 qui
582 3928 676 3994 unius
699 3927 752 3994 dei
775 3950 895 4008 sumus,
918 3949 1034 4010 uuum,
1064 3927 1171 4010 etqui
1194 3924 1263 3990 Tri·

37 4057 72 4108 cc
87 4040 198 4106 uitatis
220 4040 359 4105 cultores
382 4037 550 4105 existimus
573 4037 654 4103 uniti
677 4045 708 4103 et
730 4039 900 4104 unanimes
922 4044 954 4104 ct
976 4039 1130 4120 collegae,
1155 4042 1186 4101 et
1207 4036 1262 4120 qui

88 4151 203 4236 eapitis
226 4148 327 4215 nostri
349 4147 470 4215 Christi
500 4168 620 4230 sumus,
658 4148 837 4213 efficiamur
864 4167 980 4232 corpus
1008 4166 1107 4212 unum
1137 4164 1264 4231 compa·

87 4268 172 4328 ctum
195 4265 292 4345 atque
314 4278 481 4341 conexum,
511 4265 543 4325 ct
572 4257 627 4342 qui
649 4259 752 4323 saneti
775 4257 908 4343 spiritus
932 4278 1052 4339 sumus,
1088 4256 1265 4322 efficiamur

86 4391 152 4438 non
174 4376 287 4435 contra
308 4368 341 4435 in
364 4369 468 4434 uicem
490 4368 549 4434 sed
570 4389 628 4454 pro
651 4369 686 4433 iu
707 4369 821 4452 uicem,
845 4374 877 4434 ct
898 4369 952 4453 qui
983 4366 1129 4434 ueritatis
1153 4366 1264 4433 existi·

86 4502 168 4561 mus,
191 4479 368 4545 efficiamur
389 4477 423 4542 id
444 4478 552 4564 ipsum
574 4479 740 4563 sapientes
773 4486 871 4562 atque
894 4477 1048 4560 diceutes,
1077 4485 1110 4544 et
1132 4497 1197 4543 uon
1220 4476 1263 4544 sit

159 4709 336 4803 trelpondeh
353 4708 379 4791 (It
397 4728 425 4782 ia
443 4727 554 4783 rosal)
622 4729 825 4801 5parsdth)
904 4728 1101 4785 carohansb
1176 4731 1260 4797 sego

87 4826 186 4887 cml)
257 4828 286 4880 lt
304 4821 420 4894 penul)
489 4826 521 4876 22
541 4822 713 4879 eonfitereI)
