2834 5394
556 716 629 764 ose.
651 715 788 762 x-xrnr
1206 699 1271 764 595

96 869 427 956 argumentationibus
450 867 693 934 subministrato
715 868 947 932 tumultuantur
968 866 1126 934 aduersus
1148 888 1220 934 eum
1237 876 1270 935 et

98 982 255 1046 aduersus
276 980 441 1064 principes
464 999 540 1045 suos
568 997 627 1063 per
649 977 747 1042 horas
770 996 828 1042 sex
850 983 882 1043 et
901 977 1061 1044 irruentes
1083 978 1271 1063 dirumpunt

96 1091 306 1157 tabernacula
327 1089 481 1174 ipsorum.
525 1107 597 1152 oum
619 1093 726 1152 autem
755 1087 920 1154 uenissent
941 1108 1044 1172 usque
1066 1086 1109 1152 ad
1131 1089 1270 1174 impera-

96 1210 206 1281 torem,
243 1198 371 1265 iniuriis
401 1205 433 1264 et
461 1197 643 1264 maledictis
671 1196 756 1263 huno
782 1198 894 1263 multis
922 1198 1112 1264 submittunt
1134 1198 1268 1266 ulterius

64 1322 131 1378 ese
153 1332 218 1377 non
241 1309 375 1375 sufferre
397 1310 578 1376 inmensam
601 1308 771 1374 auaritiam
794 1315 826 1374 et
847 1328 987 1392 nequam
1009 1309 1183 1377 moliminis
1199 1309 1269 1377 eius

95 1423 237 1487 animum
259 1419 455 1486 deiurantes.
490 1426 524 1483 at
545 1419 600 1485 ille
622 1419 790 1503 repentino
813 1417 984 1485 simultatis
1006 1438 1128 1503 pauore
1148 1428 1270 1504 perter-

94 1533 175 1599 ritus
205 1530 344 1597 surrexit
371 1550 392 1595 a
420 1548 535 1594 mensa
563 1536 595 1594 et
622 1529 726 1613 primo
755 1530 884 1612 quidem
912 1548 970 1614 per
990 1528 1207 1614 Nicephonrm
1230 1548 1269 1594 ao

95 1645 224 1709 Petrum
246 1639 400 1726 patrioios
423 1638 612 1704 iuramentis
635 1646 667 1704 et
690 1639 908 1706 suadibilibus
936 1638 1045 1705 uerbis
1074 1639 1189 1705 sedare
1218 1659 1268 1704 oo·

96 1753 234 1817 nabatur
256 1750 439 1815 exereitum.
1349 1795 1352 1802 ,

48 1873 80 1922 ro
181 1860 224 1924 At
245 1860 292 1923 illi
315 1859 442 1924 modica
464 1860 571 1942 quiete
593 1858 686 1942 potiti
709 1858 821 1922 collem
844 1858 1004 1943 quendam
1033 1864 1197 1942 oeperunt,
1235 1864 1267 1924 et
1287 1857 1373 1927 XIII

96 1979 187 2037 aetus
210 1989 304 2051 quem
325 1989 384 2054 per
406 1988 441 2036 se
463 1968 613 2034 manibus
635 1967 801 2034 habebant
821 1968 913 2034 obliti
929 1975 1004 2034 sunt
1019 1964 1112 2055 κύριε
1129 1964 1268 2055 ἐλέησον

97 2083 316 2148 exclamantes
339 2098 377 2144 ae
400 2079 427 2146 si
450 2099 548 2165 super
570 2076 708 2164 quodam
731 2084 837 2145 terrae
860 2085 946 2146 motu
968 2079 1021 2147 uel
1042 2078 1192 2145 imbrium
1215 2077 1269 2146 de-

97 2194 190 2258 leetu.
235 2191 291 2257 ille
324 2195 431 2254 autem
470 2172 582 2274 utpote
621 2209 749 2274 semper
781 2190 825 2255 ad
857 2209 952 2256 omne
984 2192 1103 2256 malum
1135 2197 1269 2275 paratus

97 2300 307 2368 clandestinis
337 2300 523 2366 muneribus
555 2307 651 2365 uootu
682 2301 791 2366 multis
820 2319 861 2367 ex
889 2300 1090 2386 principibus
1122 2300 1269 2384 pelleotis

54 2430 80 2478 rs
96 2414 130 2478 in
153 2412 327 2478 erastinum
350 2411 421 2494 ipse
443 2430 502 2495 per
530 2429 565 2475 se
587 2410 693 2494 ipsum
721 2410 847 2477 medius
876 2410 1012 2477 ueniens
1034 2411 1191 2475 allocutus
1220 2415 1270 2476 est

95 2523 206 2589 turbas
228 2520 269 2586 de
291 2521 378 2585 omni
399 2519 641 2603 tranquillitate,
665 2539 703 2586 ao
725 2541 823 2606 super
843 2521 973 2603 aequali
995 2539 1076 2604 erga
1097 2526 1192 2586 natos
1215 2539 1269 2586 eo-

96 2655 166 2697 nrm
194 2631 312 2695 affeetu
348 2629 537 2695 iuramentis
566 2629 777 2697 horribilibus
800 2650 856 2697 eos
878 2631 1070 2697 uertifioans.
1115 2636 1148 2696 et
1169 2629 1269 2695 eonti-

96 2762 161 2806 nuo
184 2742 305 2823 regiam
328 2739 476 2824 peruenit
498 2738 620 2820 urbem,
644 2739 827 2806 Theodosio
849 2740 985 2824 patrioio
1008 2746 1039 2805 et
1053 2737 1269 2825 primiscrinio

99 2855 309 2934 cognomento
339 2848 511 2913 Salibaran
540 2846 668 2913 deserto
696 2848 739 2913 ad
768 2848 1016 2932 perdiscendum
1045 2868 1086 2914 ex
1107 2847 1270 2913 alterutris

50 2978 82 3030 to
100 2981 157 3026 eos
186 2959 241 3043 qui
269 2957 459 3023 seditionem
487 2963 706 3042 patrauerant.
750 2977 885 3042 eumque
912 2958 1133 3024 multitudines
1161 2977 1271 3022 reuer-

98 3078 250 3151 terentur,
290 3087 387 3152 rogas
416 3067 462 3133 eis
484 3066 572 3151 apud
594 3074 739 3134 sanetum
762 3069 901 3133 Mamam
924 3088 959 3135 se
981 3068 1122 3134 tribuere
1144 3067 1271 3151 fingens

98 3180 251 3245 caedibus
275 3186 308 3243 et
328 3177 470 3244 tonsuris
492 3196 531 3242 ae
553 3177 660 3243 exiliis
682 3178 792 3243 multis
814 3197 855 3244 ex
877 3178 924 3245 eis
945 3178 1069 3263 punitis
1091 3176 1271 3272 Chrysopo-

97 3292 154 3355 linr
184 3289 325 3373 reliquos
354 3286 538 3353 transduxit
566 3289 696 3354 oaloans
724 3294 816 3352 tanta
842 3295 875 3354 et
902 3295 967 3354 tarn
994 3287 1163 3353 horribilia
1188 3287 1272 3351 iura-

100 3407 218 3466 menta.
262 3398 311 3463 llli
333 3417 410 3462 uero
439 3404 571 3482 propter
599 3417 786 3463 aerumnam
815 3400 944 3483 igneum
972 3397 1105 3462 fluuium
1129 3403 1270 3463 meatum

51 3527 83 3577 25
99 3511 355 3594 appellauerunt.

186 3619 280 3683 Anno
302 3616 429 3700 imperii
451 3616 503 3681 sui
524 3624 638 3681 oetauo
661 3617 863 3703 Nicephorus
890 3625 966 3704 post
986 3617 1104 3703 impias
1126 3617 1273 3683 animad·
1294 3618 1398 3687 XIIII

100 3729 267 3794 uersiones
290 3726 422 3792 militias
444 3746 576 3810 prorsus
599 3726 769 3795 humiliare
790 3735 942 3811 tractans,
971 3727 1172 3795 Christianos
1195 3748 1270 3795 exu-

100 3839 149 3904 les
183 3857 222 3902 ex
256 3837 342 3901 omni
376 3835 517 3901 themate
539 3837 573 3902 in
595 3838 779 3906 Solauinias
806 3839 876 3904 fieri
902 3839 1005 3920 iussit,
1028 3838 1141 3904 horum
1164 3844 1270 3902 autem

101 3948 300 4013 substantias
321 3945 512 4011 uenundari.
556 3952 590 4013 et
611 3954 680 4013 erat
701 3947 783 4014 haee
803 3970 856 4015 res
871 3950 1059 4031 captiuitate
1080 3968 1146 4012 non
1168 3948 1272 4012 minor

52 4073 83 4124 so
100 4058 209 4123 multis
242 4077 282 4122 ex
322 4056 465 4121 amentia
492 4056 794 4141 blasphemantibus
831 4067 862 4124 et
892 4058 1092 4124 inimieorum
1124 4057 1272 4124 ineursus

100 4168 316 4254 poscentibus,
340 4166 414 4232 aliis
437 4165 537 4231 nihilo
559 4166 665 4234 minus
688 4167 773 4233 oiroa
794 4169 976 4253 parentalia
991 4168 1273 4253 sepulcralamen·

98 4279 242 4345 tantibus
264 4286 295 4342 et
317 4277 485 4343 defunctos
507 4276 619 4342 beatos
648 4278 921 4359 asseuerantibus,
950 4278 1079 4344 fuerunt
1105 4283 1211 4343 autem
1240 4283 1272 4341 et

100 4389 154 4472 qui
177 4387 362 4473 suspendiis
386 4388 435 4454 usi
459 4393 534 4453 sunt
555 4393 589 4451 ut
612 4406 632 4450 a
653 4388 752 4455 tantis
774 4389 870 4455 malis
886 4389 1094 4473 eriperentur.
1138 4385 1271 4452 etenim

169 4656 376 4720 rrlmmstrato
394 4665 421 4721 1)
489 4654 696 4737 surlpunto
764 4655 936 4722 stimuum
952 4667 980 4723 o
1068 4672 1095 4721 11
1115 4666 1271 4722 Krneus-

100 4758 189 4814 ronI)
294 4762 322 4812 12
340 4747 436 4813 imbrui
453 4759 497 4814 uel
515 4758 541 4812 D
644 4765 675 4815 19
702 4760 745 4826 ad]
773 4776 805 4815 ac
823 4760 849 4814 l)
951 4763 983 4815 27
1009 4759 1086 4828 prlol
1112 4765 1143 4814 ut
1165 4759 1220 4815 uid
1238 4759 1273 4815 u

98 4858 127 4908 31
150 4849 335 4922 sepulchral)
402 4855 434 4906 ³³
453 4852 535 4906 tontis
553 4852 650 4907 onaD

1009 4955 1065 5010 38*
