2834 5394
79 254 140 316 ast
562 269 655 315 amm
675 268 760 315 xm

79 420 185 488 Stadii
219 434 253 485 et
285 419 402 505 loseph
435 421 536 485 trater
566 422 638 486 eius
668 419 939 506 archiepiscopus
960 423 1270 492 Thessaloniceuus

79 553 145 598 una
167 552 237 595 eum
255 532 387 596 Platone
408 532 555 595 inclauso
575 544 608 595 et
630 532 747 596 ceteris
766 531 941 598 monachis
963 535 1046 601 suis
1070 538 1133 620 qui
1157 557 1180 600 a
1200 555 1271 600 con·

79 645 233 708 munione
266 652 469 707 recesserunt
490 643 620 707 Tarasii
653 641 848 706 sandissimi
880 645 1115 727 patriarchae
1148 653 1271 732 propter

79 754 196 839 Ioseph
220 751 465 831 uieedominum,
487 752 543 834 qui
564 753 836 836 praeuaricatorie
858 764 1095 820 eoronauerat
1118 757 1270 823 Comen

77 866 179 929 tinum
213 876 246 929 ct
278 861 477 927 Theodaten.
527 869 604 926 tum
633 861 835 947 xieepnoms
869 864 1068 948 inperator
1107 869 1292 934 occasiones

79 986 233 1059 percepta
254 993 325 1037 cum
350 973 520 1057 episcopos
548 980 581 1037 et
603 973 786 1055 Qumeuus
813 985 1074 1059 congregasset,
1117 978 1271 1063 synodum

81 1084 240 1149 aduersus
268 1084 342 1148 illos
371 1083 528 1146 celebrari
556 1084 723 1168 praecepit
748 1102 808 1168 per
833 1103 932 1166 quam
963 1106 986 1149 a
1009 1090 1229 1155 monasterio
1248 1100 1273 1152 et

78 1193 159 1258 urbe
191 1193 308 1259 deiecti
341 1194 440 1258 exilio
473 1201 549 1258 suut
579 1192 731 1259 destinati
763 1211 874 1258 meuse
894 1194 1066 1262 Ianuario
1099 1199 1274 1265 indictione

77 1303 229 1370 munda

6 1416 57 1483 xl
162 1414 285 1480 Eodem
314 1415 411 1480 etiam
440 1433 527 1479 auno
554 1413 629 1478 dum
659 1433 739 1496 roga
764 1432 865 1498 penes
888 1413 1117 1498 Strymonem
1150 1441 1273 1486 amnem
1286 1427 1304 1475 ll

79 1527 198 1612 populo
220 1525 476 1604 distribueretur,
499 1525 657 1589 irruentes
678 1524 835 1608 Bulgares
856 1523 951 1604 haue,
976 1526 1197 1595 ademerunt
1210 1530 1274 1594 auri

80 1637 182 1702 libras
203 1645 330 1702 eentum
357 1643 390 1699 et
422 1635 510 1699 mille
543 1635 739 1716 multumque
770 1634 923 1719 populum
959 1637 1175 1704 occiderunt
1209 1660 1275 1705 cum

77 1756 226 1831 praetore
247 1755 343 1829 atque
365 1744 575 1830 principibus.
619 1753 840 1810 eructantem
868 1752 900 1808 et
926 1754 1128 1812 ceterorum
1153 1751 1275 1815 thems-

76 1864 142 1920 tum
166 1856 285 1920 ibidem
308 1855 410 1920 taxati
432 1856 595 1940 principes
615 1874 681 1919 uon
702 1855 808 1939 pauci,
837 1853 891 1937 qui
917 1861 1032 1919 autem
1055 1877 1189 1926 omues
1211 1861 1273 1925 illic

76 1967 214 2047 periere.
237 1976 391 2049 ceperunt
411 1972 519 2029 autem
541 1972 573 2030 et
593 1972 693 2029 totam
716 1965 886 2046 sarcinam,
909 1971 941 2028 et
961 1965 1013 2028 ita
1027 1971 1169 2036 reuersi
1187 1978 1271 2036 suut
1286 1974 1304 2024 u

76 2073 254 2155 eodemque
288 2094 374 2138 auno
405 2081 481 2138 aute
513 2076 747 2140 solemnitatem
781 2074 884 2140 sancti
915 2073 1070 2140 Paschae
1113 2077 1271 2145 (hunnus

77 2184 252 2267 Bulgarum
275 2183 341 2249 dux
370 2185 440 2248 acie
469 2192 581 2249 contm
609 2185 777 2251 Serdicam
805 2185 927 2250 directa
958 2181 1036 2249 dolo
1060 2185 1159 2254 haue
1181 2191 1269 2275 cepit

76 2303 108 2362 et
136 2295 235 2360 uerbo
264 2314 305 2360 ex
332 2295 457 2361 militiis
484 2296 646 2362 Romaieis
674 2294 849 2360 interfectis
877 2315 935 2359 sex
963 2294 1105 2363 milibus
1136 2300 1265 2384 absque

75 2405 280 2472 multitudiue
316 2406 525 2491 priuatomm.
574 2405 777 2490 Nicephorus
812 2413 919 2469 autem
956 2406 1052 2487 quasi
1093 2407 1262 2475 aduersus

75 2535 147 2581 eum
169 2517 265 2581 tertia
287 2517 368 2581 feria
384 2515 584 2580 hebdomade
600 2515 752 2581 salutaris
765 2514 929 2600 passionis
945 2533 1105 2596 egressus
1121 2518 1258 2602 dignum
1275 2528 1304 2579 a

75 2626 204 2708 quidem
229 2646 376 2691 sermone
397 2625 480 2690 nihil
501 2626 632 2690 omuino
654 2626 764 2708 gessit.
809 2624 868 2690 hus
890 2631 994 2688 autem
1008 2624 1187 2711 principes
1202 2629 1256 2712 qui

74 2734 115 2799 de
137 2734 236 2799 caede
252 2736 426 2818 Belgarum
450 2735 567 2801 saluati
589 2736 722 2800 uerbum
746 2735 859 2801 salutis
881 2734 1059 2820 deposcunt
1081 2755 1162 2803 uum
1178 2739 1256 2803 dare

75 2845 272 2928 dedignatus
294 2846 408 2911 luisset
429 2846 472 2910 ad
493 2845 602 2911 hostes
624 2845 735 2928 fugere
757 2846 917 2929 compulit,
955 2845 1038 2909 iuter
1067 2866 1155 2929 quos
1184 2855 1254 2913 erat

74 2962 106 3020 et
128 2955 323 3020 Eumaehius
346 2955 537 3038 Spatharius
559 2954 767 3020 mechanicae
790 2956 868 3021 artis
891 2974 1017 3038 expers.

0 3067 5 3123 :
37 3064 52 3127 Ι
160 3067 202 3128 At
216 3064 419 3147 Nicephorus
434 3084 513 3150 prae
534 3065 633 3129 multo
655 3064 813 3130 dedecore
834 3065 997 3129 iuratoriis
1019 3065 1124 3131 saeris
1140 3068 1250 3151 regiae
1264 3076 1291 3126 ts

74 3173 145 3236 urbi
167 3172 364 3257 persuadere
382 3174 551 3256 satagebat
565 3181 600 3239 ut
614 3174 762 3241 erederet
777 3175 861 3256 quod
877 3175 1081 3240 lestiuitatem
1097 3176 1249 3243 Paschae

72 3281 107 3347 in
137 3283 213 3346 aula
235 3280 355 3346 Granni
385 3284 606 3350 celebrauerit.
651 3293 819 3368 praeterea
847 3304 918 3348 cum
946 3285 1109 3349 ciuitatem
1135 3287 1247 3352 Sardi·

72 3411 142 3457 cam
165 3411 248 3477 quae
270 3392 435 3459 destructa
456 3393 560 3459 luerat
587 3394 761 3460 aedificare
791 3395 956 3476 uoluisset,
985 3394 1246 3462 multitudinibus

72 3503 296 3569 resistentibus
318 3505 435 3570 timens
464 3504 724 3588 persuadendum
752 3506 855 3571 turbis
883 3505 1107 3589 imperatorem
1136 3512 1246 3590 postu·

70 3613 139 3678 lare
162 3633 260 3698 super
282 3614 438 3679 aedificio.
482 3615 585 3679 atilli
609 3635 707 3681 seusu
729 3615 868 3699 ingenuo
890 3623 924 3679 ut
946 3633 986 3680 ex
1000 3633 1141 3697 nequam
1158 3616 1246 3680 illius
1260 3622 1288 3673 ³⁰

68 3817 377 3829 ——-—-———

141 3936 428 3991 lthesaloniceuulD
495 3937 727 3992 etheodotemD
779 3935 1016 4006 ceugumenorl)
1085 3937 1247 3995 SdenctnD

72 4035 102 4084 10
121 4018 300 4083 ltromonbll
372 4034 397 4083 ll
420 4028 584 4097 uulgarell)
665 4035 693 4084 16
712 4019 881 4100 lollepmtate
897 4029 923 4083 D
973 4018 1071 4084 eminus
1085 4019 1247 4099 uulgardI)

71 4128 138 4176 Ποῖ
154 4127 184 4175 22
206 4107 343 4176 terunciu
397 4126 427 4175 18
446 4121 576 4177 &omo
627 4122 783 4178 interlectos
799 4129 824 4187 (ο
843 4140 912 4178 corr.
930 4140 966 4176 es
984 4122 1056 4188 ull)
1108 4127 1142 4177 20
1160 4127 1246 4181 ebdo-

69 4214 146 4268 made
164 4214 190 4268 D
275 4220 304 4268 ‘ll
326 4215 438 4270 rellrtD
516 4219 546 4268 22
565 4202 722 4282 uulgaruD
789 4220 821 4269 23
840 4215 875 4269 ad
892 4215 983 4270 hostes
1000 4215 1093 4283 fugere
1111 4221 1247 4287 compulit

69 4305 165 4360 cml)
282 4312 313 4360 24
332 4306 528 4361 eumachrulD
597 4307 894 4378 exlperslcfp.608,
915 4314 945 4362 16
1032 4314 1063 4362 25
1082 4316 1158 4378 prae]
1180 4328 1200 4382 p
1219 4313 1248 4367 D

68 4400 99 4448 ll
120 4384 238 4452 emnil)
306 4398 599 4468 ³0lcnsomgen101)
