3142 5056
287 293 349 357 648
689 307 795 354 mnan
819 307 1059 356 cerrrvnonvu

288 457 429 512 celebrata.
447 461 536 510 terrae
550 462 639 511 motus
656 455 753 512 iterum
769 455 847 510 terri·
897 456 1033 526 thiopum:
1059 463 1214 527 quantoque
1238 473 1302 512 eum
1318 459 1428 528 gaudio
1448 469 1478 514 et

286 549 346 606 bilis
364 548 603 618 Constantinopoli.
898 550 1079 606 munificentia
1097 565 1130 606 ea
1147 557 1266 620 excepta
1296 553 1406 606 Aretes
1424 553 1477 606 ha-

321 645 352 696 25
388 641 508 696 tonitrua
533 646 561 696 et
576 641 686 710 fulgura
712 641 847 696 horrenda
896 641 969 697 bitus
986 643 1126 712 preciosus
1143 644 1254 712 eiusque
1277 649 1380 699 centn
1408 645 1478 700 Per·

287 740 437 804 neutusque
465 733 600 788 terribilis.
635 733 795 789 ludaeorum
819 737 848 786 et
897 735 1069 791 scabellum.

288 827 483 882 Samaritarum
507 825 655 882 Caesareae
678 825 849 880 Palaestinae
932 832 962 881 31
999 829 1054 883 alia
1068 844 1152 884 causa
1168 843 1239 898 quae
1249 828 1397 884 Ghosroen
1407 830 1478 884 Per-

287 920 397 986 ecditio,
421 918 552 974 aduersus
575 935 643 988 quoe
661 919 757 974 missus
775 917 848 973 Ada-
898 935 989 976 aarum
1006 937 1095 990 regem
1112 922 1242 976 turbauit
1267 922 1415 976 Martinus
1426 939 1476 991 pa-

287 1015 403 1068 mautius
421 1011 547 1082 magister
563 1012 691 1076 militum,
715 1027 762 1066 eos
779 1013 849 1067 male
898 1013 993 1068 tricius
1012 1014 1141 1069 alustino
1158 1014 1194 1068 ad
1208 1013 1236 1067 id
1245 1014 1352 1068 bellurn
1362 1015 1477 1070 missus.

287 1107 390 1161 multat.
415 1106 519 1174 siguum
535 1105 563 1159 in
582 1106 657 1160 caelo
675 1106 772 1160 uisum
792 1111 850 1160 ter-

287 1213 333 1254 rae
351 1207 439 1253 motus
456 1199 553 1252 iterum
570 1197 713 1253 horribilis.
899 1205 968 1254 trem
985 1198 1166 1254 Baduarium:
1190 1213 1309 1267 moxque
1326 1203 1478 1268 poeniten-

322 1295 355 1345 26
389 1291 510 1345 Auarum
536 1291 690 1360 inopinatus
706 1291 848 1357 aduentus,
898 1293 938 1346 tia
970 1291 1068 1347 ductus
1113 1307 1173 1348 sese
1206 1292 1259 1362 ipsi
1297 1294 1476 1348 reconciliat

288 1384 334 1454 qui
352 1382 527 1438 alustiniano
545 1383 636 1438 sedem
653 1390 749 1453 petunt
766 1398 781 1438 s
799 1398 850 1438 sua
899 1385 1015 1440 uictoria
1030 1383 1214 1440 Romanorum
1232 1383 1265 1439 de
1283 1384 1393 1440 Persis

289 1477 396 1545 regione
413 1477 499 1531 eiecti.
535 1475 643 1530 Trullus
666 1491 778 1544 magnus
803 1490 847 1530 ec·
933 1482 966 1532 33
1012 1477 1156 1532 Persarum
1190 1476 1296 1530 hostilis
1331 1477 1478 1534 incursus

289 1569 387 1624 clasiae
413 1569 645 1638 Constantinopoli
681 1567 848 1626 aedificatus.
898 1571 1019 1625 lustinus
1038 1569 1176 1624 Tiberium
1210 1569 1338 1624 comitam
1373 1573 1481 1626 (laesa-

287 1677 355 1731 pous
364 1663 484 1730 Agoreoe
501 1660 618 1716 fluminis
638 1661 672 1716 ab
688 1661 849 1731 imperatore
898 1679 955 1718 rom
972 1661 1098 1733 appellat.
1133 1677 1246 1730 magnus
1274 1663 1479 1732 aquaeductus

288 1760 449 1808 exstructus.
476 1752 546 1808 ialso
563 1753 637 1808 fama
653 1753 686 1808 de
701 1761 787 1808 morte
804 1755 849 1808 lu·
899 1755 1022 1810 Veientis
1046 1760 1209 1810 emunctae.
1249 1771 1397 1825 synagoga
1432 1758 1478 1810 lu-

288 1845 398 1901 stiuiani
433 1861 530 1915 sparsa
564 1851 591 1901 et
615 1846 675 1901 ideo
701 1847 796 1902 turbae
821 1848 850 1901 iu
901 1848 975 1903 daeis
1004 1848 1097 1902 ablata
1122 1853 1149 1902 et
1174 1847 1204 1902 iu
1229 1848 1380 1903 ecclesiam
1408 1865 1477 1905 con·

288 1939 361 1993 urbe.
397 1937 535 2008 Eugenius
557 1939 737 1994 calumniator
753 1940 850 1994 multa·
901 1955 988 1996 uersa
1014 1939 1112 1994 lustiui
1127 1939 1245 1994 morbus.
1272 1940 1407 1996 Tiberius
1427 1943 1480 1996 im·

288 2037 339 2084 tus.
374 2031 542 2098 pestilentia,
565 2037 654 2086 terrae
674 2038 771 2086 motus.
806 2046 850 2087 or·
901 2038 1011 2104 perator
1027 2033 1062 2086 ab
1081 2047 1113 2088 eo
1131 2033 1292 2088 declaratus.

287 2121 466 2176 thodoxorum
501 2129 529 2178 et
558 2123 763 2178 Seuerianorum
785 2140 851 2179 eon·
936 2129 970 2179 34
1005 2125 1103 2179 lustini
1121 2141 1207 2180 sermo
1225 2125 1260 2179 ad
1278 2125 1436 2182 Tiberium.

287 2229 395 2284 gressum
413 2220 574 2284 mutuaeque
592 2214 703 2280 caedes,
722 2217 757 2270 ad
783 2233 851 2286 quos
935 2223 967 2273 35
1003 2217 1099 2274 lustini
1124 2218 1220 2272 obitus
1256 2217 1316 2272 eius
1341 2221 1478 2274 auaritia.

288 2307 497 2375 compescendos
520 2308 617 2363 musus
641 2323 730 2364 oornes
747 2309 851 2364 Zimar·
901 2310 1141 2380 Longobardorum
1158 2309 1304 2366 dominatio
1322 2310 1462 2367 initalia

289 2401 365 2457 chus.

322 2500 352 2548 2ῑ
389 2495 481 2550 Hobes
499 2495 597 2550 ciuitas
618 2495 653 2549 ab
670 2494 777 2549 Hunnis
803 2510 850 2550 ca·
1122 2505 1248 2570 XVIIII

287 2593 342 2656 pta.
378 2588 541 2656 conspiratio
568 2587 699 2642 aduersus
725 2586 851 2642 Iustinia-

288 2696 368 2744 num‚
404 2695 489 2749 eaque
522 2679 667 2749 patefacta.
711 2680 852 2735 Bilisarius
939 2687 950 2735 1
987 2680 1109 2736 Tiberius
1125 2680 1151 2734 ll
1168 2681 1314 2750 imperator
1330 2680 1392 2734 LV.
1427 2683 1478 2738 Ti·
1548 2707 1549 2752 ι

289 2786 395 2840 quoque
425 2778 457 2827 ut
474 2773 600 2826 conscius
617 2773 786 2828 insimulatus
805 2790 852 2828 cu·
903 2773 971 2828 berii
994 2773 1142 2828 liberalitas
1166 2780 1193 2826 et
1215 2773 1404 2828 munificentia
1431 2793 1478 2830 re-
1548 2781 1549 2792 ¹

288 2863 435 2933 stodirique
454 2866 553 2920 iussus.
902 2867 1067 2934 sponsioque
1100 2866 1135 2920 ab
1165 2879 1197 2920 eo
1224 2865 1288 2920 data
1312 2866 1477 2935 obiurganti
1548 2899 1549 2932 2

322 2961 355 3011 28
389 2956 548 3012 Maurorum
573 2965 662 3013 motus
694 2959 722 3012 in
748 2957 851 3024 Africa,
902 2958 961 3014 ideo
980 2957 1097 3027 Sophiae
1114 2959 1261 3026 Augustae.
1548 2973 1549 2986 ¹

288 3050 334 3118 qui
357 3065 405 3118 per
422 3050 591 3104 Marcianum
609 3051 764 3118 magistrum
782 3052 850 3105 mili·
936 3055 951 3104 2
985 3051 1080 3120 ingens
1097 3052 1241 3105 thesaurus
1263 3050 1409 3106 aTibcrio
1429 3053 1477 3106 in-

288 3148 345 3196 tum
369 3157 386 3195 a
409 3142 558 3196 Iustiniano
586 3143 696 3196 missum
727 3142 847 3197 sedatus.
901 3149 1008 3197 uentus.

288 3233 448 3287 turbulentis
474 3233 634 3302 quibusdam
658 3233 848 3290 Constantino·
934 3241 948 3290 3
985 3235 1128 3290 thesaurus
1146 3242 1173 3289 et
1190 3235 1259 3290 alius
1277 3235 1346 3290 clam
1364 3235 1475 3290 allar-

288 3324 344 3394 poli
361 3325 472 3394 pollices
489 3326 610 3380 abscissi.
645 3327 787 3382 Bilisarius
809 3327 849 3382 di·
899 3333 956 3382 sete
974 3327 1098 3382 defossus
1122 3327 1207 3382 eidem
1225 3329 1332 3382 Tiberio
1361 3328 1475 3384 indica·

288 3417 434 3486 gnitntibus
452 3419 599 3473 restitutus.
634 3420 731 3488 legatio
748 3421 851 3475 Ascelti
900 3425 952 3475 tus.
987 3419 1109 3474 liberales
1127 3421 1228 3475 Tiberii
1246 3421 1416 3488 erogationes
1438 3423 1470 3476 in

290 3511 360 3580 regis
385 3511 596 3566 Ermeohiorum.
631 3512 684 3567 alia
711 3513 850 3582 quaedam.
900 3527 1041 3582 pauperes.
1067 3512 1170 3567 Romae
1186 3513 1321 3568 laboranti
1337 3513 1475 3570 lamehe-

288 3602 429 3660 luetiniani
447 3605 545 3660 obitus.
902 3606 982 3674 uigne
999 3605 1139 3659 succurrit.

323 3701 356 3752 29
374 3697 493 3752 lustinus
511 3699 536 3752 ll
553 3699 700 3768 imperator
712 3697 791 3752 LIIIl
807 3713 849 3752 re·
935 3703 951 3752 4
984 3697 1096 3753 insidiae
1114 3700 1137 3752 ei
1154 3699 1188 3753 ab
1207 3697 1371 3752 aduersariis
1383 3714 1472 3768 para-

288 3789 392 3858 ligionis
411 3789 577 3845 orthodoxae
594 3791 622 3845 in
640 3806 672 3845 eo
687 3791 805 3846 studium
823 3797 850 3845 et
899 3797 952 3852 tae,
975 3800 1006 3844 ut
1022 3790 1189 3846 lastinianus
1207 3791 1302 3845 lustini
1319 3807 1405 3861 nepos
1430 3793 1472 3848 ad
1548 3831 1549 3848 ι

289 3883 316 3936 in
344 3883 464 3938 ecclesiis
490 3881 654 3938 adornandis
681 3882 849 3952 locupletem·
899 3883 1038 3952 imperium
1055 3891 1272 3952 premonemur,
1291 3883 1338 3936 sed
1351 3882 1472 3940 frustra.
1548 3891 1549 3894 ’

290 3973 384 4043 disque
402 3975 497 4044 pictae.
531 3975 696 4044 conspiratio
720 3975 850 4031 aduersus
900 3975 1064 4030 lastinianus
1073 3976 1181 4030 Tiberio
1197 3976 1311 4046 supplex
1329 3974 1360 4028 fit
1377 3975 1470 4030 libeu-

290 4067 422 4122 luetinum
440 4067 552 4123 detecta.
585 4067 703 4138 Sophiae
712 4071 850 4138 Augustae
900 4074 994 4138 terque
1014 4069 1049 4124 ab
1068 4084 1099 4124 eo
1118 4069 1253 4138 recipitur.
1288 4066 1391 4137 Sophia
1407 4069 1470 4123 Au·

290 4161 383 4230 pietas.
900 4167 981 4230 gusta
998 4163 1032 4216 ob
1049 4161 1161 4216 insidias
1179 4161 1287 4216 Tiberio
1315 4159 1405 4214 tactas
1437 4161 1471 4216 in
1548 4199 1549 4248 p

324 4258 356 4306 30
390 4253 490 4307 bellum
514 4251 653 4310 Persicum
683 4261 849 4309 renouatum.
902 4254 1022 4309 ordinem
1038 4254 1157 4310 redacta.
1191 4254 1357 4309 lastinianus
1381 4253 1468 4309 a'l'i·
1548 4273 1549 4340 ι

289 4343 386 4400 Iustini
404 4343 500 4414 legatio
518 4347 554 4401 ad
563 4348 673 4404 Aretam
691 4361 780 4417 regem
797 4348 850 4402 Ae·
902 4345 976 4402 berio
994 4345 1112 4402 utilius
1131 4347 1251 4402 dilectus.
