2834 5394
570 651 643 701 can.
666 652 840 700 nnn-xm
1231 641 1290 703 175

167 801 232 866 inter
245 808 348 870 cetoros
370 810 403 870 et
424 803 501 871 Piso
523 803 697 871 aduersum
719 802 904 870 Vindelicos
926 804 1045 872 missus
1067 813 1124 872 est.
1170 806 1287 891 quibus

161 911 268 980 sumtis
298 913 397 979 uictor
433 912 476 980 ad
511 913 686 982 Caesarem
723 914 916 998 Lugdunum
954 917 1051 980 uenit.
1102 917 1289 983 Pannonios

161 1042 225 1087 nono
244 1030 318 1089 notu
344 1024 597 1091 intumescentes
619 1023 770 1092 Tiberius
799 1025 969 1109 priuignus
1000 1024 1152 1092 Caesaris
1180 1044 1290 1091 cruen-

157 1133 252 1199 tissima
268 1133 364 1200 caede
385 1134 516 1200 deleuit.
560 1134 710 1219 idemque
739 1136 890 1200 continuo
919 1135 1099 1203 Germanos
1128 1135 1213 1201 bollo
1241 1156 1290 1201 ar-

131 1242 265 1327 tdpuitc
291 1245 409 1329 quibus
438 1243 654 1329 quadraginta
680 1246 771 1311 milia
799 1246 999 1330 captiuorum
1022 1246 1124 1311 uictor
1144 1245 1289 1311 abduxit.

153 1353 217 1436 qnod
233 1374 263 1420 re
281 1374 360 1421 uera
381 1355 502 1420 bellum
518 1355 692 1421 maximum
708 1361 739 1420 et
753 1355 1089 1422 formidolosissimum
1105 1355 1288 1439 quindecim

149 1462 299 1547 legionibus
321 1485 380 1550 per
401 1465 575 1531 triennium
597 1473 723 1549 gestum
746 1473 796 1532 est
817 1485 877 1531 noc
900 1467 966 1531 lere
989 1467 1088 1531 ullum
1104 1464 1209 1531 maius
1225 1463 1291 1530 bel·

149 1572 206 1653 lun,
225 1574 301 1642 sicut
321 1574 496 1642 Suetonius
520 1581 699 1657 attestatur,
722 1582 796 1661 post
818 1576 973 1640 Punicum
995 1576 1063 1641 tuit.
1100 1576 1160 1643 sub
1175 1573 1288 1642 eodem

149 1702 207 1749 nero
224 1692 362 1770 tempore
385 1683 562 1762 Quintilius
583 1686 689 1752 Varus
711 1693 902 1771 propraetor
933 1705 1004 1750 cum
1032 1686 1136 1752 tribus
1157 1684 1290 1769 legioni-

115 1790 192 1860 obn
208 1802 291 1862 trans
311 1793 462 1861 Rhenum
482 1794 616 1860 fluuium
638 1816 659 1860 a
681 1794 853 1863 Germanis
884 1795 1116 1862 rebellantibus
1138 1795 1221 1860 mira
1242 1815 1292 1861 su-

146 1904 234 1987 perbia
251 1912 348 1991 atque
370 1905 511 1971 auaritia
537 1907 572 1972 in
603 1906 757 1973 subiectis
786 1926 887 1990 agens
917 1905 1060 1971 funditus
1089 1904 1215 1970 deletus
1244 1914 1294 1970 est

146 2031 198 2079 eun
225 2015 361 2082 tribunis
395 2022 427 2081 et
454 2015 727 2101 propraetoribus.
773 2036 869 2101 quam
903 2016 950 2081 rei
981 2014 1131 2100 publicae
1163 2012 1286 2080 cladem

147 2120 240 2193 (bamur
263 2128 431 2211 Augustus
459 2126 542 2193 adeo
574 2128 717 2211 grauiter
750 2126 823 2191 tulit
845 2133 879 2190 ut
912 2132 1003 2192 ueste
1035 2126 1217 2210 capilloque
1249 2144 1287 2190 ac

147 2233 249 2319 rebqnis
270 2238 449 2320 lugentium
478 2235 608 2304 indiciis
636 2237 788 2302 deformis
818 2244 850 2302 et
879 2256 977 2320 saepe
999 2256 1058 2322 per
1078 2236 1143 2300 uim
1167 2233 1287 2301 doloris

118 2346 217 2428 tcaput
235 2346 352 2431 parieti
374 2347 542 2413 conlidens
565 2347 719 2413 clamaret
734 2348 879 2426 ‘Quintili
895 2348 980 2412 Varc
1003 2345 1102 2412 reddc
1125 2345 1286 2429 legiones’.

206 2456 407 2542 Bosporanos
440 2476 516 2522 uero
544 2456 692 2541 Agrippa
724 2458 893 2542 supcrauit
925 2464 957 2523 et
988 2456 1091 2540 signis
1123 2455 1286 2535 Romanis,

150 2581 206 2644 quae
223 2566 269 2632 illi
291 2566 454 2651 quondam
477 2566 538 2633 sub
560 2565 747 2633 Mithridate
769 2566 979 2651 abstulerant,
1009 2566 1093 2631 bello
1122 2584 1286 2650 recupera·

150 2669 283 2744 lisuictos
305 2676 349 2741 ad
370 2675 567 2742 deditionem
591 2675 723 2761 coegit>
765 2677 952 2742 Armeniam
975 2697 996 2742 a
1017 2675 1146 2743 Parthis
1168 2676 1289 2760 recepit

151 2776 243 2861 (Parthi
264 2787 360 2871 quasi
383 2793 448 2851 toto
471 2792 628 2851 terrarum
652 2787 729 2852 orbe
744 2788 796 2852 uel
812 2786 932 2852 domito
948 2788 1000 2852 uel
1016 2793 1130 2871 pacato
1146 2785 1285 2850 omnium

120 2888 222 2961 bordis
240 2896 446 2980 signarentur
468 2904 566 2980 atque
593 2897 628 2962 in
658 2916 693 2963 se
722 2898 808 2965 solos
831 2898 937 2964 omnis
959 2897 1051 2980 uigor
1073 2894 1209 2960 Romani
1231 2895 1287 2959 im-

150 3003 204 3080 perii
232 3006 405 3073 uertendus
438 3012 525 3073 esset
556 3042 599 3052 —-
632 3007 754 3093 quippe
792 3028 873 3091 quos
911 3007 1049 3093 pristina
1082 3003 1287 3072 ulciscendae

150 3105 309 3182 Cassianae
338 3115 449 3182 caedis
476 3117 674 3183 conscientia
702 3116 868 3182 mordebat
890 3154 932 3163 —
960 3117 1043 3182 ultro
1073 3116 1168 3201 signa
1204 3137 1287 3201 quae

150 3215 236 3291 Crasso
256 3226 422 3292 interfecto
452 3226 654 3293 abstulerant
681 3227 724 3292 ad
747 3225 921 3293 Caesarem
948 3229 1140 3293 remiserunt
1168 3225 1286 3292 obsidi-

150 3324 360 3420 integrisque
381 3336 509 3402 traditis
540 3337 665 3401 firmum
695 3336 810 3404 foedus
839 3338 927 3403 fideli
950 3336 1185 3423 supplicatione
1209 3355 1288 3400 irrer-

123 3438 255 3530 tumn).
278 3444 411 3511 Galatia
433 3467 562 3530 quoque
586 3447 645 3513 sub
667 3446 728 3512 hoc
743 3447 912 3532 prouincia
923 3448 1008 3512 facta
1023 3455 1081 3528 ost,
1104 3467 1174 3511 cum
1191 3455 1288 3512 antea

150 3564 247 3632 tanum
269 3556 384 3622 luisset
405 3557 592 3640 primusque
613 3575 683 3621 cam
699 3557 827 3624 Marcus
842 3557 966 3623 Lollius
988 3578 1046 3641 pro
1061 3565 1211 3642 praetore
1232 3556 1287 3622 ad·

149 3658 316 3730 uastauit.

205 3775 302 3841 Tanto
331 3781 438 3840 autem
467 3794 576 3840 amore
604 3776 701 3841 etiarn
737 3774 824 3861 apud
853 3776 1009 3844 barbaros
1039 3777 1098 3842 fuit
1128 3787 1161 3843 ut
1189 3797 1282 3861 reges
1305 3773 1381 3840 XVI

149 3882 227 3963 apuli
239 3884 375 3950 Romani
397 3886 491 3950 amici
513 3886 547 3951 in
569 3885 722 3950 bonorem
739 3888 809 3952 cius
826 3886 1000 3952 conderent
1021 3887 1178 3967 ciuitates,
1202 3908 1284 3971 quas

120 3981 347 4061 ilCttsareas
369 3995 585 4079 nominarent,
616 3995 710 4063 sicuti
738 3996 772 4061 in
793 3996 989 4062 Mauritania
1011 4017 1032 4062 a
1053 4017 1129 4081 rege
1151 3996 1232 4061 luba
1255 4003 1286 4061 ct

195 4220 361 4275 luendrlrcol
377 4219 404 4274 Ι)
471 4220 624 4290 btybenul
640 4221 666 4274 Ι)
744 4226 771 4274 11
794 4221 882 4276 deleti
905 4221 924 4259 Ρ
1000 4227 1030 4276 12
1048 4222 1164 4276 tribunrs
1183 4220 1206 4273 ds
1223 4237 1285 4288 pro-

146 4312 282 4369 statutus
298 4313 359 4370 cod.
377 4311 497 4369 thoct':
514 4313 616 4368 tribum
634 4313 658 4367 dt
675 4320 767 4382 pretor
784 4314 837 4369 ΒΡ
940 4320 969 4368 15
988 4316 1110 4384 regiones
1130 4322 1160 4367 ut
1178 4314 1233 4367 uid.
1254 4313 1285 4367 Il‘

148 4398 169 4447 lt
182 4405 315 4461 nrtndcten
334 4405 361 4461 Ι)
442 4411 542 4460 tlt-25
559 4407 593 4475 <>
610 4404 651 4461 b:
668 4405 773 4461 obbdes
789 4424 840 4475 qua
874 4408 880 4475 1
895 4409 962 4462 nulb
986 4414 1067 4462 autea
1084 4408 1160 4477 perro
1178 4415 1201 4476 1ι
1219 4406 1282 4461 odd.

146 4502 198 4545 naa
211 4500 234 4551 tr
255 4514 276 4552 er
293 4499 424 4554 dederunt
438 4501 442 4567 1
457 4498 643 4554 Reddrdernnt
665 4505 744 4553 stram
768 4499 842 4569 lrgna
865 4515 976 4554 romana
1002 4516 1071 4570 quae
1086 4512 1089 4564 ι
1107 4501 1193 4555 crallo
1210 4508 1283 4555 moto

146 4580 358 4647 namnetem
375 4600 455 4655 (corr.
473 4594 502 4646 in
519 4592 615 4662 scithe)
633 4591 690 4646 mdr
706 4593 709 4660 Ι
725 4594 823 4662 quibui
842 4600 922 4647 antea
939 4608 1109 4648 romanomm
1127 4610 1224 4650 nomen
1242 4610 1282 4646 m-

145 4680 259 4746 etandtun
273 4684 499 4739 lueratmunsra
514 4692 542 4739 et
559 4685 661 4753 legator
676 4685 709 4740 ad
727 4702 787 4741 eum
803 4687 807 4755 l
823 4687 963 4740 mllerunt·
978 4686 1003 4740 B
1055 4691 1088 4740 ll
1105 4689 1198 4756 regrlq.
1214 4690 1219 4754 l
1235 4688 1283 4741 ob-

145 4768 204 4835 bnt
218 4774 355 4833 mortno
423 4782 456 4833 26
474 4779 679 4832 amministramt
696 4778 732 4833 B‘
802 4784 834 4834 29
852 4780 920 4847 quoi
935 4777 970 4832 B¹
1048 4783 1080 4832 30
1097 4796 1162 4834 ruua
1179 4779 1207 4833 B
