2834 5394
10 39 58 339 Ι
838 108 844 119 n

54 316 64 323 ιι

54 328 58 335 “
882 331 886 339 ⁴

576 642 649 690 cur.
673 643 858 690 xuni-xxi
1234 630 1296 693 329

120 793 184 863 dos
205 795 310 861 lactus
338 814 378 861 ex
406 794 520 859 diuina
541 795 679 859 lectione
701 795 919 880 respondebat
940 797 1221 881 congregabatque
1244 820 1296 865 sa·

121 925 196 973 cros
210 904 340 972 codices
355 913 387 971 et
402 923 620 989 quoscumque
641 905 720 970 libet
742 926 851 970 eorum
874 908 1066 991 interpretes
1090 927 1147 973 seu
1170 910 1296 993 exposi-

120 1025 210 1083 tores
231 1016 464 1101 conscripsisse
487 1014 681 1080 uidebantur
707 1017 879 1101 plusquam
902 1018 1105 1084 Ptolomaeus
1129 1018 1296 1085 studuerat

119 1125 367 1212 Philadelphus.
412 1125 570 1211 patientia
597 1133 694 1209 atquc
722 1127 893 1193 clementia
921 1128 1082 1194 uniuersis
1111 1128 1295 1195 bominibus

86 1236 297 1305 comidebat.
348 1257 424 1301 nam
458 1234 603 1303 lulianus
634 1237 809 1321 imperatur
838 1237 913 1302 licet
946 1237 1159 1323 philosophus
1190 1238 1294 1319 fuerit,

119 1368 188 1414 uon
208 1355 318 1413 tamen
334 1346 598 1412 Antiochensium
620 1347 760 1431 portauit
780 1347 932 1412 iniuriam
955 1348 1014 1414 sed
1037 1349 1174 1414 inaxime
1189 1350 1295 1416 Theo·

119 1458 203 1525 (loro
223 1464 383 1523 tormenta
404 1457 593 1539 indignatus
621 1456 772 1540 inposuit.
817 1478 912 1542 porro
934 1458 1138 1525 Theodosius
1161 1459 1293 1525 multum

118 1566 270 1651 gaudens
298 1567 495 1651 syllogismis
517 1567 699 1634 Aristotelis
728 1566 967 1652 philosophiam
996 1570 1167 1634 exercebat
1189 1571 1293 1655 operi·

120 1679 195 1762 bus,
224 1677 305 1743 iram
328 1678 490 1743 tristitiam
513 1677 746 1758 libidinemque
769 1676 946 1743 deuiuccns
969 1685 1000 1742 et
1022 1681 1056 1744 in
1079 1681 1167 1744 uullo
1191 1700 1226 1746 se
1249 1681 1295 1746 ul·

68 1788 198 1857 ascisci
220 1787 421 1855 desiderans.
466 1787 542 1852 dum
572 1788 669 1870 igitur
704 1807 724 1851 a
753 1787 894 1871 quedam
923 1788 1130 1853 familiarium
1161 1789 1294 1853 interro-
1317 1796 1381 1861 XX

119 1904 254 1983 garetur
280 1918 336 1964 cur
364 1899 487 1963 nullum
515 1916 550 1963 se
579 1897 772 1962 laedentium
802 1900 896 1963 morti
925 1898 1108 1964 subiceret?
1154 1900 1294 1969 ‘utinam'

121 2010 229 2094 inquit
250 2007 348 2075 ‘esset
369 2007 447 2073 mihi
472 2007 627 2092 possibile
651 2007 692 2072 ad
716 2009 815 2072 uitam
838 2009 936 2073 etiam
958 2014 1100 2074 rnortucs
1123 2008 1294 2074 reuocare!

122 2121 171 2187 sic
203 2119 289 2186 enim
322 2119 381 2183 luit
412 2118 553 2183 clemens
583 2125 617 2182 ut
644 2117 802 2200 siquando
831 2119 991 2203 quispiam
1014 2117 1148 2201 (lignum
1170 2116 1294 2202 aliquid

123 2238 225 2297 morte
247 2229 466 2309 committeret,
489 2246 550 2292 ncc
565 2248 665 2311 usque
689 2227 731 2292 ad
753 2228 894 2295 ciuitatis
910 2236 1020 2313 portas
1037 2229 1209 2294 moriturus
1224 2246 1293 2312 per-

69 2359 102 2409 te
121 2340 275 2407 ueniebat
296 2338 354 2406 scd
376 2358 416 2403 ex
438 2338 508 2402 eius
530 2338 700 2403 clementia
722 2339 872 2403 continuo
896 2340 1056 2404 reuocatio
1087 2338 1293 2422 sequebatur.

122 2450 198 2516 dum
228 2450 338 2534 alique
365 2456 510 2532 tempore
539 2448 608 2531 ipse
637 2447 669 2511 in
704 2448 941 2532 amphitheatro
970 2448 1294 2534 Constantinopclecs

122 2567 294 2646 spectaret,
317 2559 425 2643 coepit
446 2559 586 2622 clamare
609 2561 747 2642 populus
771 2558 902 2624 ‘erudeli
925 2560 1048 2625 bestiae
1070 2561 1187 2625 artilex
1201 2580 1294 2644 para·

123 2671 215 2736 bolus
238 2670 377 2754 pugnet]
421 2674 454 2732 at
483 2668 538 2732 ille
568 2667 716 2733 ‘nescitis’
743 2669 847 2751 inquit
877 2670 963 2753 ‘quia
984 2671 1210 2735 consueuimus
1232 2689 1291 2734 nos

121 2789 292 2865 expectare
314 2779 505 2844 clementer!
548 2784 639 2842 tanta
661 2778 746 2842 enim
769 2778 888 2863 pietate
911 2781 1097 2864 praecelluit
1123 2786 1157 2843 ut
1183 2796 1293 2843 omnes

70 2890 252 2975 mquidem
275 2890 336 2955 deo
358 2897 562 2954 consecratos
585 2887 757 2953 honoraret
778 2889 950 2973 praecipue
966 2896 1073 2954 tamen
1090 2909 1170 2973 quos
1185 2887 1293 2952 audie

121 3001 178 3066 bat
200 2999 389 3066 ueneranda
410 2999 536 3064 actione
566 2998 695 3082 pollere.
741 2998 841 3063 fertur
869 3005 975 3064 auteur
1004 2999 1081 3079 quia
1108 2998 1184 3062 dum
1212 2997 1293 3062 Con-

121 3111 361 3194 stantinopolim
390 3110 559 3193 episcopus
582 3107 822 3174 Chobronensis
852 3110 965 3175 luisset
992 3118 1145 3189 mortuus,
1181 3130 1292 3192 sagum

120 3222 192 3288 eius
225 3220 322 3284 ualde
354 3219 609 3285 sordidissimum
644 3219 818 3300 quaesierit
846 3239 948 3301 ecque
976 3220 1231 3285 circumamictus
1253 3219 1295 3284 sit

120 3330 257 3396 credens
280 3329 402 3413 aliquid
425 3349 459 3396 sc
483 3349 524 3393 ex
546 3328 686 3392 defuncti
710 3330 881 3395 sanctitate
904 3330 1088 3414 promereri.
1249 3310 1254 3322 ⁸

71 3460 103 3510 23
207 3440 287 3505 Cum
302 3439 477 3523 aliquando
490 3439 575 3504 aeris
594 3446 770 3522 tempestas
786 3447 871 3506 esset
885 3447 916 3504 et
931 3441 985 3505 ille
1001 3441 1117 3504 circum
1133 3440 1285 3524 populum
1309 3438 1391 3504 xxi

120 3557 315 3636 expectaret,
349 3551 444 3634 pleno
467 3549 550 3613 circo
573 3555 748 3634 tempestas
772 3550 993 3616 uehementius
1017 3550 1173 3635 agebatur
1195 3552 1293 3616 multo

120 3663 222 3728 imbre
244 3660 370 3725 diffuse.
416 3659 556 3742 dumque
578 3659 640 3724 boc
662 3659 761 3739 ficret,
786 3681 877 3726 suam
899 3662 1096 3726 uoluntatem
1119 3661 1293 3745 imperator

120 3771 246 3857 aperuit
268 3771 405 3854 lecitque
428 3790 485 3855 per
508 3789 700 3852 praeconem
723 3771 855 3836 clamari
877 3771 954 3854 quia
974 3771 1089 3837 melius
1113 3779 1200 3859 esqet
1223 3791 1293 3856 spe-

120 3883 276 3947 ctaculum
300 3886 503 3946 contemnere
532 3887 563 3944 et
592 3900 703 3946 omnes
725 3900 840 3964 rogare
862 3882 956 3946 deum
979 3889 1013 3946 ut
1034 3882 1148 3946 inlaesi
1172 3881 1214 3945 ab
1236 3882 1292 3945 im-

71 4015 102 4065 30
120 3993 260 4056 minente
283 3996 474 4074 tempestate
491 3997 705 4055 seruarentur.
751 4012 813 4074 quc
829 3991 912 4055 dieto
928 3991 1033 4055 cuncti
1048 3990 1159 4075 populi
1173 4010 1291 4072 magno

119 4100 238 4186 gaudie
268 4101 487 4185 supplicantes
515 4100 653 4185 hymnos
682 4100 881 4166 concorditer
911 4099 1088 4165 offerebant
1109 4108 1141 4165 ct
1162 4108 1230 4165 tota
1250 4101 1292 4164 ci-

119 4213 203 4278 uitas
239 4212 327 4276 uelut
360 4231 423 4275 una
456 4209 615 4294 psallebat
643 4210 789 4276 ecclesia.
833 4210 866 4275 in
900 4209 1005 4275 medio
1039 4217 1146 4275 autem
1180 4210 1289 4274 horum

186 4417 201 4466 2
221 4413 238 4465 b
257 4413 285 4466 ic
302 4412 369 4465 hbet
386 4413 415 4466 in
432 4426 486 4464 ras.
507 4410 578 4465 inl)
645 4409 836 4477 interpretorel
852 4409 1022 4478 eorrtcnpirfe
1042 4410 1065 4464 l)
1151 4413 1165 4464 3
1184 4409 1290 4477 ptholo-

118 4504 234 4560 meuil)
319 4504 512 4559 santonensi)
602 4509 630 4558 13
650 4510 675 4557 et
693 4506 725 4556 tt
744 4502 881 4570 aqumtl)
966 4507 995 4555 Π
1014 4509 1157 4572 expectare
1175 4504 1292 4571 cqprtD

117 4599 264 4669 parabolus
282 4598 413 4652 Gruterus
429 4613 467 4650 ex
488 4596 673 4652 t-'assiodoric:
691 4594 828 4665 parabunt
846 4594 896 4650 DP
977 4600 1010 4650 26
1028 4605 1102 4650 cuein
1119 4587 1173 4665 ppt
1189 4596 1290 4667 populu

117 4687 343 4762 expectareth
402 4689 521 4744 cuculi
589 4694 622 4745 28
641 4688 738 4745 ellel)
813 4693 846 4742 29
864 4695 1028 4756 contcpnere
1046 4688 1073 4743 Il
1141 4694 1174 4744 30
1192 4694 1290 4746 cuncto

118 4783 263 4854 populoD
