2834 5394
146 255 209 316 -l52
652 263 745 310 nram
768 264 815 310 xx

97 423 124 488 L
231 421 330 485 Porro
354 417 441 485 misit
462 416 505 482 ad
527 436 599 482 eum
623 415 759 501 Syrohis
781 417 939 499 Satrapes
958 413 1044 481 bunc
1072 416 1201 482 iniuriis
1224 416 1332 502 impe

143 530 274 597 tondum
297 537 328 594 et
343 527 595 614 conspuendum,
619 533 651 592 ct
672 527 800 591 ductum
816 525 990 592 Mordasan
1006 526 1204 608 libencius,
1226 546 1330 609 quem

144 659 299 707 coronare
321 639 466 719 volebat,
497 646 574 703 ante
597 656 632 704 se
653 636 785 719 occidit,
815 637 958 722 reliquos
981 637 1066 703 filios
1096 639 1166 704 eius
1189 646 1327 705 cunctos

144 750 178 817 in
201 757 375 835 conspeetu
397 748 500 833 ipsius
523 754 728 833 peremerunt
749 755 781 813 et
803 748 892 813 misit
913 767 1039 812 omnem
1062 749 1227 812 inimicum
1252 748 1326 814 eins

145 860 273 927 iniuriis
295 861 459 924 cumulare
481 865 514 924 et
535 865 702 942 percutere
724 864 757 922 et
771 876 949 942 conspuere
973 859 1071 922 illum.
1103 857 1244 943 denique
1264 877 1325 943 per
1343 864 1358 913 ⁵

146 971 289 1055 quinque
312 968 381 1034 dies
394 968 465 1034 ¹hoe
487 968 570 1033 lacto
593 967 688 1034 iussit
710 967 846 1052 Syrobis
874 966 959 1033 bunc
981 969 1120 1034 arcubus
1142 968 1326 1035 interlicere

146 1081 256 1164 sieque
278 1078 434 1164 paulatim
456 1078 490 1142 in
519 1078 614 1144 malis
643 1079 875 1160 nequissimam
899 1099 991 1144 suam
1013 1078 1147 1144 tradidit
1167 1079 1323 1145 animam.

145 1197 222 1255 tune
244 1188 379 1275 Syrobis
407 1188 536 1273 scripsit
565 1187 608 1252 ad
629 1187 815 1253 Heraclium
844 1190 1076 1273 euangelizans
1108 1190 1137 1254 ei
1171 1191 1325 1255 scelerati

146 1300 300 1366 Cbosrois
322 1299 485 1366 interitum
501 1318 678 1384 pacemque
700 1299 807 1382 iugem
830 1316 902 1363 cum
925 1319 963 1364 eo
978 1319 1017 1364 ao
1031 1300 1250 1366 firmissimam
1267 1319 1325 1384 pe·

145 1411 242 1497 pigit,
271 1410 421 1477 omnibus
443 1408 636 1474 Christianis
666 1408 720 1492 qui
743 1412 776 1473 in
798 1409 980 1475 carceribus
1003 1417 1036 1476 et
1065 1412 1152 1475 omni
1184 1408 1323 1476 Perside
1343 1413 1373 1463 ¹⁰

146 1523 233 1607 capti
255 1522 448 1589 tenebantur
470 1520 500 1585 ei
515 1520 661 1586 remissis
677 1540 742 1585 una
764 1539 835 1583 euru
851 1520 1011 1585 Zacharia
1025 1520 1324 1606 Hierosolymitano

146 1634 297 1718 praesule
319 1652 358 1696 ac
380 1631 531 1716 pretiosis
553 1638 586 1695 et
608 1629 746 1696 uiuificis
768 1630 875 1713 liguis,
901 1650 984 1714 quae
1006 1631 1132 1696 fuerant
1154 1652 1196 1697 ex
1212 1632 1325 1697 Hiero

147 1742 281 1826 solymis
304 1763 324 1804 a
347 1741 551 1806 Sarbarazan
573 1759 645 1804 curn
667 1740 872 1806 Hierusalem
895 1742 1036 1824 cepisset
1058 1742 1176 1807 ablata.

88 1842 133 1909 LI
238 1853 332 1917 Anno
347 1851 474 1936 imperii
491 1850 633 1916 Heraclii
655 1857 769 1914 octauo
783 1849 908 1914 decimo
923 1872 980 1916 rex
1002 1850 1139 1917 babetur
1152 1853 1326 1918 Persarum

149 1961 286 2045 Syrobis
308 1962 364 2043 qui
386 1981 471 2025 anno
495 1960 644 2043 regnauit
666 1980 744 2041 uno,
774 1960 902 2043 quando
930 1969 961 2025 et
983 1961 1158 2027 Muhamad
1181 1962 1326 2026 Arabum
1346 1963 1373 2012 ¹⁵

148 2090 208 2137 seu
229 2071 462 2136 Saracenorum
492 2070 643 2154 princeps
673 2070 732 2135 sub
756 2071 864 2137 Persis
895 2071 1018 2154 degens
1049 2080 1174 2137 sextum
1205 2072 1326 2156 agebat

146 2201 268 2246 annum
291 2189 504 2265 peruenturus
527 2180 569 2245 ad
591 2201 721 2245 nonum.
764 2183 890 2246 interea
912 2182 996 2246 lacta
1019 2202 1098 2266 pace
1120 2204 1192 2247 eum
1215 2183 1327 2249 Persis

149 2299 246 2375 atque
261 2291 416 2358 Romanis
431 2291 549 2357 direxit
571 2291 746 2375 imperator
760 2290 965 2356 Theodorum
989 2293 1117 2357 fratrem
1143 2313 1235 2358 suum
1253 2312 1326 2356 cum

148 2402 266 2469 litteris
294 2411 325 2467 et
346 2401 531 2468 bominibus
554 2400 688 2486 Syrobis
716 2401 803 2484 regis
831 2402 1002 2467 Persarum
1031 2403 1184 2483 quatinus
1206 2403 1328 2467 Persae

149 2513 204 2598 qui
226 2513 260 2577 in
275 2513 463 2580 Palaestina
485 2521 517 2579 et
532 2512 670 2578 edessa·
680 2518 712 2576 et
732 2511 966 2596 Hierosolymis
989 2514 1168 2596 ceterisque
1190 2512 1327 2577 urbibus
1344 2513 1376 2563 ²⁰

148 2625 365 2689 Romanorum
388 2633 498 2690 essent
519 2645 590 2688 eum
613 2641 693 2707 paee
716 2629 953 2687 reuerterentur
981 2623 1014 2688 in
1036 2622 1201 2688 Persidem
1225 2629 1257 2687 et
1281 2623 1328 2686 in-

149 2750 251 2798 nocue
272 2740 390 2798 terram
413 2736 628 2799 Romanorum
649 2732 833 2797 transirent.
869 2740 1031 2815 postremo
1054 2734 1228 2816 imperator
1255 2751 1329 2796 cum

150 2842 324 2908 sexennis
347 2842 513 2909 Persidem
536 2847 770 2926 expugnasset,
804 2843 940 2926 septimo
963 2863 1049 2907 anno
1071 2862 1151 2926 paee
1174 2850 1330 2927 percepta

148 2974 219 3018 cunr
247 2953 371 3036 ingenti
400 2952 519 3036 gaudio
548 2952 860 3036 Constantinopolim
890 2954 1063 3034 remeauit,
1095 2953 1262 3036 mysticam
1292 2952 1328 3016 in

148 3061 210 3125 boo
231 3063 394 3144 quandam
418 3067 569 3145 θεωρίαν
592 3062 784 3146 adimplens.
822 3062 855 3126 in
878 3082 936 3128 sen
960 3064 1081 3147 quippe
1104 3062 1219 3128 diebus
1242 3062 1326 3128 deus
1346 3070 1378 3119 25

149 3171 301 3236 uniuersa
331 3172 461 3236 condita
489 3181 637 3237 creatura
658 3172 827 3256 septimam
851 3173 973 3255 requiei
1003 3173 1089 3238 diem
1113 3172 1255 3253 uocauit,
1280 3173 1329 3236 ita

151 3280 276 3365 etipse
300 3283 332 3344 in
362 3283 539 3348 sexennis
569 3283 676 3348 multis
706 3282 862 3367 impensis
890 3283 1057 3348 laboribus
1081 3284 1217 3367 septimo
1241 3301 1328 3346 anno

149 3410 300 3458 reuersus
322 3391 364 3457 ad
387 3392 499 3458 urbem
522 3412 593 3457 eum
616 3413 696 3477 pace
718 3412 756 3457 ac
778 3391 919 3477 tripudio
943 3392 1110 3474 requierit.

67 3500 128 3566 LII
234 3503 333 3567 Porro
356 3506 495 3589 populus
517 3504 659 3569 ciuitatis
688 3502 831 3568 aduentu
859 3503 962 3587 ipsius
992 3503 1102 3567 audito
1131 3502 1328 3567 intolerabili

151 3613 254 3679 cuncti
278 3614 439 3680 desiderio
461 3615 495 3679 in
517 3614 661 3680 Hieriam
684 3614 813 3678 obuiam
836 3613 884 3677 illi
907 3634 972 3678 una
994 3631 1064 3676 cum
1088 3612 1274 3695 patriarcba
1296 3620 1329 3677 et
1347 3616 1380 3665 3⁰

151 3724 363 3791 Constantino
386 3726 579 3810 imperatore
602 3725 668 3789 lilio
692 3725 761 3791 eius
785 3724 907 3807 egressi
931 3728 1006 3787 sunt
1030 3727 1196 3805 portantes
1219 3742 1328 3789 ramos

223 4121 417 4186 zdrduotum]
443 4122 593 4176 t-ductnl)
698 4127 725 4175 ll
755 4120 977 4175 hierosolimitano
1008 4119 1030 4167 ll
1136 4121 1167 4170 tt
1192 4133 1225 4170 ex
1244 4118 1332 4171 hiero-

154 4216 251 4268 lobmrl
272 4231 288 4266 a
311 4215 446 4269 narbonen
470 4204 502 4270 eir
527 4201 597 4270 brim
626 4214 650 4269 1)
763 4217 794 4267 16
826 4211 960 4281 principes
985 4209 1024 4264 θ’
1140 4214 1172 4263 19
1207 4212 1335 4300 quattuor

154 4306 214 4374 plat
237 4307 262 4360 l)
363 4312 396 4360 20
421 4309 529 4363 bedetla
552 4317 580 4372 (a
605 4310 633 4361 in
659 4313 723 4369 rest
747 4312 775 4361 et
798 4304 970 4359 hierolobmil
997 4302 1021 4356 1)
1123 4306 1156 4355 24
1175 4302 1278 4356 mistica
1309 4303 1333 4356 Ι)

154 4403 185 4452 25
205 4388 313 4466 quondi
330 4387 433 4455 theoni
459 4401 483 4455 1)
552 4406 585 4456 30
602 4400 698 4456 leriam
715 4399 775 4455 eod.
794 4395 902 4453 Pitheci
