2834 5394
7 37 1018 361 n

608 134 637 159 .0

471 397 478 411 P

508 706 581 755 usn.
604 707 821 755 nunu-nxm
1185 694 1248 755 459

71 867 105 927 et
127 857 285 943 quaedam
307 859 436 925 luxuria
457 867 490 927 et
511 859 648 927 stultitia
667 860 774 945 plena,
796 859 935 945 compati
956 867 1064 926 tamen
1087 860 1121 925 in
1143 858 1246 925 uieem

71 977 105 1037 et
127 968 277 1035 auxiliari
298 969 445 1054 patienti.

159 1081 257 1145 Porro
280 1079 393 1147 eodem
417 1101 503 1146 anno
525 1088 621 1148 natus
643 1081 748 1149 estin
777 1082 901 1148 oriente
923 1063 1032 1147 Dauid
1060 1081 1146 1147 lilius
1176 1080 1247 1149 eius

74 1191 328 1276 eodemquedie
355 1198 450 1259 natus
481 1199 530 1259 est
551 1191 721 1259 Heraclius
750 1193 835 1260 filius
858 1191 999 1257 HeraeIIi
1027 1192 1162 1257 iunioris
1191 1192 1247 1273 qui

39 1310 105 1369 aet
128 1301 359 1369 Constantinus
381 1303 565 1387 appellatus
588 1311 637 1371 est
665 1310 697 1369 et
724 1303 908 1388 baptizatus
936 1309 986 1370 est
1013 1322 1035 1367 a
1056 1302 1170 1386 Sergio
1192 1322 1248 1387 pa·

74 1412 224 1478 triarcha.

157 1523 253 1588 Anno
286 1522 412 1607 imperii
434 1522 577 1588 Heraclii
609 1522 764 1590 uicesimo
796 1521 938 1589 secundo
970 1522 1144 1589 Ebubeher
1176 1521 1243 1587 dux
1264 1514 1361 1582 LXII

75 1634 218 1699 Arabum
240 1632 377 1699 babetur
398 1633 453 1717 qui
475 1633 579 1701 tribus
601 1634 802 1719 principatus
817 1639 867 1700 est
882 1633 988 1700 annis.
1033 1634 1154 1700 Persae
1170 1652 1245 1698 uero

75 1745 317 1811 insurrexerant
346 1744 379 1809 in
399 1744 502 1810 uicem
532 1750 564 1810 et
586 1763 659 1811 sese
682 1752 792 1809 mutuo
814 1744 1027 1812 debellarunt.
1071 1763 1130 1828 per
1158 1743 1245 1809 idem

27 1867 199 1938 requieque
221 1861 347 1938 tempus
370 1873 428 1920 rex
449 1853 602 1920 Indorum
626 1855 722 1920 mittit
744 1855 1018 1937 congratulatoria
1038 1853 1188 1919 Heraclio
1210 1845 1251 1918 in'
1321 1918 1332 1937 ,

71 1967 240 2031 Persarum
263 1964 398 2030 uictoria
419 1966 612 2047 margaritas
635 1965 758 2032 scilieet
779 1973 811 2030 et
832 1965 959 2050 lapides
983 1964 1143 2049 pretiosos
1166 1963 1245 2027 mul·

74 2083 133 2142 tos.
184 2081 327 2141 mortuus
354 2082 461 2141 autem
490 2074 698 2141 Mubammad
726 2083 796 2142 erat
825 2077 879 2160 qui
909 2082 1067 2142 statuerat
1094 2080 1245 2158 quattuor

74 2186 219 2253 amireos
241 2184 449 2270 expugnandi
467 2185 669 2254 Christianos
685 2187 739 2271 qni
755 2206 795 2252 ex
810 2186 952 2251 Arabum
968 2204 1087 2268 genere
1110 2186 1246 2251 fueraut.

75 2297 129 2379 qui
151 2302 307 2361 uenerunt
328 2304 440 2361 eontra
461 2296 615 2364 lluebeas
643 2297 821 2377 castellum,
852 2297 887 2361 in
916 2316 979 2380 quo
1008 2302 1078 2360 erat
1099 2292 1246 2360 Theodo

28 2423 59 2472 15
77 2427 131 2471 rus
153 2406 309 2489 Begarius
331 2407 444 2473 uolens
466 2409 588 2473 irruere
617 2409 651 2472 in
673 2408 798 2474 Arabes
822 2406 875 2471 die
898 2427 960 2490 qna
983 2405 1079 2471 idolis
1102 2404 1248 2470 immola·

76 2518 137 2581 turi
159 2524 261 2583 erant.
305 2524 468 2602 comperto
491 2525 597 2584 autem
620 2518 680 2583 hoc
703 2517 860 2600 Begauius
889 2517 1017 2599 collegit
1045 2534 1158 2581 omnes
1188 2515 1245 2579 mi·

75 2628 148 2694 lites
177 2647 285 2693 eorum
316 2628 370 2711 qui
399 2647 541 2695 eremum
570 2628 789 2695 obseruabant
810 2634 842 2692 et
863 2625 1037 2710 diligenter
1064 2625 1246 2693 sciscitatus

76 2758 95 2802 a
117 2738 280 2804 Saraeeno
302 2736 387 2803 diem
411 2745 443 2803 et
464 2737 577 2803 boram
599 2759 665 2822 qua
687 2744 780 2803 erant
801 2739 835 2802 in
858 2738 931 2803 illos
959 2736 1145 2820 aggressuri
1176 2735 1248 2819 ipse

76 2849 202 2914 irruens
225 2848 258 2913 in
281 2868 337 2914 eos
361 2849 394 2913 in
417 2848 549 2933 praedio
572 2848 657 2931 quod
681 2848 847 2914 dicebatur
868 2846 1006 2926 Motbus,
1036 2844 1152 2910 oceidit
1181 2851 1247 2910 tres

24 2971 61 3022 20
78 2957 226 3024 amireos
259 2958 493 3043 plurimamque
529 2959 641 3044 populi
677 2965 811 3043 partem.
857 2956 983 3022 exiliuit
1018 2962 1126 3020 autern
1163 2973 1247 3019 unus

76 3068 214 3150 amiras,
249 3067 413 3135 Chaledus
441 3071 572 3135 nonrine
600 3069 731 3149 seilicet,
766 3087 861 3152 quem
883 3066 1027 3151 gladium
1050 3063 1103 3131 dei
1126 3063 1246 3128 dieunt.

77 3185 169 3244 erant
189 3185 297 3244 autem
320 3179 450 3260 quidam
473 3180 615 3244 Arabum
638 3179 728 3244 iuxta
756 3178 933 3263 positorum
961 3177 1016 3260 qui
1044 3174 1249 3260 accipiebant

73 3288 116 3352 ab
139 3289 386 3372 imperatoribus
408 3310 504 3373 rogos
519 3290 682 3374 pauxillas
698 3288 739 3354 ad
756 3287 1002 3354 custodiendum
1018 3292 1123 3352 stoma
1136 3284 1246 3350 eremi.

75 3398 188 3464 eodem
211 3419 287 3462 noro
310 3406 453 3483 tempore
476 3401 565 3465 uenit
588 3399 719 3484 quidam
742 3399 844 3484 spado
874 3397 1007 3463 daturus
1036 3396 1174 3460 militum
1197 3414 1247 3459 ro·

27 3518 59 3566 25
76 3529 134 3590 gas
162 3517 192 3573 et
220 3528 291 3573 eum
322 3510 489 3576 uenissent
510 3510 634 3577 Arabes
657 3510 832 3577 secundum
860 3507 1126 3574 consuetudinem
1157 3523 1247 3570 aece-

77 3619 160 3701 pluri
183 3639 293 3702 rogam
315 3640 406 3686 suam
429 3621 594 3686 eunuchus
617 3622 744 3704 impulit
772 3621 882 3685 dicens
912 3618 999 3700 ‘quia
1020 3617 1169 3682 dominus
1192 3615 1247 3680 uix

77 3726 133 3791 dat
161 3728 316 3796 militibus
343 3751 455 3814 rogas,
494 3740 613 3815 quanto
643 3733 749 3797 minus
778 3730 913 3796 canibus
944 3727 1047 3795 istisl’
1097 3725 1247 3792 uidentes

77 3857 152 3919 ergo
174 3837 298 3906 Arabes
321 3839 381 3904 hoe
404 3841 554 3906 abierunt
580 3841 623 3906 ad
653 3842 703 3907 sni
731 3840 860 3923 generis
890 3840 977 3905 uiros
1006 3845 1039 3903 et
1060 3837 1122 3921 ipsi
1147 3834 1247 3900 duxe-

77 3955 149 4012 runt
171 3967 227 4015 eos
249 3949 282 4014 in
305 3950 467 4033 regionem
491 3950 610 4033 Gazae,
645 3969 728 4033 quae
760 3949 867 4015 aditus
901 3956 970 4013 erat
1001 3947 1100 4012 eremi
1134 3951 1247 4009 eontra

25 4073 60 4124 ao
77 4058 196 4124 Sineon
219 4068 358 4125 montem
382 4061 525 4145 locuples
548 4060 654 4127 ualde.

158 4169 253 4234 Anno
276 4171 403 4254 imperii
425 4170 567 4236 Heraclii
596 4171 750 4237 uicesimo
778 4169 872 4235 tertio
900 4187 971 4233 curn
1000 4165 1143 4231 misisset
1163 4162 1247 4228 Ebu·
1268 4164 1382 4232 LXIII

143 4477 157 4525 3
176 4478 240 4526 crete
257 4478 321 4527 nato
339 4473 402 4527 odd.
420 4473 545 4527 Heraclio
565 4472 775 4543 Bouporsionus
847 4477 862 4524 5
881 4467 1055 4540 apellatulD
1134 4470 1165 4519 13
1183 4469 1250 4519 ami·

75 4565 136 4619 reos
160 4564 186 4618 D
290 4570 320 4619 15
347 4565 440 4620 uolans
465 4565 504 4620 P:
531 4566 639 4621 uolente
666 4565 709 4636 op
796 4563 901 4634 quael)
1023 4567 1052 4615 ll
1089 4551 1200 4615 heremd
1224 4556 1251 4611 Ι)

79 4657 295 4713 resbacense
381 4665 444 4729 qua]
473 4658 580 4729 quel)
683 4663 715 4712 23
741 4664 767 4712 et
794 4658 950 4712 canerem
977 4655 1004 4710 D
1098 4659 1131 4709 21
1149 4639 1252 4709 cluturd

76 4751 102 4806 D
171 4755 203 4805 29
222 4751 331 4807 additur
349 4752 375 4808 1>
460 4757 492 4807 30
510 4753 672 4822 locupletem
690 4751 748 4807 cod.
766 4751 912 4806 Franouoi
928 4747 1038 4805 Pitheci
1114 4752 1145 4802 ³1
1164 4747 1249 4802 hebu-

75 4843 201 4899 beheri)
