2834 5394
200 263 257 327 tos
701 278 794 324 amar
816 278 865 325 uu

195 431 379 514 bellumque
401 430 583 514 reparabat,
607 450 677 494 eum
700 430 814 515 paucis
842 428 883 494 ad
907 447 943 495 se
964 430 1086 494 uenire.
1129 428 1307 513 Pompeius
1328 430 1378 493 tu-

194 541 288 624 giens
311 560 331 605 a
353 542 426 605 Tito
450 548 481 605 et
502 541 622 605 Furnio
645 540 839 605 Antoniauis
862 539 1000 605 ducibus
1028 558 1126 623 saepe
1149 540 1295 605 terrestri
1319 560 1381 605 na-

195 651 325 734 ualique
347 651 432 716 bello
455 651 559 716 uietus
581 658 614 716 et
635 658 748 735 eaptus
771 669 809 713 ae
831 656 904 734 post
927 650 1093 734 paululum
1107 649 1299 715 interfectus
1314 659 1377 715 est.

195 760 317 828 Caesar
339 761 500 846 Illyriemu
529 760 729 826 Pannoniam
763 767 953 844 partemque
974 761 1089 824 ltaliae
1117 758 1214 826 bellis
1243 759 1372 844 subegit

194 882 226 937 et
248 872 379 937 domuit.
423 871 583 937 Antonius
597 871 785 936 Artabanen
806 870 980 935 Armeniae
1002 889 1111 953 regem
1133 868 1320 954 proditione
1340 880 1392 935 ets

193 981 268 1047 dolo
290 982 384 1066 oepit,
407 1002 502 1065 quem
525 988 681 1062 argentea
701 988 817 1045 eatena
839 980 979 1045 uiuetmn
995 980 1037 1044 ad
1053 979 1292 1046 cenfessionem
1306 981 1366 1045 the·

194 1112 361 1158 saurorum
383 1092 545 1174 regiorum
574 1091 679 1175 eoegit
708 1098 956 1176 expugnatoque
979 1090 1114 1175 oppido,
1143 1091 1176 1155 in
1206 1110 1271 1174 quo
1300 1110 1364 1155 eou-

195 1200 279 1266 ditos
301 1221 375 1267 esse
397 1200 598 1285 prodiderat,
633 1221 784 1283 maguam
806 1202 871 1265 uim
906 1200 976 1265 auri
1007 1200 1198 1285 argentique
1227 1199 1365 1265 abstulit.

194 1312 248 1395 qui
282 1312 385 1377 elatus
419 1312 558 1394 preeunia
595 1311 777 1376 ‹lenuutiari
812 1312 931 1376 bellum
967 1310 1100 1377 Caesari
1136 1317 1235 1393 atque
1279 1310 1366 1375 Oeta·

194 1421 268 1488 uiae
306 1422 408 1487 sorori
436 1420 588 1487 Caesaris
625 1422 717 1487 rruori
752 1441 831 1487 suae
865 1420 1034 1505 repudium
1071 1420 1169 1485 iudici
1203 1420 1301 1486 iussit
1339 1428 1367 1485 et
1383 1424 1408 1472 ¹⁰

194 1532 399 1616 Cleopatram
415 1532 477 1599 sibi
494 1531 536 1596 ab
549 1531 751 1597 Alexandria
768 1551 933 1598 oecurrrero
948 1532 1128 1616 imperauit.
1155 1531 1228 1615 ipse
1242 1530 1368 1595 Aetium

194 1643 248 1707 ubi
271 1644 408 1709 classem
431 1641 640 1708 constituerat
666 1642 827 1724 protectus
857 1660 929 1706 oum
957 1662 1058 1727 prope
1086 1642 1214 1707 tertiam
1244 1649 1367 1725 partem

193 1753 349 1835 remigum
380 1753 464 1817 tarne
493 1751 696 1836 absumptam
720 1751 923 1833 offendisset,
946 1753 1028 1817 nihil
1056 1758 1160 1817 motus
1184 1750 1296 1816 ‘remi’
1324 1751 1369 1816 in·

193 1862 263 1944 quit
285 1862 393 1926 ‘ruodo
417 1862 500 1927 saliri
524 1863 603 1943 siut,
633 1883 707 1927 nam
737 1862 877 1945 remiges
907 1882 971 1926 non
994 1862 1129 1927 deerunt
1159 1859 1370 1945 quoadusque

193 1972 331 2038 Graecia
353 1971 501 2037 homines
517 1970 683 2036 habuerit!
712 1979 824 2036 eontra
839 1973 956 2038 Persas
972 1979 1003 2036 et
1016 1972 1154 2037 Parthos
1176 1971 1276 2036 etiam
1299 1971 1370 2056 ipse
1387 1976 1413 2025 ¹⁵

192 2082 360 2166 pugnauit,
383 2081 496 2165 prirrris
518 2101 574 2147 eos
596 2082 730 2165 proeliis
752 2081 843 2164 uiuit,
877 2081 1065 2165 regrediens
1094 2087 1204 2146 tamen
1230 2082 1317 2147 tame
1338 2088 1371 2146 et

192 2191 378 2276 pestilentia
399 2190 559 2256 laborauit
580 2198 612 2256 et
633 2211 705 2254 eum
727 2191 885 2257 instarent
906 2192 1017 2257 Parthi
1040 2191 1192 2274 fugienti,
1216 2192 1289 2277 ipse
1311 2212 1370 2277 pro

192 2301 275 2367 vieto
298 2302 441 2367 recessit.
485 2301 538 2365 lrie
560 2321 686 2385 quoque
709 2302 824 2383 ingens
846 2302 965 2367 bellum
994 2301 1090 2367 eiuile
1118 2303 1293 2367 eornrnouit
1320 2322 1370 2366 eo-

191 2420 288 2496 gente
311 2431 411 2477 uxore
433 2411 605 2496 Cleopatra
626 2412 744 2495 regina
764 2412 904 2497 Aegypti
926 2411 1002 2477 dum
1025 2411 1202 2495 eupiditate
1216 2406 1369 2477 muliebri

192 2529 282 2607 optat
304 2523 400 2588 etiarn
423 2522 458 2587 in
480 2522 559 2588 urbo
581 2540 728 2604 regnare.
1384 2524 1413 2573 ’ἐῢ

91 2622 169 2687 Vlll
277 2631 399 2699 Caesar
421 2633 518 2715 igitur
540 2631 686 2698 ducentis
709 2629 841 2713 triginta
869 2632 1016 2697 rostratis
1044 2631 1184 2697 nauibus
1217 2651 1238 2695 a
1267 2632 1370 2696 Brun·

191 2739 275 2806 disio
305 2740 338 2805 in
368 2741 500 2824 Epirum
533 2743 694 2826 protectus
724 2748 782 2807 est.
826 2741 973 2825 Agrippa
1009 2762 1086 2806 uero
1118 2741 1322 2826 praemissus
1349 2761 1371 2806 a

190 2849 340 2932 Caesare,
364 2853 480 2917 multas
503 2851 669 2917 onerarias
692 2869 795 2916 naues
817 2852 975 2916 frumento
1008 2859 1104 2936 atque
1125 2851 1226 2917 armis
1246 2871 1368 2935 grauos

190 2960 231 3025 ab
260 2961 407 3046 Aegypto
437 2961 534 3046 Syria
558 2962 703 3046 Asiaque
739 2960 782 3026 ad
809 2961 989 3028 subsidium
1018 2962 1158 3026 Antonio
1196 2962 1368 3028 uenientes

189 3071 274 3155 eepit
295 3079 530 3155 peragratoque
543 3071 836 3156 Peloponnensium
860 3072 933 3137 sinu
950 3072 1135 3137 ltlethonam
1151 3070 1264 3136 urbem
1287 3073 1368 3136 uali-
1383 3085 1413 3135 25

189 3177 323 3246 dissirno
346 3180 529 3246 Antoniano
557 3182 723 3265 praesidio
751 3182 907 3246 munitam
939 3182 1146 3267 expugnauit.
1190 3180 1267 3246 inde
1291 3180 1368 3247 Cor·

189 3307 299 3373 eyram
328 3290 423 3374 cepit.
468 3291 628 3374 fugientes
660 3292 771 3357 nauali
800 3293 924 3376 proelio
961 3299 1147 3377 persecutus
1178 3291 1368 3376 profligauit

189 3399 361 3481 multisque
384 3400 480 3467 rebus
502 3402 724 3467 eruentissime
746 3403 848 3485 gestis
870 3401 913 3467 ad
936 3401 1109 3467 Caesarem
1131 3401 1230 3467 uenit.
1266 3400 1367 3467 Anto

188 3509 261 3576 nius
283 3508 411 3576 delectu
433 3516 465 3575 et
479 3512 566 3577 tame
589 3512 726 3576 militum
742 3532 871 3577 suorum
887 3519 1050 3596 permotus
1066 3512 1185 3577 bellum
1200 3516 1367 3578 maturare

188 3619 326 3686 instituit
348 3640 387 3686 ae
407 3628 540 3707 repente
564 3622 728 3688 instruatis
749 3622 851 3707 eopiis
873 3622 916 3687 ad
933 3621 1085 3687 Caesaris
1108 3628 1215 3687 eastra
1235 3640 1366 3706 proees·
1382 3632 1413 3683 ao

188 3730 229 3796 sit
252 3738 284 3797 et
305 3731 408 3797 uietus
431 3740 488 3798 est.
533 3733 626 3798 tertio
657 3741 729 3817 post
757 3752 899 3815 pugnam
922 3730 976 3796 die
997 3732 1156 3797 Antonius
1185 3739 1295 3798 eastra
1321 3731 1365 3798 ad

186 3839 313 3906 Aetium
343 3843 507 3908 transtulit
539 3843 649 3907 nauali
677 3842 799 3925 proelio
822 3840 995 3906 ‹leeernere
1018 3848 1160 3925 paratus.
1204 3840 1366 3908 ducentae

186 3950 320 4034 triginta
342 3957 500 4017 rostratae
522 3952 609 4016 suere
632 3951 782 4018 Caesaris
805 3970 906 4017 naues
935 3959 966 4016 et
988 3951 1122 4035 triginta
1150 3951 1221 4017 sine
1249 3954 1366 4019 rostris

197 4122 378 4130 -—..--·--
382 4126 396 4130 -
415 4126 427 4130 -

253 4222 268 4271 t
287 4224 377 4287 saepe]
397 4220 468 4288 temp
487 4218 514 4273 1)
608 4222 622 4271 5
641 4221 774 4286 rogelim
792 4218 943 4287 proditione
961 4218 988 4273 D
1076 4223 1107 4271 10
1125 4217 1259 4274 uxonil)
1331 4224 1364 4272 ta

186 4313 259 4363 uretu
294 4309 317 4364 I)
418 4316 447 4365 19
480 4311 583 4365 mulien
614 4316 691 4379 optat
724 4309 747 4365 l)
850 4315 882 4364 ‘25
914 4312 1104 4380 peloponentui
1138 4312 1163 4367 D
1254 4312 1364 4366 motho-

185 4416 247 4456 nam
266 4401 291 4455 lt
1339 4400 1342 4405 ’
