<?xml version="1.0" encoding="UTF-8"?>
<!DOCTYPE html PUBLIC "-//W3C//DTD XHTML 1.0 Transitional//EN"
    "http://www.w3.org/TR/xhtml1/DTD/xhtml1-transitional.dtd">
<html xmlns="http://www.w3.org/1999/xhtml" xml:lang="en" lang="en">
 <head>
  <title>
</title>
<meta http-equiv="Content-Type" content="text/html;charset=utf-8" />
  <meta name='ocr-system' content='tesseract 3.04.00' />
  <meta name='ocr-capabilities' content='ocr_page ocr_carea ocr_par ocr_line ocrx_word'/>
</head>
<body>
  <div class='ocr_page' id='page_1' title='image "./historiamiscell00sagagoog_0430.png"; bbox 0 0 2834 5394; ppageno 0'>
   <div class='ocr_carea' id='block_1_1' title="bbox 161 262 862 324">
    <p class='ocr_par' dir='ltr' id='par_1_1' title="bbox 161 262 862 324">
     <span class='ocr_line' id='line_1_1' title="bbox 161 262 862 324; baseline -0.001 -2"><span class='ocrx_word' id='word_1_1' title='bbox 161 262 225 324; x_wconf 82' lang='grc'>416</span> <span class='ocrx_word' id='word_1_2' title='bbox 650 274 743 322; x_wconf 83' lang='lat' dir='ltr'>ntnat</span> <span class='ocrx_word' id='word_1_3' title='bbox 764 274 862 322; x_wconf 85' lang='lat' dir='ltr'>xmm</span> 
     </span>
    </p>
   </div>
   <div class='ocr_carea' id='block_1_2' title="bbox 16 426 1388 3929">
    <p class='ocr_par' dir='ltr' id='par_1_2' title="bbox 16 426 1388 3929">
     <span class='ocr_line' id='line_1_2' title="bbox 161 426 1339 511; baseline -0.003 -18"><span class='ocrx_word' id='word_1_4' title='bbox 161 427 306 494; x_wconf 63' lang='lat' dir='ltr'>uidebis?</span> <span class='ocrx_word' id='word_1_5' title='bbox 335 446 419 509; x_wconf 89' lang='lat' dir='ltr'>quae</span> <span class='ocrx_word' id='word_1_6' title='bbox 442 427 635 493; x_wconf 87' lang='lat' dir='ltr'>exclamauit</span> <span class='ocrx_word' id='word_1_7' title='bbox 657 446 728 490; x_wconf 93' lang='lat' dir='ltr'>eum</span> <span class='ocrx_word' id='word_1_8' title='bbox 750 426 828 493; x_wconf 85' lang='lat' dir='ltr'>fletu</span> <span class='ocrx_word' id='word_1_9' title='bbox 845 446 925 493; x_wconf 87' lang='lat' dir='ltr'>uoce</span> <span class='ocrx_word' id='word_1_10' title='bbox 940 447 1058 510; x_wconf 75' lang='lat' dir='ltr'>magna</span> <span class='ocrx_word' id='word_1_11' title='bbox 1074 427 1116 491; x_wconf 92' lang='lat' dir='ltr'>ad</span> <span class='ocrx_word' id='word_1_12' title='bbox 1131 444 1339 511; x_wconf 87' lang='lat' dir='ltr'>paracoemu-</span> 
     </span>
     <span class='ocr_line' id='line_1_3' title="bbox 161 535 1336 625; baseline 0.003 -22"><span class='ocrx_word' id='word_1_13' title='bbox 161 557 289 603; x_wconf 82' lang='lat' dir='ltr'>menum</span> <span class='ocrx_word' id='word_1_14' title='bbox 311 537 424 603; x_wconf 89' lang='lat' dir='ltr'>dicens</span> <span class='ocrx_word' id='word_1_15' title='bbox 441 535 564 602; x_wconf 89' lang='lat' dir='ltr'>‘adiuro</span> <span class='ocrx_word' id='word_1_16' title='bbox 579 546 611 602; x_wconf 94' lang='lat' dir='ltr'>te</span> <span class='ocrx_word' id='word_1_17' title='bbox 627 556 685 621; x_wconf 90' lang='lat' dir='ltr'>per</span> <span class='ocrx_word' id='word_1_18' title='bbox 701 536 795 602; x_wconf 90' lang='lat' dir='ltr'>deam</span> <span class='ocrx_word' id='word_1_19' title='bbox 812 556 895 621; x_wconf 83' lang='lat' dir='ltr'>qrrae</span> <span class='ocrx_word' id='word_1_20' title='bbox 912 548 961 603; x_wconf 89' lang='lat' dir='ltr'>est</span> <span class='ocrx_word' id='word_1_21' title='bbox 975 536 1056 603; x_wconf 86' lang='lat' dir='ltr'>haee</span> <span class='ocrx_word' id='word_1_22' title='bbox 1071 557 1171 605; x_wconf 92' lang='lat' dir='ltr'>causa</span> <span class='ocrx_word' id='word_1_23' title='bbox 1183 539 1225 604; x_wconf 89' lang='lat' dir='ltr'>ob</span> <span class='ocrx_word' id='word_1_24' title='bbox 1241 562 1336 625; x_wconf 85' lang='lat' dir='ltr'>quarn</span> 
     </span>
     <span class='ocr_line' id='line_1_4' title="bbox 162 646 1337 736; baseline 0.004 -24"><span class='ocrx_word' id='word_1_25' title='bbox 162 649 287 731; x_wconf 88' lang='lat' dir='ltr'>quaerit</span> <span class='ocrx_word' id='word_1_26' title='bbox 302 668 374 714; x_wconf 93' lang='lat' dir='ltr'>eum</span> <span class='ocrx_word' id='word_1_27' title='bbox 401 648 462 712; x_wconf 87' lang='lat' dir='ltr'>hae</span> <span class='ocrx_word' id='word_1_28' title='bbox 476 647 591 712; x_wconf 70' lang='lat' dir='ltr'>horai&#39;</span> <span class='ocrx_word' id='word_1_29' title='bbox 614 657 647 711; x_wconf 88' lang='lat' dir='ltr'>at</span> <span class='ocrx_word' id='word_1_30' title='bbox 670 646 725 711; x_wconf 92' lang='lat' dir='ltr'>ille</span> <span class='ocrx_word' id='word_1_31' title='bbox 740 648 858 712; x_wconf 88' lang='lat' dir='ltr'>iurauit</span> <span class='ocrx_word' id='word_1_32' title='bbox 880 667 916 713; x_wconf 89' lang='lat' dir='ltr'>se</span> <span class='ocrx_word' id='word_1_33' title='bbox 932 648 1081 731; x_wconf 80' lang='lat' dir='ltr'>ignorare</span> <span class='ocrx_word' id='word_1_34' title='bbox 1104 651 1182 733; x_wconf 88' lang='lat' dir='ltr'>quia</span> <span class='ocrx_word' id='word_1_35' title='bbox 1203 662 1337 736; x_wconf 88' lang='lat' dir='ltr'>repente</span> 
     </span>
     <span class='ocr_line' id='line_1_5' title="bbox 160 757 1337 844; baseline 0.004 -22"><span class='ocrx_word' id='word_1_36' title='bbox 160 760 335 843; x_wconf 88' lang='lat' dir='ltr'>imperator</span> <span class='ocrx_word' id='word_1_37' title='bbox 356 757 398 823; x_wconf 92' lang='lat' dir='ltr'>de</span> <span class='ocrx_word' id='word_1_38' title='bbox 420 777 532 824; x_wconf 90' lang='lat' dir='ltr'>sonmo</span> <span class='ocrx_word' id='word_1_39' title='bbox 555 776 715 840; x_wconf 78' lang='lat' dir='ltr'>exurgens</span> <span class='ocrx_word' id='word_1_40' title='bbox 731 757 817 822; x_wconf 85' lang='lat' dir='ltr'><strong>misit</strong></span> <span class='ocrx_word' id='word_1_41' title='bbox 833 776 891 821; x_wconf 88' lang='lat' dir='ltr'>me.</span> <span class='ocrx_word' id='word_1_42' title='bbox 915 757 1116 843; x_wconf 87' lang='lat' dir='ltr'>Philippicas</span> <span class='ocrx_word' id='word_1_43' title='bbox 1139 779 1216 842; x_wconf 75' lang='lat' dir='ltr'>crgo</span> <span class='ocrx_word' id='word_1_44' title='bbox 1239 782 1337 844; x_wconf 90' lang='lat' dir='ltr'>quae·</span> 
     </span>
     <span class='ocr_line' id='line_1_6' title="bbox 161 867 1366 955; baseline -0.002 -21"><span class='ocrx_word' id='word_1_45' title='bbox 161 868 238 934; x_wconf 88' lang='lat' dir='ltr'>siuit</span> <span class='ocrx_word' id='word_1_46' title='bbox 259 888 375 951; x_wconf 89' lang='lat' dir='ltr'>eorpus</span> <span class='ocrx_word' id='word_1_47' title='bbox 398 867 517 932; x_wconf 86' lang='lat' dir='ltr'>Christi</span> <span class='ocrx_word' id='word_1_48' title='bbox 547 869 713 952; x_wconf 79' lang='lat' dir='ltr'>percipere</span> <span class='ocrx_word' id='word_1_49' title='bbox 742 874 774 931; x_wconf 92' lang='lat' dir='ltr'>et</span> <span class='ocrx_word' id='word_1_50' title='bbox 802 869 849 932; x_wconf 86' lang='lat' dir='ltr'>sie</span> <span class='ocrx_word' id='word_1_51' title='bbox 876 867 918 932; x_wconf 90' lang='lat' dir='ltr'>ad</span> <span class='ocrx_word' id='word_1_52' title='bbox 942 869 1166 954; x_wconf 78' lang='lat' dir='ltr'>imperatorem</span> <span class='ocrx_word' id='word_1_53' title='bbox 1191 886 1366 955; x_wconf 76' lang='lat' dir='ltr'>pergeret</span> 
     </span>
     <span class='ocr_line' id='line_1_7' title="bbox 162 977 1337 1095; baseline 0.003 -54"><span class='ocrx_word' id='word_1_54' title='bbox 162 996 241 1044; x_wconf 80' lang='lat' dir='ltr'>rrxor</span> <span class='ocrx_word' id='word_1_55' title='bbox 250 978 339 1095; x_wconf 43' lang='lat' dir='ltr'>pius</span> <span class='ocrx_word' id='word_1_56' title='bbox 367 984 473 1042; x_wconf 91' lang='lat' dir='ltr'>autem</span> <span class='ocrx_word' id='word_1_57' title='bbox 497 977 618 1042; x_wconf 84' lang='lat' dir='ltr'>Gordia</span> <span class='ocrx_word' id='word_1_58' title='bbox 641 977 766 1042; x_wconf 88' lang='lat' dir='ltr'>iaeehat</span> <span class='ocrx_word' id='word_1_59' title='bbox 793 977 827 1041; x_wconf 95' lang='lat' dir='ltr'>in</span> <span class='ocrx_word' id='word_1_60' title='bbox 851 984 936 1043; x_wconf 85' lang='lat' dir='ltr'>terra</span> <span class='ocrx_word' id='word_1_61' title='bbox 963 998 998 1043; x_wconf 88' lang='lat' dir='ltr'>se</span> <span class='ocrx_word' id='word_1_62' title='bbox 1030 981 1178 1047; x_wconf 89' lang='lat' dir='ltr'>uolutans</span> <span class='ocrx_word' id='word_1_63' title='bbox 1207 990 1240 1046; x_wconf 89' lang='lat' dir='ltr'>et</span> <span class='ocrx_word' id='word_1_64' title='bbox 1272 983 1337 1066; x_wconf 92' lang='lat' dir='ltr'>plo-</span> 
     </span>
     <span class='ocr_line' id='line_1_8' title="bbox 16 1086 1337 1174; baseline 0.002 -21"><span class='ocrx_word' id='word_1_65' title='bbox 16 1086 190 1154; x_wconf 79' lang='lat' dir='ltr'>xxxxvt</span> <span class='ocrx_word' id='word_1_66' title='bbox 211 1108 288 1153; x_wconf 90' lang='lat' dir='ltr'>rans</span> <span class='ocrx_word' id='word_1_67' title='bbox 312 1095 343 1152; x_wconf 88' lang='lat' dir='ltr'>et</span> <span class='ocrx_word' id='word_1_68' title='bbox 364 1086 459 1152; x_wconf 89' lang='lat' dir='ltr'>deum</span> <span class='ocrx_word' id='word_1_69' title='bbox 483 1107 630 1153; x_wconf 88' lang='lat' dir='ltr'>exorans.</span> <span class='ocrx_word' id='word_1_70' title='bbox 665 1089 832 1170; x_wconf 84' lang='lat' dir='ltr'>ingressus</span> <span class='ocrx_word' id='word_1_71' title='bbox 852 1108 929 1153; x_wconf 87' lang='lat' dir='ltr'>uero</span> <span class='ocrx_word' id='word_1_72' title='bbox 941 1088 1143 1174; x_wconf 88' lang='lat' dir='ltr'>Philippicas</span> <span class='ocrx_word' id='word_1_73' title='bbox 1158 1091 1337 1156; x_wconf 81' lang='lat' dir='ltr'>cubiculum</span> 
     </span>
     <span class='ocr_line' id='line_1_9' title="bbox 163 1197 1338 1282; baseline 0.003 -18"><span class='ocrx_word' id='word_1_74' title='bbox 163 1199 287 1282; x_wconf 84' lang='lat' dir='ltr'>regium</span> <span class='ocrx_word' id='word_1_75' title='bbox 309 1197 442 1282; x_wconf 90' lang='lat' dir='ltr'>proiecit</span> <span class='ocrx_word' id='word_1_76' title='bbox 462 1216 497 1265; x_wconf 91' lang='lat' dir='ltr'>se</span> <span class='ocrx_word' id='word_1_77' title='bbox 520 1197 561 1262; x_wconf 89' lang='lat' dir='ltr'>ad</span> <span class='ocrx_word' id='word_1_78' title='bbox 577 1198 677 1282; x_wconf 91' lang='lat' dir='ltr'>pedes</span> <span class='ocrx_word' id='word_1_79' title='bbox 693 1198 906 1280; x_wconf 67' lang='lat' dir='ltr'>imperatorie.</span> <span class='ocrx_word' id='word_1_80' title='bbox 937 1199 1112 1282; x_wconf 87' lang='lat' dir='ltr'>imperator</span> <span class='ocrx_word' id='word_1_81' title='bbox 1134 1208 1240 1267; x_wconf 88' lang='lat' dir='ltr'>autem</span> <span class='ocrx_word' id='word_1_82' title='bbox 1257 1203 1338 1268; x_wconf 81' lang='lat' dir='ltr'>dixit</span> 
     </span>
     <span class='ocr_line' id='line_1_10' title="bbox 163 1307 1337 1392; baseline 0.003 -18"><span class='ocrx_word' id='word_1_83' title='bbox 163 1307 194 1374; x_wconf 92' lang='lat' dir='ltr'>ei</span> <span class='ocrx_word' id='word_1_84' title='bbox 217 1307 359 1391; x_wconf 80' lang='lat' dir='ltr'>‘ignosce</span> <span class='ocrx_word' id='word_1_85' title='bbox 380 1308 459 1372; x_wconf 92' lang='lat' dir='ltr'>mihi</span> <span class='ocrx_word' id='word_1_86' title='bbox 481 1314 611 1392; x_wconf 89' lang='lat' dir='ltr'>propter</span> <span class='ocrx_word' id='word_1_87' title='bbox 633 1307 797 1372; x_wconf 90' lang='lat' dir='ltr'>dominam</span> <span class='ocrx_word' id='word_1_88' title='bbox 821 1309 897 1392; x_wconf 90' lang='lat' dir='ltr'>quia</span> <span class='ocrx_word' id='word_1_89' title='bbox 919 1310 1051 1392; x_wconf 87' lang='lat' dir='ltr'>peccaui</span> <span class='ocrx_word' id='word_1_90' title='bbox 1074 1310 1142 1375; x_wconf 90' lang='lat' dir='ltr'>tihi.</span> <span class='ocrx_word' id='word_1_91' title='bbox 1186 1332 1262 1376; x_wconf 87' lang='lat' dir='ltr'>nam</span> <span class='ocrx_word' id='word_1_92' title='bbox 1286 1334 1337 1379; x_wconf 90' lang='lat' dir='ltr'>us-</span> 
     </span>
     <span class='ocr_line' id='line_1_11' title="bbox 163 1418 1379 1502; baseline 0.003 -19"><span class='ocrx_word' id='word_1_93' title='bbox 163 1437 225 1502; x_wconf 88' lang='lat' dir='ltr'>que</span> <span class='ocrx_word' id='word_1_94' title='bbox 247 1436 333 1483; x_wconf 88' lang='lat' dir='ltr'>nunc</span> <span class='ocrx_word' id='word_1_95' title='bbox 351 1418 600 1484; x_wconf 88' lang='lat' dir='ltr'>scandalizabar</span> <span class='ocrx_word' id='word_1_96' title='bbox 616 1419 648 1482; x_wconf 93' lang='lat' dir='ltr'>in</span> <span class='ocrx_word' id='word_1_97' title='bbox 664 1419 703 1483; x_wconf 87' lang='lat' dir='ltr'>te&#39;</span> <span class='ocrx_word' id='word_1_98' title='bbox 725 1427 756 1482; x_wconf 89' lang='lat' dir='ltr'>ct</span> <span class='ocrx_word' id='word_1_99' title='bbox 771 1419 886 1484; x_wconf 91' lang='lat' dir='ltr'>iuhens</span> <span class='ocrx_word' id='word_1_100' title='bbox 902 1419 991 1484; x_wconf 76' lang='lat' dir='ltr'>exire</span> <span class='ocrx_word' id='word_1_101' title='bbox 1013 1440 1336 1502; x_wconf 86' lang='lat' dir='ltr'>paracoemumenum</span> <span class='ocrx_word' id='word_1_102' title='bbox 1355 1430 1379 1478; x_wconf 83' lang='lat'>10</span> 
     </span>
     <span class='ocr_line' id='line_1_12' title="bbox 164 1528 1337 1613; baseline 0.002 -18"><span class='ocrx_word' id='word_1_103' title='bbox 164 1529 302 1595; x_wconf 79' lang='lat' dir='ltr'>surrexit</span> <span class='ocrx_word' id='word_1_104' title='bbox 330 1536 363 1595; x_wconf 85' lang='lat' dir='ltr'>et</span> <span class='ocrx_word' id='word_1_105' title='bbox 391 1529 506 1594; x_wconf 84' lang='lat' dir='ltr'>cecidit</span> <span class='ocrx_word' id='word_1_106' title='bbox 533 1528 575 1593; x_wconf 89' lang='lat' dir='ltr'>ad</span> <span class='ocrx_word' id='word_1_107' title='bbox 607 1528 707 1610; x_wconf 81' lang='lat' dir='ltr'>pedes</span> <span class='ocrx_word' id='word_1_108' title='bbox 737 1528 909 1612; x_wconf 79' lang='lat' dir='ltr'>Philippici</span> <span class='ocrx_word' id='word_1_109' title='bbox 941 1529 1052 1594; x_wconf 90' lang='lat' dir='ltr'>dicens</span> <span class='ocrx_word' id='word_1_110' title='bbox 1083 1529 1229 1613; x_wconf 84' lang='lat' dir='ltr'>‘ignosce</span> <span class='ocrx_word' id='word_1_111' title='bbox 1260 1531 1337 1597; x_wconf 89' lang='lat' dir='ltr'>mihi</span> 
     </span>
     <span class='ocr_line' id='line_1_13' title="bbox 164 1638 1337 1724; baseline 0.003 -21"><span class='ocrx_word' id='word_1_112' title='bbox 164 1640 241 1724; x_wconf 87' lang='lat' dir='ltr'>quia</span> <span class='ocrx_word' id='word_1_113' title='bbox 263 1639 358 1703; x_wconf 89' lang='lat' dir='ltr'>modo</span> <span class='ocrx_word' id='word_1_114' title='bbox 380 1640 559 1705; x_wconf 88' lang='lat' dir='ltr'>certissime</span> <span class='ocrx_word' id='word_1_115' title='bbox 583 1640 658 1703; x_wconf 90' lang='lat' dir='ltr'>noui</span> <span class='ocrx_word' id='word_1_116' title='bbox 689 1638 772 1722; x_wconf 88' lang='lat' dir='ltr'>qaod</span> <span class='ocrx_word' id='word_1_117' title='bbox 803 1638 885 1703; x_wconf 89' lang='lat' dir='ltr'>nihil</span> <span class='ocrx_word' id='word_1_118' title='bbox 909 1641 1094 1722; x_wconf 89' lang='lat' dir='ltr'>peccaueris</span> <span class='ocrx_word' id='word_1_119' title='bbox 1117 1641 1150 1706; x_wconf 93' lang='lat' dir='ltr'>in</span> <span class='ocrx_word' id='word_1_120' title='bbox 1173 1662 1234 1708; x_wconf 91' lang='lat' dir='ltr'>me.</span> <span class='ocrx_word' id='word_1_121' title='bbox 1280 1641 1337 1709; x_wconf 91' lang='lat' dir='ltr'>sed</span> 
     </span>
     <span class='ocr_line' id='line_1_14' title="bbox 164 1747 1339 1833; baseline 0.001 -19"><span class='ocrx_word' id='word_1_122' title='bbox 164 1748 217 1815; x_wconf 89' lang='lat' dir='ltr'>die</span> <span class='ocrx_word' id='word_1_123' title='bbox 239 1749 318 1814; x_wconf 94' lang='lat' dir='ltr'>mihi</span> <span class='ocrx_word' id='word_1_124' title='bbox 345 1768 440 1833; x_wconf 87' lang='lat' dir='ltr'>quem</span> <span class='ocrx_word' id='word_1_125' title='bbox 470 1747 533 1814; x_wconf 90' lang='lat' dir='ltr'>scis</span> <span class='ocrx_word' id='word_1_126' title='bbox 556 1749 639 1813; x_wconf 87' lang='lat' dir='ltr'>inter</span> <span class='ocrx_word' id='word_1_127' title='bbox 660 1749 792 1831; x_wconf 78' lang='lat' dir='ltr'>agmina</span> <span class='ocrx_word' id='word_1_128' title='bbox 812 1757 924 1814; x_wconf 80' lang='lat' dir='ltr'>nostra</span> <span class='ocrx_word' id='word_1_129' title='bbox 946 1749 1088 1814; x_wconf 90' lang='lat' dir='ltr'>Phoeam</span> <span class='ocrx_word' id='word_1_130' title='bbox 1112 1751 1284 1817; x_wconf 81' lang='lat' dir='ltr'>militem?’</span> <span class='ocrx_word' id='word_1_131' title='bbox 1306 1760 1339 1817; x_wconf 88' lang='lat' dir='ltr'>at</span> 
     </span>
     <span class='ocr_line' id='line_1_15' title="bbox 164 1859 1336 1944; baseline 0.004 -21"><span class='ocrx_word' id='word_1_132' title='bbox 164 1879 241 1925; x_wconf 90' lang='lat' dir='ltr'>uero</span> <span class='ocrx_word' id='word_1_133' title='bbox 263 1859 462 1943; x_wconf 88' lang='lat' dir='ltr'>Philippicas</span> <span class='ocrx_word' id='word_1_134' title='bbox 490 1859 672 1940; x_wconf 81' lang='lat' dir='ltr'>recogitans</span> <span class='ocrx_word' id='word_1_135' title='bbox 701 1859 778 1923; x_wconf 89' lang='lat' dir='ltr'>dicit</span> <span class='ocrx_word' id='word_1_136' title='bbox 800 1861 829 1923; x_wconf 92' lang='lat' dir='ltr'>ei</span> <span class='ocrx_word' id='word_1_137' title='bbox 854 1861 967 1924; x_wconf 85' lang='lat' dir='ltr'>‘anum</span> <span class='ocrx_word' id='word_1_138' title='bbox 991 1880 1148 1942; x_wconf 77' lang='lat' dir='ltr'>cognosco</span> <span class='ocrx_word' id='word_1_139' title='bbox 1177 1861 1232 1944; x_wconf 84' lang='lat' dir='ltr'>qui</span> <span class='ocrx_word' id='word_1_140' title='bbox 1261 1870 1336 1928; x_wconf 87' lang='lat' dir='ltr'>ante</span> 
     </span>
     <span class='ocr_line' id='line_1_16' title="bbox 165 1967 1380 2052; baseline 0.004 -20"><span class='ocrx_word' id='word_1_141' title='bbox 165 1967 323 2032; x_wconf 84' lang='lat' dir='ltr'>modicum</span> <span class='ocrx_word' id='word_1_142' title='bbox 345 1978 469 2052; x_wconf 87' lang='lat' dir='ltr'>tempus</span> <span class='ocrx_word' id='word_1_143' title='bbox 492 1978 678 2050; x_wconf 85' lang='lat' dir='ltr'>procurator</span> <span class='ocrx_word' id='word_1_144' title='bbox 699 1969 740 2032; x_wconf 90' lang='lat' dir='ltr'>ab</span> <span class='ocrx_word' id='word_1_145' title='bbox 770 1969 911 2034; x_wconf 83' lang='lat' dir='ltr'>exercitu</span> <span class='ocrx_word' id='word_1_146' title='bbox 941 1969 1120 2036; x_wconf 86' lang='lat' dir='ltr'>destinatus</span> <span class='ocrx_word' id='word_1_147' title='bbox 1142 1970 1337 2037; x_wconf 88' lang='lat' dir='ltr'>contradice—</span> <span class='ocrx_word' id='word_1_148' title='bbox 1355 1979 1380 2026; x_wconf 74' lang='lat'>¹⁵</span> 
     </span>
     <span class='ocr_line' id='line_1_17' title="bbox 165 2078 1338 2165; baseline 0.002 -21"><span class='ocrx_word' id='word_1_149' title='bbox 165 2078 222 2146; x_wconf 91' lang='lat' dir='ltr'>hat</span> <span class='ocrx_word' id='word_1_150' title='bbox 243 2079 377 2163; x_wconf 88' lang='lat' dir='ltr'>imperio</span> <span class='ocrx_word' id='word_1_151' title='bbox 400 2079 472 2142; x_wconf 71' lang='lat' dir='ltr'>tuo!</span> <span class='ocrx_word' id='word_1_152' title='bbox 514 2086 566 2144; x_wconf 90' lang='lat' dir='ltr'>ast</span> <span class='ocrx_word' id='word_1_153' title='bbox 588 2079 761 2161; x_wconf 88' lang='lat' dir='ltr'>imperator</span> <span class='ocrx_word' id='word_1_154' title='bbox 792 2079 837 2143; x_wconf 87' lang='lat' dir='ltr'>ait</span> <span class='ocrx_word' id='word_1_155' title='bbox 860 2079 967 2144; x_wconf 83' lang='lat' dir='ltr'>‘cuius</span> <span class='ocrx_word' id='word_1_156' title='bbox 989 2090 1039 2144; x_wconf 87' lang='lat' dir='ltr'>est</span> <span class='ocrx_word' id='word_1_157' title='bbox 1061 2080 1262 2164; x_wconf 79' lang='lat' dir='ltr'>qualitatis?’</span> <span class='ocrx_word' id='word_1_158' title='bbox 1285 2082 1338 2165; x_wconf 83' lang='lat' dir='ltr'>qui</span> 
     </span>
     <span class='ocr_line' id='line_1_18' title="bbox 166 2188 1339 2257; baseline -0.001 -1"><span class='ocrx_word' id='word_1_159' title='bbox 166 2191 211 2256; x_wconf 87' lang='lat' dir='ltr'>ait</span> <span class='ocrx_word' id='word_1_160' title='bbox 233 2189 374 2254; x_wconf 77' lang='lat' dir='ltr'>‘iuuenis</span> <span class='ocrx_word' id='word_1_161' title='bbox 397 2188 584 2254; x_wconf 86' lang='lat' dir='ltr'>temerarius</span> <span class='ocrx_word' id='word_1_162' title='bbox 607 2188 664 2254; x_wconf 90' lang='lat' dir='ltr'>sed</span> <span class='ocrx_word' id='word_1_163' title='bbox 687 2197 794 2254; x_wconf 86' lang='lat' dir='ltr'>tamen</span> <span class='ocrx_word' id='word_1_164' title='bbox 817 2189 965 2255; x_wconf 66' lang='lat' dir='ltr'>timidas?</span> <span class='ocrx_word' id='word_1_165' title='bbox 998 2197 1073 2253; x_wconf 90' lang='lat' dir='ltr'>tune</span> <span class='ocrx_word' id='word_1_166' title='bbox 1095 2190 1269 2256; x_wconf 80' lang='lat' dir='ltr'>Mauricius</span> <span class='ocrx_word' id='word_1_167' title='bbox 1292 2189 1339 2257; x_wconf 89' lang='lat' dir='ltr'>‘si</span> 
     </span>
     <span class='ocr_line' id='line_1_19' title="bbox 165 2298 1338 2385; baseline -0.002 -18"><span class='ocrx_word' id='word_1_168' title='bbox 165 2300 310 2367; x_wconf 90' lang='lat' dir='ltr'>timidus‘</span> <span class='ocrx_word' id='word_1_169' title='bbox 333 2299 435 2381; x_wconf 88' lang='lat' dir='ltr'>inquil</span> <span class='ocrx_word' id='word_1_170' title='bbox 460 2298 615 2384; x_wconf 85' lang='lat' dir='ltr'>‘prolecto</span> <span class='ocrx_word' id='word_1_171' title='bbox 638 2307 669 2365; x_wconf 87' lang='lat' dir='ltr'>et</span> <span class='ocrx_word' id='word_1_172' title='bbox 690 2298 870 2365; x_wconf 66' lang='lat' dir='ltr'>homicida!</span> <span class='ocrx_word' id='word_1_173' title='bbox 913 2310 944 2365; x_wconf 90' lang='lat' dir='ltr'>et</span> <span class='ocrx_word' id='word_1_174' title='bbox 973 2300 1133 2365; x_wconf 84' lang='lat' dir='ltr'>referebat</span> <span class='ocrx_word' id='word_1_175' title='bbox 1154 2300 1338 2385; x_wconf 83' lang='lat' dir='ltr'>Philippico</span> 
     </span>
     <span class='ocr_line' id='line_1_20' title="bbox 166 2409 1338 2492; baseline -0.003 -13"><span class='ocrx_word' id='word_1_176' title='bbox 166 2411 282 2480; x_wconf 86' lang='lat' dir='ltr'>somnii</span> <span class='ocrx_word' id='word_1_177' title='bbox 304 2410 543 2476; x_wconf 83' lang='lat' dir='ltr'>reuelation&#39;em.</span> <span class='ocrx_word' id='word_1_178' title='bbox 589 2429 683 2492; x_wconf 88' lang='lat' dir='ltr'>porro</span> <span class='ocrx_word' id='word_1_179' title='bbox 712 2418 805 2476; x_wconf 86' lang='lat' dir='ltr'>noete</span> <span class='ocrx_word' id='word_1_180' title='bbox 832 2409 890 2474; x_wconf 88' lang='lat' dir='ltr'>illa</span> <span class='ocrx_word' id='word_1_181' title='bbox 911 2411 981 2476; x_wconf 89' lang='lat' dir='ltr'>uisa</span> <span class='ocrx_word' id='word_1_182' title='bbox 1005 2418 1053 2475; x_wconf 87' lang='lat' dir='ltr'>est</span> <span class='ocrx_word' id='word_1_183' title='bbox 1076 2411 1170 2476; x_wconf 88' lang='lat' dir='ltr'>stella</span> <span class='ocrx_word' id='word_1_184' title='bbox 1192 2409 1338 2476; x_wconf 90' lang='lat' dir='ltr'>incaelo</span> 
     </span>
     <span class='ocr_line' id='line_1_21' title="bbox 166 2519 1384 2608; baseline -0.007 -21"><span class='ocrx_word' id='word_1_185' title='bbox 166 2541 249 2608; x_wconf 87' lang='lat' dir='ltr'>quae</span> <span class='ocrx_word' id='word_1_186' title='bbox 271 2521 387 2587; x_wconf 87' lang='lat' dir='ltr'>dicitur</span> <span class='ocrx_word' id='word_1_187' title='bbox 408 2528 540 2585; x_wconf 88' lang='lat' dir='ltr'>cometa.</span> <span class='ocrx_word' id='word_1_188' title='bbox 585 2521 618 2584; x_wconf 92' lang='lat' dir='ltr'>in</span> <span class='ocrx_word' id='word_1_189' title='bbox 647 2521 823 2586; x_wconf 89' lang='lat' dir='ltr'>crastinum</span> <span class='ocrx_word' id='word_1_190' title='bbox 852 2530 959 2585; x_wconf 89' lang='lat' dir='ltr'>autem</span> <span class='ocrx_word' id='word_1_191' title='bbox 988 2519 1137 2603; x_wconf 91' lang='lat' dir='ltr'>peruenit</span> <span class='ocrx_word' id='word_1_192' title='bbox 1158 2520 1339 2603; x_wconf 80' lang='lat' dir='ltr'>Magistria·</span> <span class='ocrx_word' id='word_1_193' title='bbox 1354 2527 1384 2578; x_wconf 83' lang='grc'>00</span> 
     </span>
     <span class='ocr_line' id='line_1_22' title="bbox 166 2630 1338 2716; baseline -0.003 -16"><span class='ocrx_word' id='word_1_194' title='bbox 166 2651 228 2700; x_wconf 88' lang='lat' dir='ltr'>nus</span> <span class='ocrx_word' id='word_1_195' title='bbox 258 2633 312 2716; x_wconf 91' lang='lat' dir='ltr'>qui</span> <span class='ocrx_word' id='word_1_196' title='bbox 334 2632 452 2698; x_wconf 85' lang='lat' dir='ltr'>missus</span> <span class='ocrx_word' id='word_1_197' title='bbox 475 2632 578 2695; x_wconf 84' lang='lat' dir='ltr'>luerat</span> <span class='ocrx_word' id='word_1_198' title='bbox 607 2630 648 2695; x_wconf 91' lang='lat' dir='ltr'>ad</span> <span class='ocrx_word' id='word_1_199' title='bbox 678 2639 807 2697; x_wconf 86' lang='lat' dir='ltr'>sanctos</span> <span class='ocrx_word' id='word_1_200' title='bbox 830 2630 926 2695; x_wconf 90' lang='lat' dir='ltr'>eremi</span> <span class='ocrx_word' id='word_1_201' title='bbox 950 2639 1058 2712; x_wconf 87' lang='lat' dir='ltr'>patres</span> <span class='ocrx_word' id='word_1_202' title='bbox 1088 2631 1195 2695; x_wconf 85' lang='lat' dir='ltr'>terens</span> <span class='ocrx_word' id='word_1_203' title='bbox 1224 2630 1267 2694; x_wconf 88' lang='lat' dir='ltr'>ab</span> <span class='ocrx_word' id='word_1_204' title='bbox 1290 2630 1338 2696; x_wconf 85' lang='lat' dir='ltr'>eis</span> 
     </span>
     <span class='ocr_line' id='line_1_23' title="bbox 165 2739 1341 2827; baseline -0.003 -19"><span class='ocrx_word' id='word_1_205' title='bbox 165 2762 355 2827; x_wconf 89' lang='lat' dir='ltr'>responsum</span> <span class='ocrx_word' id='word_1_206' title='bbox 378 2741 473 2806; x_wconf 90' lang='lat' dir='ltr'>huius</span> <span class='ocrx_word' id='word_1_207' title='bbox 496 2739 583 2804; x_wconf 90' lang='lat' dir='ltr'>modi</span> <span class='ocrx_word' id='word_1_208' title='bbox 611 2739 707 2806; x_wconf 86' lang='lat' dir='ltr'>‘deus</span> <span class='ocrx_word' id='word_1_209' title='bbox 736 2746 866 2824; x_wconf 85' lang='lat' dir='ltr'>recepta</span> <span class='ocrx_word' id='word_1_210' title='bbox 894 2740 1094 2823; x_wconf 84' lang='lat' dir='ltr'>paenitentia</span> <span class='ocrx_word' id='word_1_211' title='bbox 1115 2748 1170 2805; x_wconf 90' lang='lat' dir='ltr'>tua</span> <span class='ocrx_word' id='word_1_212' title='bbox 1199 2740 1341 2805; x_wconf 86' lang='lat' dir='ltr'>saluauit</span> 
     </span>
     <span class='ocr_line' id='line_1_24' title="bbox 167 2849 1340 2927; baseline -0.003 -9"><span class='ocrx_word' id='word_1_213' title='bbox 167 2852 307 2918; x_wconf 90' lang='lat' dir='ltr'>animam</span> <span class='ocrx_word' id='word_1_214' title='bbox 330 2860 418 2916; x_wconf 90' lang='lat' dir='ltr'>tuam</span> <span class='ocrx_word' id='word_1_215' title='bbox 440 2859 473 2917; x_wconf 90' lang='lat' dir='ltr'>et</span> <span class='ocrx_word' id='word_1_216' title='bbox 494 2870 566 2914; x_wconf 89' lang='lat' dir='ltr'>eum</span> <span class='ocrx_word' id='word_1_217' title='bbox 589 2850 709 2916; x_wconf 87' lang='lat' dir='ltr'>sanetis</span> <span class='ocrx_word' id='word_1_218' title='bbox 731 2869 801 2914; x_wconf 87' lang='lat' dir='ltr'>earn</span> <span class='ocrx_word' id='word_1_219' title='bbox 825 2857 891 2914; x_wconf 88' lang='lat' dir='ltr'>tota</span> <span class='ocrx_word' id='word_1_220' title='bbox 909 2849 1003 2913; x_wconf 92' lang='lat' dir='ltr'>domo</span> <span class='ocrx_word' id='word_1_221' title='bbox 1027 2859 1082 2914; x_wconf 89' lang='lat' dir='ltr'>tua</span> <span class='ocrx_word' id='word_1_222' title='bbox 1105 2860 1136 2914; x_wconf 90' lang='lat' dir='ltr'>te</span> <span class='ocrx_word' id='word_1_223' title='bbox 1158 2850 1340 2927; x_wconf 82' lang='lat' dir='ltr'>constituet,</span> 
     </span>
     <span class='ocr_line' id='line_1_25' title="bbox 167 2958 1339 3046; baseline -0.003 -18"><span class='ocrx_word' id='word_1_224' title='bbox 167 2965 208 3028; x_wconf 89' lang='lat' dir='ltr'>ab</span> <span class='ocrx_word' id='word_1_225' title='bbox 236 2963 371 3046; x_wconf 90' lang='lat' dir='ltr'>imperio</span> <span class='ocrx_word' id='word_1_226' title='bbox 400 2981 478 3027; x_wconf 89' lang='lat' dir='ltr'>uero</span> <span class='ocrx_word' id='word_1_227' title='bbox 509 2980 578 3026; x_wconf 86' lang='lat' dir='ltr'>eum</span> <span class='ocrx_word' id='word_1_228' title='bbox 608 2960 787 3042; x_wconf 82' lang='lat' dir='ltr'>iguorrrinia</span> <span class='ocrx_word' id='word_1_229' title='bbox 820 2968 851 3024; x_wconf 87' lang='lat' dir='ltr'>et</span> <span class='ocrx_word' id='word_1_230' title='bbox 879 2960 1065 3025; x_wconf 85' lang='lat' dir='ltr'>discrimine</span> <span class='ocrx_word' id='word_1_231' title='bbox 1094 2958 1243 3025; x_wconf 64' lang='lat' dir='ltr'>decides.⁸</span> <span class='ocrx_word' id='word_1_232' title='bbox 1288 2959 1339 3024; x_wconf 88' lang='lat' dir='ltr'>his</span> 
     </span>
     <span class='ocr_line' id='line_1_26' title="bbox 167 3070 1386 3153; baseline -0.007 -16"><span class='ocrx_word' id='word_1_233' title='bbox 167 3073 285 3138; x_wconf 89' lang='lat' dir='ltr'>auditis</span> <span class='ocrx_word' id='word_1_234' title='bbox 308 3072 481 3136; x_wconf 85' lang='lat' dir='ltr'>Mauricius</span> <span class='ocrx_word' id='word_1_235' title='bbox 503 3070 695 3153; x_wconf 80' lang='lat' dir='ltr'>glorifieauit</span> <span class='ocrx_word' id='word_1_236' title='bbox 716 3070 886 3152; x_wconf 82' lang='lat' dir='ltr'>rrragnifiee</span> <span class='ocrx_word' id='word_1_237' title='bbox 909 3070 1013 3135; x_wconf 90' lang='lat' dir='ltr'>deum.</span> <span class='ocrx_word' id='word_1_238' title='bbox 1357 3079 1386 3128; x_wconf 78' lang='lat'>25</span> 
     </span>
     <span class='ocr_line' id='line_1_27' title="bbox 16 3179 1341 3264; baseline -0.009 -9"><span class='ocrx_word' id='word_1_239' title='bbox 16 3182 212 3253; x_wconf 86' lang='lat' dir='ltr'>XXXXVII</span> <span class='ocrx_word' id='word_1_240' title='bbox 255 3182 356 3263; x_wconf 84' lang='lat' dir='ltr'>Igitur</span> <span class='ocrx_word' id='word_1_241' title='bbox 387 3181 550 3245; x_wconf 84' lang='lat' dir='ltr'>auctumni</span> <span class='ocrx_word' id='word_1_242' title='bbox 572 3187 715 3264; x_wconf 90' lang='lat' dir='ltr'>tempore</span> <span class='ocrx_word' id='word_1_243' title='bbox 742 3179 914 3245; x_wconf 87' lang='lat' dir='ltr'>accedente</span> <span class='ocrx_word' id='word_1_244' title='bbox 942 3200 1011 3244; x_wconf 79' lang='lat' dir='ltr'>etim</span> <span class='ocrx_word' id='word_1_245' title='bbox 1041 3180 1213 3245; x_wconf 84' lang='lat' dir='ltr'>Mauricius</span> <span class='ocrx_word' id='word_1_246' title='bbox 1242 3180 1341 3263; x_wconf 92' lang='lat' dir='ltr'>impe·</span> 
     </span>
     <span class='ocr_line' id='line_1_28' title="bbox 168 3289 1339 3374; baseline -0.004 -15"><span class='ocrx_word' id='word_1_247' title='bbox 168 3299 254 3359; x_wconf 86' lang='lat' dir='ltr'>rator</span> <span class='ocrx_word' id='word_1_248' title='bbox 276 3292 424 3357; x_wconf 88' lang='lat' dir='ltr'>iussisset</span> <span class='ocrx_word' id='word_1_249' title='bbox 440 3291 533 3355; x_wconf 89' lang='lat' dir='ltr'>Petro</span> <span class='ocrx_word' id='word_1_250' title='bbox 555 3297 590 3353; x_wconf 93' lang='lat' dir='ltr'>ut</span> <span class='ocrx_word' id='word_1_251' title='bbox 613 3289 837 3355; x_wconf 87' lang='lat' dir='ltr'>Selauinorum</span> <span class='ocrx_word' id='word_1_252' title='bbox 860 3291 991 3374; x_wconf 84' lang='lat' dir='ltr'>regione</span> <span class='ocrx_word' id='word_1_253' title='bbox 1013 3291 1151 3374; x_wconf 89' lang='lat' dir='ltr'>populus</span> <span class='ocrx_word' id='word_1_254' title='bbox 1173 3289 1339 3369; x_wconf 86' lang='lat' dir='ltr'>hiemaret,</span> 
     </span>
     <span class='ocr_line' id='line_1_29' title="bbox 167 3400 1341 3485; baseline -0.004 -16"><span class='ocrx_word' id='word_1_255' title='bbox 167 3403 353 3471; x_wconf 87' lang='lat' dir='ltr'>restiterunt</span> <span class='ocrx_word' id='word_1_256' title='bbox 375 3401 510 3465; x_wconf 87' lang='lat' dir='ltr'>Romani</span> <span class='ocrx_word' id='word_1_257' title='bbox 539 3400 599 3466; x_wconf 90' lang='lat' dir='ltr'>hoe</span> <span class='ocrx_word' id='word_1_258' title='bbox 627 3401 732 3465; x_wconf 88' lang='lat' dir='ltr'>lacere</span> <span class='ocrx_word' id='word_1_259' title='bbox 759 3420 825 3465; x_wconf 92' lang='lat' dir='ltr'>non</span> <span class='ocrx_word' id='word_1_260' title='bbox 853 3401 1091 3466; x_wconf 88' lang='lat' dir='ltr'>eonsentientes</span> <span class='ocrx_word' id='word_1_261' title='bbox 1122 3410 1187 3464; x_wconf 91' lang='lat' dir='ltr'>tam</span> <span class='ocrx_word' id='word_1_262' title='bbox 1210 3412 1341 3485; x_wconf 89' lang='lat' dir='ltr'>propter</span> 
     </span>
     <span class='ocr_line' id='line_1_30' title="bbox 168 3509 1341 3600; baseline -0.008 -18"><span class='ocrx_word' id='word_1_263' title='bbox 168 3534 322 3600; x_wconf 89' lang='lat' dir='ltr'>equorum</span> <span class='ocrx_word' id='word_1_264' title='bbox 344 3511 598 3577; x_wconf 91' lang='lat' dir='ltr'>humiliationem</span> <span class='ocrx_word' id='word_1_265' title='bbox 625 3530 722 3595; x_wconf 89' lang='lat' dir='ltr'>quam</span> <span class='ocrx_word' id='word_1_266' title='bbox 750 3517 882 3594; x_wconf 88' lang='lat' dir='ltr'>propter</span> <span class='ocrx_word' id='word_1_267' title='bbox 910 3509 995 3593; x_wconf 90' lang='lat' dir='ltr'>quod</span> <span class='ocrx_word' id='word_1_268' title='bbox 1025 3510 1188 3593; x_wconf 88' lang='lat' dir='ltr'>copiosam</span> <span class='ocrx_word' id='word_1_269' title='bbox 1211 3510 1341 3573; x_wconf 90' lang='lat' dir='ltr'>eircum-</span> 
     </span>
     <span class='ocr_line' id='line_1_31' title="bbox 168 3618 1388 3713; baseline -0.011 -22"><span class='ocrx_word' id='word_1_270' title='bbox 168 3625 321 3713; x_wconf 83' lang='lat' dir='ltr'>duoerent</span> <span class='ocrx_word' id='word_1_271' title='bbox 336 3620 489 3707; x_wconf 88' lang='lat' dir='ltr'>praedam</span> <span class='ocrx_word' id='word_1_272' title='bbox 512 3640 571 3688; x_wconf 89' lang='lat' dir='ltr'>nee</span> <span class='ocrx_word' id='word_1_273' title='bbox 592 3641 658 3687; x_wconf 93' lang='lat' dir='ltr'>non</span> <span class='ocrx_word' id='word_1_274' title='bbox 680 3628 712 3685; x_wconf 91' lang='lat' dir='ltr'>et</span> <span class='ocrx_word' id='word_1_275' title='bbox 727 3622 768 3685; x_wconf 89' lang='lat' dir='ltr'>oh</span> <span class='ocrx_word' id='word_1_276' title='bbox 783 3618 1003 3686; x_wconf 87' lang='lat' dir='ltr'>multitudines</span> <span class='ocrx_word' id='word_1_277' title='bbox 1018 3619 1236 3699; x_wconf 85' lang='lat' dir='ltr'>harbarorum,</span> <span class='ocrx_word' id='word_1_278' title='bbox 1259 3637 1342 3702; x_wconf 87' lang='lat' dir='ltr'>quae</span> <span class='ocrx_word' id='word_1_279' title='bbox 1358 3629 1388 3678; x_wconf 85' lang='lat'>30</span> 
     </span>
     <span class='ocr_line' id='line_1_32' title="bbox 168 3728 1340 3820; baseline -0.008 -21"><span class='ocrx_word' id='word_1_280' title='bbox 168 3754 227 3820; x_wconf 91' lang='lat' dir='ltr'>per</span> <span class='ocrx_word' id='word_1_281' title='bbox 248 3734 411 3816; x_wconf 83' lang='lat' dir='ltr'>regionem</span> <span class='ocrx_word' id='word_1_282' title='bbox 433 3731 569 3798; x_wconf 84' lang='lat' dir='ltr'>diffusae</span> <span class='ocrx_word' id='word_1_283' title='bbox 591 3731 807 3798; x_wconf 87' lang='lat' dir='ltr'>noscebantur</span> <span class='ocrx_word' id='word_1_284' title='bbox 829 3737 861 3797; x_wconf 88' lang='lat' dir='ltr'>et</span> <span class='ocrx_word' id='word_1_285' title='bbox 882 3730 1074 3798; x_wconf 89' lang='lat' dir='ltr'>seditionem</span> <span class='ocrx_word' id='word_1_286' title='bbox 1097 3728 1242 3794; x_wconf 86' lang='lat' dir='ltr'>meditati</span> <span class='ocrx_word' id='word_1_287' title='bbox 1257 3740 1340 3794; x_wconf 88' lang='lat' dir='ltr'>sunt.</span> 
     </span>
     <span class='ocr_line' id='line_1_33' title="bbox 169 3838 1341 3929; baseline -0.008 -20"><span class='ocrx_word' id='word_1_288' title='bbox 169 3851 298 3929; x_wconf 86' lang='lat' dir='ltr'>praetor</span> <span class='ocrx_word' id='word_1_289' title='bbox 325 3851 433 3909; x_wconf 89' lang='lat' dir='ltr'>autem</span> <span class='ocrx_word' id='word_1_290' title='bbox 462 3842 648 3926; x_wconf 83' lang='lat' dir='ltr'>indignatus</span> <span class='ocrx_word' id='word_1_291' title='bbox 679 3848 789 3906; x_wconf 86' lang='lat' dir='ltr'>contra</span> <span class='ocrx_word' id='word_1_292' title='bbox 817 3842 969 3926; x_wconf 89' lang='lat' dir='ltr'>populum</span> <span class='ocrx_word' id='word_1_293' title='bbox 1003 3841 1038 3905; x_wconf 92' lang='lat' dir='ltr'>in</span> <span class='ocrx_word' id='word_1_294' title='bbox 1071 3838 1341 3905; x_wconf 88' lang='lat' dir='ltr'>dementationem</span> 
     </span>
    </p>
   </div>
   <div class='ocr_carea' id='block_1_3' title="bbox 183 4025 472 4041">
    <p class='ocr_par' dir='ltr' id='par_1_3' title="bbox 183 4025 472 4041">
     <span class='ocr_line' id='line_1_34' title="bbox 183 4025 472 4041; baseline -0.007 -5"><span class='ocrx_word' id='word_1_295' title='bbox 183 4025 472 4041; x_wconf 42' lang='grc' dir='ltr'>’,ί-*ρ-</span> 
     </span>
    </p>
   </div>
   <div class='ocr_carea' id='block_1_4' title="bbox 170 4128 1346 4480">
    <p class='ocr_par' dir='ltr' id='par_1_4' title="bbox 170 4128 1346 4480">
     <span class='ocr_line' id='line_1_35' title="bbox 238 4128 1345 4204; baseline -0.005 -12"><span class='ocrx_word' id='word_1_296' title='bbox 238 4135 453 4192; x_wconf 67' lang='lat' dir='ltr'>themanni)</span> <span class='ocrx_word' id='word_1_297' title='bbox 529 4134 707 4204; x_wconf 71' lang='lat' dir='ltr'>amtrllpl)</span> <span class='ocrx_word' id='word_1_298' title='bbox 784 4140 812 4187; x_wconf 90' lang='lat' dir='ltr'>et</span> <span class='ocrx_word' id='word_1_299' title='bbox 829 4132 935 4203; x_wconf 77' lang='lat' dir='ltr'>quial)</span> <span class='ocrx_word' id='word_1_300' title='bbox 1022 4128 1345 4189; x_wconf 65' lang='lat' dir='ltr'>timidadeumll)</span> 
     </span>
     <span class='ocr_line' id='line_1_36' title="bbox 174 4222 1344 4298; baseline -0.003 -16"><span class='ocrx_word' id='word_1_301' title='bbox 174 4235 204 4285; x_wconf 88' lang='grc'>10</span> <span class='ocrx_word' id='word_1_302' title='bbox 223 4229 470 4287; x_wconf 77' lang='lat' dir='ltr'>scandalizaborD</span> <span class='ocrx_word' id='word_1_303' title='bbox 548 4234 577 4283; x_wconf 76' lang='lat'>13</span> <span class='ocrx_word' id='word_1_304' title='bbox 595 4226 747 4298; x_wconf 86' lang='lat' dir='ltr'>phocanD</span> <span class='ocrx_word' id='word_1_305' title='bbox 827 4231 856 4279; x_wconf 85' lang='lat' dir='ltr'>tt</span> <span class='ocrx_word' id='word_1_306' title='bbox 876 4229 975 4289; x_wconf 82' lang='lat' dir='ltr'>tamen]</span> <span class='ocrx_word' id='word_1_307' title='bbox 995 4224 1067 4279; x_wconf 80' lang='lat' dir='ltr'>etl)</span> <span class='ocrx_word' id='word_1_308' title='bbox 1146 4228 1176 4279; x_wconf 82' lang='lat'>18</span> <span class='ocrx_word' id='word_1_309' title='bbox 1194 4222 1344 4279; x_wconf 79' lang='lat' dir='ltr'>ferebatD</span> 
     </span>
     <span class='ocr_line' id='line_1_37' title="bbox 170 4315 1344 4406; baseline -0.003 -31"><span class='ocrx_word' id='word_1_310' title='bbox 170 4325 203 4376; x_wconf 80' lang='lat'>20</span> <span class='ocrx_word' id='word_1_311' title='bbox 221 4323 339 4406; x_wconf 73' lang='lat' dir='ltr'>cometas</span> <span class='ocrx_word' id='word_1_312' title='bbox 355 4322 382 4377; x_wconf 87' lang='grc' dir='ltr'>Ι)</span> <span class='ocrx_word' id='word_1_313' title='bbox 450 4327 479 4375; x_wconf 81' lang='grc'>00</span> <span class='ocrx_word' id='word_1_314' title='bbox 501 4321 644 4377; x_wconf 83' lang='lat' dir='ltr'>heremuD</span> <span class='ocrx_word' id='word_1_315' title='bbox 712 4323 745 4373; x_wconf 82' lang='lat'>23</span> <span class='ocrx_word' id='word_1_316' title='bbox 763 4333 825 4373; x_wconf 86' lang='lat' dir='ltr'>cum</span> <span class='ocrx_word' id='word_1_317' title='bbox 842 4324 906 4372; x_wconf 72' lang='lat' dir='ltr'>arete</span> <span class='ocrx_word' id='word_1_318' title='bbox 922 4324 981 4372; x_wconf 85' lang='lat' dir='ltr'>tota</span> <span class='ocrx_word' id='word_1_319' title='bbox 997 4333 1048 4372; x_wconf 86' lang='lat' dir='ltr'>om.</span> <span class='ocrx_word' id='word_1_320' title='bbox 1066 4315 1093 4371; x_wconf 84' lang='lat' dir='ltr'><em>D</em></span> <span class='ocrx_word' id='word_1_321' title='bbox 1143 4320 1177 4371; x_wconf 72' lang='lat'>24</span> <span class='ocrx_word' id='word_1_322' title='bbox 1194 4317 1229 4372; x_wconf 85' lang='lat' dir='ltr'>ab</span> <span class='ocrx_word' id='word_1_323' title='bbox 1247 4316 1344 4372; x_wconf 82' lang='lat' dir='ltr'>omD</span> 
     </span>
     <span class='ocr_line' id='line_1_38' title="bbox 170 4407 1346 4480; baseline -0.002 -14"><span class='ocrx_word' id='word_1_324' title='bbox 170 4416 202 4466; x_wconf 78' lang='grc'>05</span> <span class='ocrx_word' id='word_1_325' title='bbox 222 4412 284 4469; x_wconf 86' lang='lat' dir='ltr'>dnn</span> <span class='ocrx_word' id='word_1_326' title='bbox 303 4412 338 4479; x_wconf 71' lang='lat' dir='ltr'>rh.</span> <span class='ocrx_word' id='word_1_327' title='bbox 356 4430 378 4468; x_wconf 86' lang='lat' dir='ltr'>e.</span> <span class='ocrx_word' id='word_1_328' title='bbox 398 4413 542 4480; x_wconf 88' lang='lat' dir='ltr'>dommum)</span> <span class='ocrx_word' id='word_1_329' title='bbox 560 4414 588 4469; x_wconf 82' lang='grc' dir='ltr'>Ι)</span> <span class='ocrx_word' id='word_1_330' title='bbox 655 4416 689 4468; x_wconf 79' lang='lat'>26</span> <span class='ocrx_word' id='word_1_331' title='bbox 707 4416 836 4469; x_wconf 85' lang='lat' dir='ltr'>autumno</span> <span class='ocrx_word' id='word_1_332' title='bbox 854 4408 881 4465; x_wconf 76' lang='lat' dir='ltr'>l)</span> <span class='ocrx_word' id='word_1_333' title='bbox 964 4414 996 4465; x_wconf 81' lang='lat'>32</span> <span class='ocrx_word' id='word_1_334' title='bbox 1013 4424 1042 4465; x_wconf 91' lang='lat' dir='ltr'>m</span> <span class='ocrx_word' id='word_1_335' title='bbox 1059 4407 1283 4467; x_wconf 82' lang='lat' dir='ltr'>dementationem</span> <span class='ocrx_word' id='word_1_336' title='bbox 1301 4408 1346 4467; x_wconf 90' lang='lat' dir='ltr'>eol</span> 
     </span>
    </p>
   </div>
   <div class='ocr_carea' id='block_1_5' title="bbox 0 0 1433 5394">
    <p class='ocr_par' dir='ltr' id='par_1_5' title="bbox 0 0 1433 5394">
     <span class='ocr_line' id='line_1_39' title="bbox 0 0 1433 5394; baseline 0 0"><span class='ocrx_word' id='word_1_337' title='bbox 0 0 1433 5394; x_wconf 95' lang='lat' dir='ltr'> </span> 
     </span>
    </p>
   </div>
  </div>
 </body>
</html>
