3154 5084
569 347 644 396 oar.
665 345 824 394 nur-xm
1244 335 1278 394 11
1316 417 1318 422 ,

110 498 279 564 Puluillum
304 498 461 584 oollegam
490 498 553 565 sibi
580 499 726 584 sumpsit.
773 499 820 564 ita
850 497 974 582 primus
1005 518 1110 566 annus
1139 500 1282 585 quinque

110 610 254 676 eonsules
276 608 391 674 habuit
412 627 484 674 oum
500 607 697 692 Tarquinius
712 608 891 674 Collatinus
919 615 1049 694 propter
1068 629 1187 675 nomen
1201 610 1281 677 urbe

109 720 265 802 oessisset,
288 719 407 784 Brutus
439 718 474 784 in
495 718 618 804 proelio
640 719 787 803 perisset,
818 717 953 804 Spurius
974 719 1142 786 Lueretius
1164 721 1274 786 morbo

108 837 246 896 mortuus
266 835 363 896 esset.

81 955 95 1004 ⁵
190 937 341 1006 Seeundo
368 957 495 1022 quoque
523 957 611 1003 anno
638 938 754 1006 iterum
777 939 976 1023 Tarquinius
1011 945 1047 1004 ut
1079 940 1275 1024 reciperetur
1295 937 1358 1000 XV

110 1051 141 1115 in
162 1069 298 1133 regnum
321 1049 441 1116 bellum
455 1048 610 1114 Romanis
633 1048 741 1114 intulit
755 1047 911 1115 auxilium
929 1048 960 1116 ei
974 1049 1097 1115 terente
1112 1051 1280 1117 Porsenna

110 1160 247 1226 'lustriae
272 1178 349 1242 rege
379 1156 565 1242 <tribusque
593 1157 753 1225 continuis
776 1159 871 1226 anuis
894 1157 1054 1244 trepidam
1077 1159 1190 1226 urbem
1218 1167 1279 1224 ter·

109 1269 167 1336 ruit
188 1269 347 1335 conclusit
369 1266 497 1334 obsedit
519 1273 551 1333 et
571 1267 636 1334 nisi
657 1267 783 1334 hostem
806 1269 858 1334 uel
872 1269 1005 1351 Mueius,
1029 1269 1084 1354 qui
1106 1268 1149 1335 ad
1163 1269 1280 1335 lerien-

109 1379 180 1444 dum
202 1381 406 1446 Porsennam
438 1377 482 1442 ad
514 1379 585 1444 eius
613 1383 721 1444 enema
747 1385 844 1462 alque
872 1380 1043 1445 tentorium
1066 1377 1279 1448 deseendorat

70 1497 137 1554 lost
155 1489 366 1572 subregulum
388 1487 459 1554 eius
480 1487 645 1572 stipendia
665 1487 861 1554 diuidentem
889 1488 1003 1554 habitu
1030 1498 1206 1574 purpurato
1229 1507 1279 1555 oe-

110 1599 182 1664 oidit
202 1618 316 1683 regem
338 1599 521 1674 arbitratus,
544 1605 722 1682 captusque
745 1598 819 1664 ilieo
834 1600 958 1665 loeutus
980 1606 1029 1665 est
1053 1619 1108 1663 cur·
1123 1599 1277 1679 uenisset,

109 1705 251 1774 demam
267 1707 408 1792 denique
423 1727 506 1791 quae
529 1714 704 1788 errauerat,
727 1709 795 1794 igni
819 1709 872 1793 qui
895 1709 929 1773 in
951 1730 1010 1774 ara
1031 1721 1101 1774 erat
1123 1707 1279 1774 urendam

109 1818 328 1904 superposuit:
366 1817 419 1883 uel
448 1818 539 1900 uirgo
573 1816 698 1884 Cloelia
737 1839 820 1902 quae
848 1825 922 1904 post
950 1819 1099 1902 exiguum
1123 1820 1278 1904 temporis

109 1929 309 1994 inter-trullum
338 1927 442 2012 ruptis
470 1927 609 1992 uineulis
637 1927 823 1994 admirabili
850 1935 1049 1995 transmeatu
1071 1929 1199 1996 Tiberis
1221 1928 1279 1993 tlu-

70 2052 95 2102 n
109 2038 210 2116 minis,
240 2036 380 2112 audaoia
400 2038 647 2122 permouissent
684 2039 826 2123 proiecto
847 2039 984 2104 Romam
1007 2039 1152 2124 perpulsi
1174 2039 1279 2105 tonent

108 2149 229 2232 perpeti
251 2154 307 2212 aut
328 2147 549 2232 captiuitatem
571 2147 665 2214 hoste
687 2148 858 2216 insistente
888 2149 1031 2232 superati
1060 2155 1117 2214 aut
1144 2149 1278 2215 seruitu-

109 2265 167 2323 tem
199 2264 331 2342 reoepto
363 2276 440 2340 rege
474 2257 618 2323 subiecti.
664 2256 778 2322 eadem
802 2257 926 2324 Cloelia
958 2257 1054 2326 obses
1076 2259 1181 2324 tuerat
1202 2259 1278 2324 Por-

108 2385 225 2434 sennae
248 2367 336 2450 data,
359 2385 444 2451 quae
465 2367 582 2450 uigiles
598 2367 711 2433 lelellit
725 2373 758 2432 et
771 2387 947 2436 oonseenso
962 2388 1045 2453 equo
1061 2389 1120 2452 per
1133 2368 1279 2434 Tiberim

108 2479 239 2544 Romam
261 2475 366 2543 rediit.
410 2482 519 2543 statua
546 2476 576 2542 ei
606 2478 766 2561 equestris
796 2498 837 2544 ex
865 2483 998 2544 senatus
1026 2479 1171 2544 oonsulto
1201 2477 1279 2542 date

69 2595 162 2656 tuest
205 2586 350 2670 quadam
371 2584 425 2652 die
447 2605 518 2652 oum
541 2587 668 2653 Etrusci
690 2587 725 2652 in
747 2586 859 2652 urbem
880 2589 1015 2652 Romam
1037 2588 1196 2653 irruerent
1219 2607 1278 2671 per

15 2719 16 2744 r
107 2704 234 2781 pontem
262 2696 433 2764 sublicium
456 2697 598 2780 Tiberis,
636 2697 768 2782 quidam
790 2697 943 2764 Horatius
966 2696 1080 2763 Coeles
1109 2696 1143 2761 in
1171 2697 1278 2781 pontis

15 2795 16 2816 *
107 2806 206 2874 fronte
230 2806 279 2872 eis
300 2807 425 2872 obstitit
446 2807 534 2874 solus
557 2805 660 2873 donee
682 2807 839 2875 dissoluto
861 2814 958 2893 ponte
980 2827 1057 2892 pars
1080 2805 1150 2874 eius
1172 2806 1278 2872 dirue·

108 2922 189 2982 retnr
210 2924 247 2983 et
266 2916 376 2982 statim
399 2935 471 2982 oum
494 2916 593 2984 armis
615 2937 651 2984 se
679 2917 713 2984 in
736 2916 880 2983 Tiberim
910 2915 1001 2984 dedit
1028 2937 1067 2982 ae
1095 2917 1218 3001 pariter
1245 2923 1278 2982 et

108 3025 246 3094 bostium
267 3026 370 3092 uiator
391 3033 423 3092 et
452 3025 594 3094 fluminis
616 3028 798 3112 superiecta
819 3027 1025 3094 Etruseorum
1047 3023 1277 3110 retentant.)

69 3143 94 3194 2⁵
185 3136 299 3202 Tertio
331 3157 417 3202 anno
445 3142 519 3222 post
545 3156 640 3220 reges
668 3143 799 3204 exactos
821 3136 1018 3219 Tarquinius
1049 3156 1121 3203 eum
1155 3137 1277 3222 suseipi
1299 3133 1377 3199 XVI

107 3267 167 3311 non
189 3251 302 3331 posset
323 3246 357 3311 in
380 3266 513 3330 regnum
535 3267 640 3331 neque
662 3246 692 3311 ei
707 3248 892 3331 Prosenna‚.
908 3248 963 3330 qui
984 3265 1097 3332 paoem
1120 3265 1191 3312 oum
1215 3248 1278 3312 Ro·

108 3357 208 3424 manis
230 3357 360 3438 lauerat,
383 3363 564 3441 praestaret
586 3357 752 3431 auxilium,
776 3357 950 3422 Tusoulum
974 3375 1010 3423 se
1025 3357 1175 3438 eontulits
1192 3375 1277 3438 quae

109 3465 219 3533 ciuitas
241 3486 308 3530 non
336 3467 432 3549 longe
460 3465 502 3530 ab
531 3465 610 3532 urbe
638 3473 696 3547 est,
734 3473 831 3551 atque
860 3467 908 3533 ibi
934 3487 994 3551 per
1021 3466 1276 3550 quattuordecim

109 3593 206 3644 annos
228 3576 377 3662 priuatus
399 3595 470 3640 oum
492 3595 592 3642 uxore
614 3577 791 3644 oonsenuit.

71 3687 96 3738 Μ
187 3687 311 3765 Quarto
334 3706 420 3752 anno
442 3693 516 3769 post
537 3706 630 3769 reges
653 3693 783 3753 exaetos
815 3684 944 3770 <Sabini
965 3686 1103 3752 corrasis
1133 3685 1277 3770 undique

107 3797 204 3880 copiis
237 3815 356 3878 magno
390 3802 550 3880 apparatu
577 3796 655 3862 belli
676 3799 811 3862 Romam
844 3794 1049 3862 contendunt
1094 3815 1156 3879 quo
1190 3803 1278 3862 metu

172 4019 275 4076 tVB
360 4021 552 4076 teonlaunul
575 4021 635 4077 ΒΥ
718 4026 856 4076 brterum
879 4021 959 4076 utV
1041 4021 1232 4089 dperutenna
1250 4020 1277 4074 B

109 4117 186 4168 t-tl
203 4115 238 4184 <>
258 4112 294 4168 Ρ.·
326 4113 469 4170 &romam
496 4129 582 4184 poene
604 4120 694 4185 coepit
717 4120 799 4184 (oepit
823 4114 857 4181 Vl
883 4128 977 4168 uerum
1001 4118 1057 4166 tum
1083 4120 1148 4176 ttum
1166 4131 1217 4168 om.
1244 4112 1277 4179 Υ)

108 4223 209 4277 qnoque
226 4207 315 4261 uretul
331 4206 371 4261 ott
388 4205 447 4261 BV
513 4210 545 4260 22
564 4208 627 4276 pert
643 4207 700 4262 erui
722 4206 867 4262 Pithoeus:
884 4221 932 4276 per
950 4207 1023 4260 cruet
1038 4206 1066 4261 P
1132 4209 1164 4261 26
1183 4221 1276 4275 perur-

111 4300 185 4353 lerme
193 4299 229 4364 B,
246 4299 421 4369 porsennaV
469 4303 500 4354 rt
520 4300 652 4355 tusculum
670 4299 827 4355 eondrdrtP
896 4299 1073 4354 ‘tssxnnBV
1140 4304 1274 4362 :lo-rat

109 4391 138 4459 t>
152 4391 189 4446 P·
214 4407 276 4446 eum
293 4392 377 4446 tubum
395 4400 474 4452 teorr.
493 4409 531 4448 ex
549 4394 633 4447 tenum
650 4395 678 4447 tn
697 4393 732 4458 B,
759 4408 798 4448 ex
815 4393 915 4448 sabrms
934 4393 961 4446 r'rr
987 4392 1012 4446 V
1015 4407 1021 4452 l
1039 4407 1157 4447 romarus
1177 4392 1276 4447 bellurn

109 4485 251 4539 mtnld'l'ent
267 4491 334 4540 metr
351 4486 410 4540 lunt
426 4485 454 4540 B
469 4484 494 4539 Υ
