2834 5394
607 100 614 109 ι

535 114 543 129 3
614 114 617 119 .

592 136 599 149 'h

542 166 546 171 ι
584 154 604 171 0¹¹

562 172 572 183 ιι

514 238 519 247 ι

510 762 584 810 cnr.
607 758 818 808 xvnn-xxu
1181 740 1244 803 539

70 928 143 986 runt
158 916 353 982 Hahdailam
368 923 479 981 tenere
495 915 596 979 tilium
611 914 729 997 Haiim,
753 914 885 979 fratrem
901 931 978 977 nero
994 910 1113 978 Salirn:
1137 910 1244 993 ipsum

70 1037 178 1096 autern
201 1028 301 1093 Salim
317 1027 464 1110 Aegypto
487 1045 651 1111 praeesse.
678 1044 773 1110 porro
789 1022 983 1089 Habdallam
1007 1024 1136 1088 tratrem
1158 1022 1246 1087 Abu-

71 1143 163 1207 balas
196 1140 238 1204 ab
269 1139 325 1203 illo
348 1138 469 1203 habero
491 1144 609 1202 sortem
632 1138 832 1222 principatus
860 1154 957 1220 super
979 1134 1245 1219 Mesopotamiam

72 1256 260 1320 statuerunt.
304 1250 374 1335 ipse
397 1268 477 1314 sano
499 1247 674 1323 Abrrbalas
705 1249 759 1331 qui
782 1253 814 1312 et
836 1245 977 1312 omnium
1000 1245 1122 1330 primas
1147 1244 1244 1310 babe-

39 1365 181 1444 abatur,
212 1363 245 1425 in
274 1359 407 1426 Perside
437 1359 521 1425 sedit
560 1361 716 1425 translato
746 1378 872 1442 qnoque
904 1357 1087 1442 principatu
1117 1356 1177 1422 sub
1209 1375 1245 1421 se

72 1475 252 1555 Persarum,
275 1471 330 1555 qui
353 1471 384 1536 ei
406 1470 553 1535 auxiliati
576 1470 701 1535 inerant
723 1469 927 1534 aDamusco.
950 1467 984 1532 hi
1005 1487 1083 1532 nero
1105 1466 1159 1551 qui
1182 1466 1244 1533 sai-

72 1585 138 1649 uati
161 1584 287 1647 fuerant
309 1588 374 1645 tarn
397 1580 549 1646 uidelicet
570 1580 628 1645 filii
651 1601 748 1664 qnam
770 1579 898 1663 cognati
921 1578 1090 1643 Marhuam
1113 1576 1246 1642 ncnien·

72 1702 121 1760 tes
144 1693 185 1758 ah
208 1693 355 1776 Aegypto
385 1691 419 1757 in
441 1691 582 1758 Africam
611 1692 751 1774 indeque
781 1695 1018 1755 transmeantes
1047 1689 1161 1753 fretum
1191 1708 1247 1753 nn·

74 1805 158 1887 gusti
182 1803 281 1867 uraris
304 1801 346 1866 ad
363 1802 526 1868 Oceanum
549 1803 644 1888 positi
667 1803 752 1887 quod
775 1801 890 1866 dicitur
906 1801 1003 1883 Septe
1024 1800 1173 1884 qurndquc
1194 1798 1248 1864 de·
1323 1854 1326 1860 .

30 1922 59 1970 ¹0
78 1915 147 1979 finit
174 1914 259 1978 inter
285 1913 422 1997 Libyam
451 1922 483 1979 et
513 1914 685 1998 Europam.
721 1915 871 1996 Europae
905 1911 1099 1995 Hispaniam
1121 1910 1247 1975 habita-

79 2031 194 2090 ncrunt
216 2044 317 2109 usque
340 2023 382 2088 ad
404 2044 560 2109 praesens
582 2033 709 2110 tempus
732 2024 889 2089 habentes
919 2022 1077 2104 quosdam
1106 2021 1160 2103 qui
1189 2019 1248 2084 ibi-

75 2134 147 2199 dem
171 2133 338 2201 habitasse
358 2146 456 2200 antea
478 2136 693 2202 noscebantur
715 2157 735 2200 a
757 2134 913 2199 Muhauia
939 2133 1016 2197 illuc
1045 2130 1169 2196 traiecti
1191 2151 1248 2195 na·
1330 2201 1335 2212 ι

75 2245 162 2327 uigio
185 2264 256 2309 curn
279 2253 388 2311 essent
410 2248 481 2312 eius
503 2248 630 2329 cognati
661 2255 693 2311 ct
714 2247 817 2329 ipsius
840 2244 1016 2327 religionis.
1061 2241 1249 2326 perdurauit

78 2363 184 2419 antem
207 2355 369 2421 excidium
392 2358 451 2423 sub
474 2358 628 2422 Mnhauia
651 2357 836 2424 sesannia.
881 2355 988 2420 durati
1010 2359 1084 2420 snnt
1106 2353 1249 2417 omnium

31 2477 59 2525 15
77 2465 246 2531 illustrium
269 2466 436 2532 ciuitatum
458 2468 491 2532 in
507 2470 602 2550 Syria
618 2488 717 2551 nsque
734 2468 776 2533 ad
792 2466 996 2531 Antiochiam
1018 2464 1080 2528 uiri
1103 2482 1140 2527 eo
1164 2459 1249 2546 quod

76 2574 159 2640 hanc
187 2576 220 2641 in
242 2577 399 2659 retugium
421 2577 543 2643 habere
579 2579 802 2662 innumerique
831 2576 973 2642 Arabum
1006 2575 1047 2639 ab
1077 2593 1116 2638 eo
1145 2572 1250 2658 perie-

77 2695 158 2768 runt,
190 2684 309 2770 oppido
332 2688 418 2751 enirn
441 2695 509 2752 erat
530 2689 779 2772 circrnnspectus
803 2687 888 2752 circa
910 2687 1029 2766 ciuilia,
1055 2692 1124 2750 erat
1139 2690 1248 2749 autom

77 2795 363 2861 Autornatistarrnn
390 2796 423 2861 id
453 2805 503 2862 est
532 2799 759 2881 Epicureorum
795 2797 968 2863 lraeresoos
1003 2817 1042 2862 ex
1073 2793 1248 2877 gentilibus

79 2906 132 2987 qui
155 2905 344 2970 irabitnhant
367 2906 499 2971 Carrarn
522 2910 719 2993 impietatem
742 2928 921 2974 assumens.

29 3039 62 3088 20
164 3017 262 3080 Porro
293 3023 405 3083 octauo
434 3019 648 3084 kalendarum
675 3019 923 3084 Februariarum
960 3016 1105 3082 ciusdem
1133 3012 1248 3078 tertiae
1271 3014 1368 3082 XXII

81 3126 266 3193 indictionis
289 3135 383 3195 uatus
406 3137 455 3194 est
478 3124 662 3214 imperatori
686 3130 897 3195 Constantino
920 3130 1006 3197 filius
1029 3147 1124 3212 quem
1146 3124 1250 3189 nomi-

79 3239 170 3305 nauit
192 3240 334 3305 Leonem
357 3261 397 3306 cx
420 3241 559 3308 Chaiani
582 3242 762 3309 Clrazariao
784 3244 861 3308 filia.

163 3352 256 3417 rinno
280 3371 356 3416 nero
380 3352 493 3418 eodem
515 3355 617 3421 faetus
640 3360 690 3420 est
711 3362 815 3422 terrae
839 3361 942 3418 rnotus
970 3353 1004 3417 in
1027 3352 1123 3436 Syria
1151 3357 1183 3414 et
1207 3348 1253 3412 in·

79 3483 159 3545 gons
183 3484 220 3528 ac
242 3465 396 3530 terribilis
419 3486 524 3545 casus,
562 3465 647 3531 unde
676 3467 841 3533 ciuitatum
864 3466 948 3532 aliae
972 3461 1102 3549 quidem
1124 3462 1252 3547 penitus

32 3587 64 3635 25
82 3575 312 3639 exterminatae
334 3583 409 3642 sunt
431 3578 516 3641 aiiae
538 3596 615 3642 uero
638 3578 851 3662 mediocriter,
881 3577 965 3643 aliae
994 3583 1100 3640 autem
1123 3593 1143 3636 a
1165 3591 1253 3636 mon-

81 3685 165 3749 tanis
189 3683 230 3748 ad
254 3686 398 3751 subiecta
419 3688 614 3769 campestria
636 3709 706 3754 cum
730 3690 828 3756 muris
850 3695 882 3753 et
904 3683 1158 3754 habitationibus
1182 3682 1249 3749 suis

83 3793 227 3875 integrae
249 3796 469 3878 rnigraucrnnt
492 3803 523 3863 et
546 3800 657 3863 salnao
681 3803 774 3885 qnasi
797 3802 839 3866 ad
856 3800 995 3866 miliaria
1011 3818 1069 3865 sex
1085 3797 1138 3863 uel
1155 3795 1252 3860 etiam

82 3903 241 3968 modicum
264 3906 342 3988 quid
365 3909 457 3973 ultra.
503 3908 642 3994 (lenique
672 3917 942 3978 asseueranerunt
969 3911 1003 3976 hi
1032 3910 1086 3993 qui
1115 3905 1254 3990 propriis

82 4015 207 4080 nisibus
230 4023 348 4080 terram
370 4018 619 4104 Mesopotamiae
643 4024 957 4106 contemplationum,
995 4023 1027 4085 in
1052 4014 1253 4100 longitudine

33 4134 64 4185 311
83 4124 262 4209 disruptam
285 4127 385 4194 fuisso
407 4129 449 4194 ad
472 4131 611 4197 miliaria
639 4133 702 4198 duo
731 4142 762 4198 et
789 4153 829 4199 ex
857 4132 1015 4217 profundo
1045 4130 1115 4194 cius
1145 4144 1255 4191 ascen·

83 4233 169 4302 disse
193 4237 291 4301 aliam
314 4243 550 4310 terram-nimis
573 4246 680 4310 albam
703 4252 735 4309 et
757 4264 937 4324 arenosam,
969 4242 1009 4307 de
1032 4241 1122 4305 ouius
1146 4235 1253 4302 medio

86 4424 391 4435 Ἢ

154 4523 211 4570 tet
229 4521 243 4570 2
262 4517 453 4572 habdallanl)
504 4523 595 4573 2114
613 4521 786 4576 abulabarI)
838 4519 981 4576 atedriD
1040 4512 1257 4572 'tmarhuamD

85 4609 261 4664 hdrtirnrtl)
351 4617 379 4664 10
397 4613 540 4681 lybiaml)
627 4619 702 4668 121²!
722 4614 940 4669 romanamet)
1018 4612 1205 4665 1411111111-
1227 4613 1257 4663 lt)

85 4704 218 4755 affirment
239 4701 292 4758 huc
317 4720 404 4774 respue
428 4707 528 4760 omisso
545 4723 583 4761 rx
602 4706 626 4761 D
643 4707 740 4762 addidi
756 4708 894 4765 (uideatur
911 4709 990 4762 etium
1010 4709 1037 4761 ia
1056 4704 1083 4758 P
1098 4705 1161 4775 apa
1227 4706 1256 4756 ta

86 4796 321 4864 epycurooruml)
426 4803 456 4854 tu
474 4800 634 4854 churranl)
718 4800 881 4855 aiumerriD
984 4804 1016 4853 20
1040 4804 1138 4853 octauo
1162 4813 1213 4852 cnr.
1232 4794 1259 4850 D

86 4895 119 4943 30
139 4869 259 4960 drrruptd
276 4888 303 4944 D
