3236 5074
288 289 328 352 96
804 305 896 352 urani
918 306 972 351 1111

288 455 462 523 strionibus
485 457 643 524 trahebat.
689 460 798 542 itaque
827 457 921 523 facile
949 477 1021 522 cum
1049 459 1200 524 uniuerso
1230 455 1372 521 exercitu
1401 475 1460 521 suo

287 566 478 634 Parthorum
501 569 625 636 uiribus
647 589 823 654 oppressus
846 568 976 634 interiit.

160 676 270 744 XXVI
377 678 460 745 Gaio
483 679 673 765 Sempronio
697 679 859 745 Tuditano
882 685 914 744 et
934 679 1042 745 Marco
1065 678 1169 744 Acilio
1191 676 1377 744 consulibus
1399 677 1461 740 Pu-

287 789 387 853 blium
417 789 600 874 Scipionem
629 790 816 856 Africanum
844 789 950 875 pridie
983 808 1042 875 pro
1070 788 1219 854 contione
1247 787 1289 852 de
1316 787 1459 871 periculo

287 899 400 965 salutis
423 919 501 966 suae
524 907 735 966 contestatum
758 900 843 984 quod
866 899 928 967 sibi
948 919 1007 984 pro
1028 900 1136 984 patria
1156 897 1318 963 laboranti
1340 896 1382 962 ab
1401 897 1492 961 imo

287 1009 397 1094 probis
420 1017 453 1074 et
473 1010 611 1094 ingratis
626 1010 812 1076 denuntiari
833 1011 1048 1095 cognouisset,
1071 1009 1136 1075 alio
1159 1025 1255 1073 mane
1276 1009 1459 1072 exanimem

285 1121 320 1184 in
348 1119 494 1185 cubiculo
524 1142 582 1188 suo
610 1128 771 1206 repertum
799 1143 864 1187 non
892 1128 1013 1186 temere
1033 1120 1117 1184 inter
1138 1118 1281 1184 maxima
1302 1119 1459 1183 Romano·

287 1251 357 1294 rum
390 1233 477 1296 mala
509 1232 725 1298 recensuerim
758 1231 948 1316 praesertim
982 1251 1053 1298 cum
1086 1235 1210 1295 tantum
1242 1228 1276 1292 in
1309 1247 1349 1293 ea
1379 1227 1459 1292 urbe

287 1340 430 1406 Africani
443 1341 536 1425 uigor
550 1348 583 1408 et
596 1341 755 1408 modestia
767 1343 900 1426 ualeret,
920 1349 955 1406 ut
968 1340 1062 1406 facile
1075 1339 1151 1405 uiuo
1166 1359 1204 1404 eo
1216 1357 1321 1422 neque
1339 1338 1460 1404 sociale

286 1469 391 1534 neque
404 1451 730 1537 ciuilebellumposse
747 1453 889 1520 existere
902 1451 1094 1517 crederetur.
1111 1449 1334 1534 huncqnidam
1349 1448 1459 1514 uxoris
1478 1459 1507 1507 rc

287 1580 365 1627 suae
396 1560 616 1647 Semproniae,
655 1561 873 1628 Gracchorum
902 1568 1010 1627 autem
1040 1562 1168 1641 sororis,
1206 1559 1280 1625 dolo
1309 1564 1459 1624 necatum

287 1671 392 1736 ierunt
420 1691 460 1737 ne
497 1673 655 1740 scelerata
691 1679 726 1738 ut
765 1672 861 1738 oredo
898 1672 1022 1737 familia
1056 1670 1099 1736 ad
1127 1671 1304 1756 perniciem
1332 1673 1458 1754 patriae

287 1801 366 1848 suae
387 1788 465 1848 nata
487 1782 571 1849 inter
594 1782 713 1868 impias
736 1781 912 1848 seditiones
941 1782 1081 1847 uirorum
1102 1801 1169 1846 non
1191 1781 1289 1847 etiam
1312 1780 1459 1845 facinori-

286 1891 347 1957 bus
379 1893 548 1957 mulierum
582 1901 669 1960 esset
699 1892 880 1958 immanior.
930 1911 1031 1958 causa
1064 1898 1171 1958 autem
1204 1891 1353 1958 interitus
1387 1890 1457 1956 eius

287 2001 366 2066 haec
386 2002 455 2067 tuit.
514 2001 616 2068 Gaius
640 2002 744 2068 Carbo
766 2001 914 2068 tribunus
941 2001 1030 2086 plebi
1057 2003 1191 2087 cupiens
1221 2021 1332 2067 necem
1355 2000 1507 2066 uinci-1⁵

285 2129 360 2176 care
393 2111 617 2178 Gracchanum
650 2118 682 2178 et
714 2115 856 2179 excitare
889 2111 1081 2179 seditionem
1115 2112 1270 2196 sopitam,
1308 2110 1457 2176 Publium

286 2221 469 2306 Scipionem
491 2223 677 2288 Africanum
699 2230 790 2288 eruta
812 2222 989 2288 Numantia
1009 2228 1224 2288 reuertentem
1253 2222 1287 2286 in
1309 2222 1457 2286 contione

284 2331 495 2416 interrogauit
525 2333 672 2417 quidde
701 2332 839 2399 Gracchi
871 2339 972 2398 morte
1000 2332 1155 2399 sentiret?
1205 2332 1257 2396 cui
1286 2332 1457 2398 Africanus

193 2490 195 2494 -
284 2442 354 2508 iure
376 2462 506 2510 caesum
527 2443 633 2509 uideri
655 2443 746 2510 dixit.

369 2553 476 2618 Marco
498 2553 635 2620 Aemilio
665 2555 763 2620 Lucio
792 2554 906 2622 Oreste
934 2553 1121 2620 consulibus
1141 2553 1248 2618 Aetna
1275 2559 1369 2619 nasto
1397 2561 1457 2619 tre·
1474 2557 1505 2608 ²0

282 2681 371 2728 more
402 2682 562 2731 concussa
593 2665 770 2731 exundanit
801 2666 922 2748 igneis·
940 2665 1056 2747 globis.
1100 2681 1275 2747 rursusque
1304 2663 1369 2727 alio
1403 2664 1457 2729 die
1615 2653 1616 2658 ’

283 2771 406 2856 Lipara
428 2774 535 2840 insula
564 2780 597 2841 et
624 2775 765 2840 uicinum
787 2777 966 2841 circaeam
990 2775 1135 2840 marein
1163 2780 1286 2839 tantum
1310 2773 1457 2839 efferbuit

284 2886 318 2946 ut
346 2881 480 2950 adustas
511 2903 637 2968 quoque
665 2903 761 2969 rupes
784 2884 977 2964 dissoluont,
1012 2885 1158 2950 tabulata
1190 2869 1323 2948 nauium
1356 2883 1457 2968 lique·

284 2991 377 3058 factis
399 2995 482 3060 ceris
505 2994 705 3077 extorruerit,
728 2995 930 3060 exanimatos
952 2995 1060 3079 pisces
1075 2999 1389 3080 supernatantesque
1404 3013 1457 3060 er-

284 3103 420 3186 coxerit,
450 3103 599 3171 homines
634 3124 761 3190 quoque
795 3105 859 3172 nisi
888 3105 944 3189 qui
973 3105 1101 3188 longius
1129 3111 1261 3189 potuere
1289 3103 1455 3186 diffugere,
1473 3106 1504 3156 2⁵
1615 3099 1616 3180 }

282 3212 480 3296 reciprocato
509 3214 654 3280 anhelitu
688 3215 785 3281 calidi
820 3216 904 3281 aeris
938 3214 1063 3282 adustis
1096 3215 1268 3280 introrsum
1302 3213 1456 3280 uitalibus

283 3319 456 3389 suffocarit.

140 3429 266 3495 XXVII
370 3433 478 3499 Marco
507 3435 634 3501 Plautio
664 3435 817 3520 Hypsaeo
847 3435 954 3501 Marco
982 3435 1098 3500 Fuluio
1127 3435 1242 3499 Flacco
1271 3434 1456 3500 consulibus

285 3544 418 3611 uixdum
439 3545 581 3611 Africam
612 3565 633 3610 a
661 3545 817 3611 bellorum
840 3544 975 3611 excidiis
997 3543 1216 3628 quiescentem
1239 3542 1404 3610 horribilis
1426 3549 1458 3608 et

285 3656 441 3723 inusitata
462 3656 599 3742 perditio
622 3663 794 3721 consecuta
816 3661 874 3722 est.
918 3674 1058 3738 namque
1080 3673 1151 3718 cum
1174 3673 1233 3739 per
1253 3659 1352 3720 totam
1374 3652 1458 3716 Atri-
1474 3657 1505 3708 ³0

284 3785 355 3832 cam
376 3767 554 3833 immensae
575 3767 771 3832 locustarum
786 3763 1006 3830 multitudines
1022 3765 1219 3830 coaluissent
1234 3770 1266 3830 et
1280 3783 1345 3828 non
1361 3761 1455 3826 modo

282 3955 587 3964 ——u——q

351 4073 482 4123 tconten
498 4073 501 4128 Ι
516 4068 632 4123 troneD
682 4068 846 4137 pericolol)
915 4073 1003 4123 lnon
1019 4065 1155 4123 mnata
1224 4061 1457 4144 erecenhrnmh

284 4165 315 4214 to
334 4160 486 4229 quidemI)
574 4166 601 4214 11
624 4162 763 4230 simpronie
780 4160 807 4215 D
894 4169 924 4217 11
944 4167 1085 4234 pernitiem
1103 4160 1129 4214 Ι)
1216 4163 1247 4213 13
1266 4156 1415 4211 dedrtronet
1431 4154 1457 4208 Ι)

285 4257 315 4308 16
343 4255 506 4322 grachanam
529 4255 556 4308 D
641 4255 795 4309 seditionem
821 4269 871 4309 om.
896 4255 922 4308 D
995 4276 1010 4308 ι
1028 4259 1056 4308 11
1084 4253 1236 4307 africanum
1263 4253 1405 4318 turpionem
1432 4246 1458 4300 ll

285 4349 316 4400 19
334 4346 463 4401 ruremD
515 4347 584 4401 drxrt
602 4347 697 4402 cml)
766 4351 798 4400 20
817 4345 923 4404 etnaD
994 4344 1227 4404 tc‘anhelratuD
1304 4347 1336 4397 28
1354 4357 1456 4396 marcio

282 4443 345 4493 ante
362 4439 511 4509 plautrol)
1067 4437 1070 4442 “
