2834 5394
178 230 241 292 512
661 241 755 291 nrnnr
776 242 865 289 xxm

175 403 290 480 gentas
313 404 345 462 et
366 395 537 462 dromones
560 402 592 462 et
613 403 777 480 comperta
799 394 944 460 Romaici
965 392 1107 459 efficacia
1139 392 1226 477 ignis
1255 401 1361 459 trans

178 506 275 573 currit
304 507 339 572 in
362 507 547 591 Bithyniam
581 514 613 572 et
635 507 783 571 incontra
802 506 964 571 transiens
985 504 1030 570 ad
1051 511 1178 588 portum
1200 504 1359 588 Boniagri

175 616 340 702 applicuit
384 624 458 701 post
485 617 652 701 paululum
679 617 769 683 uenit
796 623 828 682 et
851 615 944 681 Gizid
981 636 1051 680 curn
1089 615 1154 679 alio
1182 616 1267 681 stolo
1306 617 1361 698 qni

175 726 279 793 iuerat
306 734 504 794 constructus
535 728 568 793 in
602 727 710 793 Airica
746 726 870 792 habens
907 733 940 792 et
967 727 1039 810 ipse
1066 746 1167 792 naues
1194 733 1360 792 trooentm

174 838 345 922 sexaginta
373 846 405 905 et
433 845 666 905 armamentum
693 845 727 905 et
754 844 914 921 sumptus,
951 837 1097 902 similiter
1124 836 1256 920 etipse
1285 834 1389 901 cumi

174 946 289 1014 eadem
318 947 360 1014 de
386 948 519 1013 humido
546 950 621 1032 igne
649 946 829 1030 didicisset,
858 947 1013 1032 applicuit
1040 966 1140 1031 penes
1162 946 1306 1012 Saturon
1328 952 1361 1014 et

174 1057 274 1122 Brian
296 1065 329 1123 et
350 1078 450 1141 usque
472 1059 516 1124 ad
538 1058 667 1125 Cartanr
688 1065 824 1143 portam.
868 1058 1021 1142 Aegyptii
1043 1077 1119 1123 uero
1142 1058 1255 1123 harum
1279 1055 1361 1123 dua·

174 1187 245 1232 rum
266 1168 417 1233 classium
445 1168 532 1253 apud
560 1190 596 1237 se
617 1177 714 1236 noctu
735 1168 896 1234 consiliati
917 1168 1047 1234 nauium
1070 1168 1231 1234 frumenta
1252 1167 1360 1234 foren-

173 1275 253 1342 tium
289 1278 424 1344 sublatis
452 1279 601 1346 lintribus
636 1280 681 1345 ad
715 1280 827 1345 urbem
863 1277 1089 1361 confugerunt,
1127 1279 1358 1361 imperatorem

173 1385 345 1455 laudantes
373 1390 419 1454 ita
445 1398 480 1455 nt
508 1390 550 1456 ab
572 1391 671 1457 Heria
703 1409 803 1472 usque
825 1388 869 1454 ad
890 1389 1003 1453 urbem
1025 1388 1167 1470 ligneum
1189 1386 1358 1455 uideretur
1376 1383 1403 1434 ¹⁰

174 1517 272 1564 mare.
315 1501 516 1585 comperiens
537 1509 645 1567 autem
673 1520 731 1584 per
752 1519 808 1565 eos
829 1499 1003 1583 imperator
1035 1497 1076 1564 de
1098 1499 1299 1565 absconditis
1321 1501 1357 1565 in

173 1608 246 1674 sinu
273 1609 399 1677 duabus
427 1611 584 1677 classibus
606 1610 795 1694 siphonibus
829 1608 974 1692 igniferis
1002 1609 1199 1675 constructis*
1217 1609 1254 1674 in
1284 1608 1358 1674 dre

172 1739 285 1786 moues
306 1728 403 1803 atque
431 1721 537 1788 dieres
564 1722 624 1787 hos
651 1720 817 1786 inmittens
844 1726 956 1784 contra
979 1719 1059 1784 duas
1081 1720 1201 1785 classes
1224 1717 1356 1784 direxit.

177 1827 239 1894 deo
260 1837 367 1895 autem
388 1837 582 1916 cooperante
602 1851 661 1915 per
680 1830 925 1896 intercessiones
948 1830 1159 1895 intemeratae
1181 1826 1234 1894 dei
1256 1848 1358 1910 gene-

178 1938 264 2003 tricis
287 1940 432 2022 protinus
453 1940 592 2007 demersi
614 1947 688 2007 sunt
709 1939 829 2006 inimici
861 1947 894 2005 et
915 1938 1094 2022 adsumptis
1116 1937 1228 2022 spoliis
1251 1938 1358 2004 nostri
1377 1932 1404 1983 ¹⁵

176 2054 209 2112 et
231 2050 382 2132 expensis
403 2070 512 2115 eornm
534 2070 605 2115 cnm
626 2049 745 2133 gaudio
767 2059 799 2116 et
821 2049 981 2134 triumpho
1004 2049 1124 2115 reuersi
1145 2054 1228 2113 sunt.

108 2146 160 2214 XI
265 2157 381 2223 Adhuc
401 2166 509 2226 autem
530 2160 704 2226 Mardasan
725 2161 839 2226 iterum
860 2180 881 2224 a
902 2160 1003 2243 portis
1025 2178 1096 2223 cum
1118 2158 1260 2224 exercitu
1276 2158 1360 2223 Ara-

176 2267 252 2333 bum
274 2288 375 2351 usque
390 2270 543 2336 Nicaeam
565 2280 598 2337 et
615 2269 835 2337 Nicomediam
859 2269 1055 2335 discurrente
1078 2268 1239 2352 principes
1260 2267 1357 2350 regni

176 2379 291 2462 quiin
318 2381 400 2446 Libo
431 2389 463 2447 et
484 2381 637 2465 Sophene
663 2401 752 2448 more
779 2379 1008 2445 Mandaitarum
1037 2377 1218 2444 absconditi
1246 2386 1353 2458 erant,

176 2490 271 2555 simul
293 2496 326 2556 et
349 2491 474 2575 pedites
501 2493 535 2557 in
557 2493 616 2558 hos
637 2491 742 2558 subito
763 2491 920 2556 irruentes
942 2497 974 2555 et
997 2488 1131 2554 diuersis
1155 2488 1283 2554 damnis
1305 2488 1353 2553 af·
1375 2488 1407 2542 ²⁰

176 2598 319 2667 ficientes
340 2602 430 2667 illinc
451 2602 560 2684 ingere
582 2602 811 2686 compulerunt.
856 2606 889 2665 et
916 2598 957 2664 de
988 2606 1092 2664 cetero
1115 2598 1240 2662 modico
1265 2617 1354 2664 mea

177 2709 252 2774 bilis
279 2710 350 2775 lreti
378 2712 467 2777 aditu
495 2714 626 2778 inuento
654 2713 696 2778 ab
718 2711 797 2776 urbe
824 2709 997 2774 chelandia
1024 2709 1175 2774 exeuntia
1196 2708 1355 2790 plurimas

178 2838 337 2903 expensas
364 2821 519 2888 ferebant.
563 2823 709 2887 similiter
744 2827 851 2885 autern
887 2826 919 2885 et
954 2819 1146 2902 piscatoriae
1183 2817 1355 2884 saniculae

177 2937 242 2994 tarn
264 2931 298 2996 in
319 2932 433 2997 insulis
455 2952 550 3015 quarn
572 2933 606 2997 in
627 2932 706 2998 locis
729 2931 847 2995 circum
869 2949 975 2994 muros
998 2928 1134 2993 ciuitatis
1157 2928 1270 3011 positis
1303 2948 1357 2995 ca-

177 3060 254 3122 pere
281 3041 387 3123 pisces
417 3062 482 3106 non
514 3041 775 3124 prohibebantur.
819 3046 987 3123 praeterea
1015 3037 1099 3103 fame
1133 3059 1253 3121 magna
1275 3039 1355 3104 Ara·
1375 3045 1407 3098 ta

177 3148 271 3213 bibus
299 3150 412 3213 innixa
440 3170 551 3216 omnes
579 3151 797 3216 moriebantur
818 3156 850 3214 et
877 3149 1033 3214 animalia
1055 3169 1114 3214 sua
1136 3147 1352 3215 comedebant

179 3276 277 3341 equos
304 3258 456 3324 uidelicet
476 3259 584 3326 asinos
606 3266 638 3325 et
660 3259 809 3325 camelos.
853 3259 944 3325 aiunt
971 3265 1078 3324 autem
1107 3257 1238 3340 quidam
1268 3257 1357 3341 quod

179 3374 212 3433 et
231 3367 377 3434 homines
399 3375 540 3435 mortum
562 3370 638 3452 quin
661 3377 694 3436 et
715 3378 835 3435 stercus
857 3390 948 3435 suurn
980 3369 1014 3434 in
1036 3369 1199 3433 clibanum
1223 3368 1357 3433 missum

179 3487 273 3562 atque
295 3499 501 3564 conspersum
523 3478 664 3547 ederent.
708 3481 852 3546 incubuit
874 3486 981 3544 autem
1002 3479 1036 3542 in
1059 3498 1114 3543 eos
1145 3484 1177 3542 et
1198 3478 1357 3561 pestilens

178 3590 315 3673 languor
342 3597 375 3656 et
401 3591 651 3656 innumerabiles
679 3611 720 3656 ex
750 3590 797 3656 eis
819 3590 991 3674 perierunt.
1036 3608 1130 3672 porro
1153 3589 1359 3653 coaceruauit
1377 3602 1410 3654 ee

179 3695 214 3765 in
235 3720 291 3766 eos
312 3701 434 3766 bellum
456 3703 553 3767 etiarn
575 3701 749 3784 Bulgarum
771 3719 852 3783 gens
874 3707 907 3765 et
927 3705 962 3765 ut
983 3699 1074 3764 aiunt
1095 3698 1148 3780 qui
1164 3698 1226 3762 hoc
1240 3698 1359 3763 certius

178 3817 296 3876 norunt
322 3811 436 3894 uiginti
472 3810 535 3876 duo
570 3810 660 3876 milia
691 3830 732 3877 ex
760 3809 921 3876 Arabibus
951 3807 1145 3873 oeciderunt.
1191 3815 1223 3872 et
1255 3807 1361 3872 multa

251 4078 417 4164 loblptoD
511 4079 658 4149 thithrmb
675 4094 702 4150 b
787 4091 923 4148 thebani
939 4098 966 4146 et
983 4091 1039 4159 ipio
1056 4090 1153 4146 om.D
1238 4096 1361 4145 5arma·

176 4170 277 4241 rhtuI)
362 4187 536 4256 epaeneti)
621 4186 777 4241 tbrronll
827 4182 969 4255 egyptio
1057 4188 1085 4236 11
1107 4184 1364 4248 mare1manere1)

185 4285 214 4332 15
232 4259 333 4344 asiptis
349 4280 375 4334 J>
441 4262 609 4335 laniosio
712 4283 745 4333 20
763 4276 926 4347 dampnrlD
996 4279 1027 4329 21
1046 4275 1192 4344 positolD
1253 4281 1286 4330 28
1305 4277 1363 4347 ely·

183 4353 256 4425 band
275 4368 301 4421 Ι)
368 4377 401 4427 29
418 4372 537 4428 dederent
556 4372 581 4427 D
650 4377 680 4427 31
700 4349 815 4440 uulgaris
834 4369 860 4424 D
