2834 5394
10 37 1036 367 u

670 122 683 137 ι.

625 144 675 171 ..ο

622 192 627 201 ι

483 717 555 766 cue.
578 717 845 766 xxxv-muru
1199 706 1262 770 445

87 870 187 938 tralia
210 876 242 936 et
264 869 378 936 sellam
400 877 499 935 totam
521 889 563 935 ex
585 888 664 934 auro
687 868 905 935 fabrefactam.
951 891 1048 955 porro
1077 877 1185 938 tentus
1213 879 1263 939 est

89 983 185 1049 uiuus
207 981 419 1046 Barsamuses
447 980 599 1065 princeps
626 979 817 1045 Hiberorum
846 979 906 1046 sub
929 981 1038 1047 Persis
1065 981 1261 1066 degentium.

91 1109 185 1156 nemo
206 1096 314 1156 autem
336 1089 448 1156 recolit
469 1089 566 1156 huius
588 1089 674 1154 modi
697 1089 817 1154 bellum
846 1090 930 1157 iuter
952 1092 1114 1158 Romanos
1135 1099 1167 1156 et
1189 1091 1263 1156 Per·

89 1221 145 1268 aas
167 1200 253 1284 quod
274 1198 426 1266 uidelicet
453 1219 511 1285 per
538 1206 638 1265 totum
668 1198 753 1264 diem
775 1199 889 1266 habuit
910 1208 1028 1267 statum
1052 1201 1262 1283 uiceruntque

54 1312 236 1377 aRomani.
281 1329 392 1377 uerum
415 1311 476 1375 hoc
499 1310 616 1376 laetum
639 1316 688 1375 est
709 1311 778 1377 eolo
800 1310 853 1375 dei
868 1311 1042 1376 iuuamine.
1087 1310 1264 1396 imperator

90 1441 166 1487 uero
200 1441 221 1485 a
254 1439 289 1487 se
322 1420 533 1486 confortatum
568 1420 744 1486 exercitum
777 1428 889 1487 contra
917 1420 1082 1488 Chesroen
1118 1421 1263 1488 minabat

88 1536 248 1616 quatenus
270 1530 356 1597 hunc
378 1530 561 1597 deterreret.

172 1643 272 1708 Porro
301 1642 395 1707 tertio
423 1640 547 1706 decimo
576 1639 736 1707 kalendas
757 1640 927 1707 Ianuarias
955 1647 1117 1726 comperto
1140 1641 1238 1725 impe
1258 1632 1356 1700 XXX
1412 1642 1417 1690 Ι

89 1759 176 1818 rator
198 1751 282 1836 quod
305 1752 443 1837 populus
463 1751 629 1831 Rhaaatis,
652 1750 707 1835 qui
729 1770 770 1817 er
792 1751 877 1817 bello
899 1751 1011 1834 euasit,
1036 1751 1143 1818 unitus
1167 1751 1264 1819 luerit

41 1881 73 1931 ro
88 1862 192 1930 tribus
214 1862 344 1928 milibus
377 1880 460 1943 quae
481 1881 501 1926 a
523 1860 666 1927 Chosroe
689 1860 851 1928 destinata
873 1862 999 1928 fuerant
1020 1867 1052 1927 et
1075 1858 1264 1945 sequeretur

88 1979 163 2057 post
184 1992 221 2041 se
244 1978 460 2056 ceperuntque
480 1971 599 2036 Niniue
629 1978 832 2037 transmeans
857 1991 1010 2054 magnum
1031 1969 1145 2035 Zaban
1167 1971 1264 2037 mittit

91 2082 265 2166 Georgium
287 2082 492 2148 turmarchen
520 2101 592 2147 cum
614 2080 700 2146 mille
723 2081 879 2147 militibus
905 2101 968 2165 quo
990 2087 1130 2146 curreret
1152 2080 1195 2146 ad
1217 2100 1264 2146 re

90 2191 257 2259 tinendum
279 2199 395 2278 pontes
417 2192 551 2258 minoris
572 2191 684 2256 Zaban
706 2191 892 2276 priusquam
914 2190 948 2255 id
963 2189 1124 2257 Chosrees
1147 2209 1264 2274 cogno-

91 2310 204 2370 sceret.
248 2322 383 2385 cumque
419 2301 612 2369 cucurrisset
640 2300 800 2384 Georgius
827 2308 923 2366 noctu
951 2300 1097 2366 miliariis
1129 2309 1200 2366 octo
1232 2307 1264 2368 et

44 2431 74 2480 re
92 2412 317 2498 quadraginta,
340 2413 442 2479 tenuit
464 2418 613 2496 quattuor
634 2418 749 2495 pentes
771 2411 904 2478 minoris
927 2411 1039 2477 Zaban
1061 2418 1094 2477 et
1115 2410 1264 2478 inuentos

92 2524 126 2588 in
148 2523 291 2590 castellis
314 2524 431 2590 Persas
454 2522 600 2606 optinuit.
645 2521 768 2587 decimo
790 2529 958 2606 praeterea
981 2521 1194 2587 kalendarum
1215 2522 1265 2587 Ia·

92 2633 277 2699 nuariarum
306 2633 499 2717 perueniens
528 2633 702 2716 imperator
737 2632 779 2697 ad
815 2640 944 2717 pontes,
981 2631 1201 2698 transfretauit
1234 2637 1266 2698 et

92 2743 223 2810 diuertit
244 2744 278 2809 in
301 2742 413 2809 domos
435 2741 588 2808 Hiesdem
612 2749 644 2808 et
666 2743 776 2808 reiecit
797 2749 863 2806 tam
884 2741 1060 2808 exercitum
1085 2761 1180 2826 quam
1198 2741 1266 2806 ani-

93 2853 214 2919 mantia
236 2853 373 2937 lecitque
396 2853 601 2918 lestiuitatem
624 2852 805 2918 natiuitatis
828 2850 949 2918 Christi
970 2851 1004 2915 in
1026 2850 1138 2915 eedem
1160 2851 1240 2916 loco.

41 2976 75 3027 ao
177 2963 346 3046 Comperto
374 2981 450 3028 uero
474 2961 633 3028 Chosroes
662 2960 746 3044 quod
774 2961 910 3026 Romani
932 2967 1081 3027 tenerent
1100 2967 1215 3043 pontes
1238 2957 1338 3026 XXX
1379 2961 1389 3015 ¹
1413 2966 1417 3011 ¹

91 3073 223 3139 minoris
245 3074 354 3139 Zahae
377 3073 464 3139 misit
486 3072 528 3137 ad
549 3071 713 3138 Persicum
735 3071 888 3156 populum
918 3071 970 3136 cui
991 3071 1152 3137 Rhazates
1174 3089 1265 3156 prae

91 3190 161 3248 crat
197 3188 232 3249 ut
259 3183 378 3267 oppido
415 3183 605 3249 testinantes
640 3182 869 3267 praeuenirent
896 3182 1121 3265 imperatorem
1157 3188 1190 3247 et
1221 3179 1266 3247 ad

93 3294 198 3378 ipsum
221 3301 401 3377 pergerent.
446 3295 663 3358 accelerantes
685 3299 788 3357 autem
812 3291 859 3357 illi
889 3297 921 3358 et
948 3297 1184 3358 transmeantes
1210 3291 1266 3356 mi-

96 3423 206 3469 norem
228 3404 339 3470 Zaban
370 3404 402 3468 in
434 3404 508 3470 aliis
531 3403 610 3471 locis
638 3412 875 3488 praeuenerunt
902 3401 1129 3485 imperatorem
1166 3407 1264 3482 atque

42 3530 76 3581 25
95 3514 274 3598 praeibant.
319 3534 453 3598 cumque
481 3514 656 3597 imperator
685 3513 841 3596 palatium
871 3511 956 3596 quod
977 3511 1143 3577 dicebatur
1163 3512 1266 3578 Deae

93 3623 188 3688 ridan
210 3624 359 3707 cepisset,
382 3623 541 3690 destruxit
563 3631 659 3708 atque
681 3623 856 3691 combussit.
899 3629 933 3688 at
955 3642 1030 3688 uero
1052 3623 1172 3688 Persae
1194 3641 1266 3686 cum

93 3741 224 3818 pontem
247 3737 375 3799 Tornae
406 3732 547 3800 fluminis
575 3735 842 3816 pertransissent,
873 3731 992 3798 ibidem
1021 3739 1128 3800 eastra
1157 3732 1267 3798 metati

94 3850 177 3910 sunt.
221 3850 271 3909 ast
294 3844 468 3925 imperator
490 3842 721 3927 comprehenso
744 3844 808 3908 alio
831 3843 952 3926 palatio
975 3841 1145 3925 Chosrois,
1181 3839 1267 3924 quod

93 3953 269 4018 uocabatur
290 3955 387 4033 Rusa,
417 3961 448 4019 et
473 3953 534 4018 hoc
556 3952 722 4020 subuertit.
766 3961 907 4018 ceterum
928 3950 1098 4016 uerebatur
1126 3949 1212 4034 quod
1231 3951 1266 4016 in

41 4077 75 4128 eo
93 4070 191 4146 ponte
213 4066 340 4129 Tomac
362 4063 502 4128 fluminis
531 4063 641 4128 hostes
669 4063 773 4127 forent
802 4067 913 4127 centra
943 4079 977 4126 se
1004 4059 1163 4125 bellaturi.
1208 4058 1266 4125 sed

92 4172 154 4239 hoc
175 4174 223 4239 illi
246 4175 386 4241 seientes
407 4173 517 4238 relicto
540 4179 637 4256 ponte
660 4173 818 4255 fugerunt.
854 4171 978 4236 interea
999 4169 1172 4253 imperator
1194 4186 1266 4234 oum

93 4284 164 4352 sine
186 4283 416 4369 impedimento
438 4283 618 4364 transisset,
641 4280 857 4366 apprehendit
871 4280 961 4347 aliud
974 4279 1131 4365 palatium
1151 4297 1266 4363 cogno·

164 4650 372 4736 thyberonil)
474 4663 657 4720 brhazatrll
770 4668 800 4716 10
820 4667 898 4732 quae]
924 4660 1013 4731 qurD
1118 4664 1147 4715 12
1164 4666 1266 4716 turma·

93 4756 163 4812 chen
180 4756 207 4812 D
311 4762 341 4813 13
364 4758 400 4823 rd]
425 4757 504 4814 adl)
609 4762 639 4811 14
665 4755 838 4813 mrhtarnlI)
943 4758 973 4810 16
990 4753 1099 4825 Persas]
1116 4754 1227 4826 peultai
1241 4753 1266 4809 Ι)

96 4854 126 4904 19
144 4836 286 4906 natrurtatlr
302 4838 340 4925 xp
357 4835 545 4908 feltrmtatill
613 4855 644 4905 21
665 4848 822 4908 mmorelD
890 4850 922 4902 27
940 4847 1131 4920 ptmnlrlldrll
