2834 5394
182 243 245 333 556
660 259 753 306 mam
774 259 875 306 xxmc

182 410 295 476 dorum
311 411 424 476 effecta
439 417 514 478 suut
536 410 649 477 domos
670 411 739 476 fore
761 429 947 476 communes
970 409 1153 477 fautoribus
1169 412 1246 478 suis
1262 413 1372 478 militi-

181 521 242 588 bus
265 520 441 587 sanciebat.
485 519 625 605 denique
641 521 830 586 coenobium
845 521 1009 602 Dalmatii‚
1033 520 1122 605 quod
1138 523 1232 588 inter
1248 524 1374 608 optima

180 631 330 718 Byzantii
361 637 430 697 erat
458 630 623 714 coenobia,
660 631 818 696 militibus
846 630 880 695 in
908 630 1130 695 babitaculum
1154 631 1291 698 tribuit.
1337 654 1374 698 ea

182 761 266 826 quae
287 741 436 807 dicuntur
459 740 636 807 Callistrati
664 748 697 807 et
729 741 784 805 Dii
813 759 852 805 ae
872 740 1039 805 Maximini
1069 745 1287 809 monasteria
1316 765 1374 810 nec

181 871 247 917 uon
269 859 301 917 et
322 853 405 917 alias
428 870 539 917 sacras
562 851 790 916 monachorum
819 870 858 916 ac
879 851 1040 934 uirginum
1062 851 1183 918 domos
1206 873 1231 918 a
1257 853 1402 920 funda-⁵

182 961 299 1028 mentis
321 960 489 1026 destruxit.
534 980 589 1027 eos
611 981 688 1026 uero
718 962 773 1044 qui
794 968 868 1046 post
889 961 1100 1026 monasticam
1125 963 1249 1029 subire
1274 965 1376 1030 uitam

182 1090 224 1137 ex
245 1071 428 1153 insignibus
450 1071 605 1137 militibus
633 1072 686 1136 uel
715 1072 918 1137 senatoribus
948 1070 1142 1137 studuerant
1166 1081 1202 1138 et
1227 1076 1377 1141 maximo

181 1288 350 1356 sanderum
373 1298 501 1356 actuum
525 1291 651 1356 inerant
673 1291 766 1355 morti
789 1290 947 1357 subdebat
962 1293 1126 1376 suspectui
1144 1292 1289 1362 habens
1305 1315 1377 1360 con·

182 1400 352 1480 fusionem,
390 1421 474 1485 quac
504 1401 567 1468 sibi
594 1400 911 1485 pronuntiationibus
934 1401 1024 1467 fieret
1045 1404 1309 1487 propalantium
1332 1427 1376 1473 se.
1394 1414 1411 1461 ¹(

182 1510 268 1577 unde
301 1520 333 1577 et
362 1512 555 1595 Strategium
584 1510 789 1596 Podopaguri
821 1511 951 1576 tratrem
983 1531 1054 1576 omn
1086 1520 1179 1578 esset
1219 1515 1376 1582 urbanus

182 1622 291 1704 specie
313 1622 498 1707 assumpsit.
543 1621 675 1685 amabat
702 1622 788 1685 enim
810 1621 930 1686 talibus
953 1620 1130 1686 adhaerere
1155 1632 1306 1709 propter
1329 1628 1376 1691 lu·

182 1732 293 1798 xurias
317 1752 402 1797 suas.
447 1750 519 1795 cum
541 1738 648 1796 autern
672 1731 829 1797 sensisset
849 1751 921 1796 eum
945 1731 1079 1796 moleste
1108 1733 1231 1799 tulisse
1266 1737 1375 1802 infan—

184 1840 244 1908 das
267 1841 300 1905 in
323 1842 410 1907 uiros
433 1840 580 1907 insanias
604 1848 735 1908 suaset
762 1840 858 1906 beato
880 1840 1045 1926 Stephano
1074 1842 1229 1909 inclauso
1263 1848 1374 1912 sancti

182 1949 334 2014 Auxentii
363 1950 423 2015 has
454 1950 624 2016 manifeste
653 1949 836 2018 reddidisse
864 1950 1042 2034 salutisque
1071 1951 1221 2016 remedia
1253 1976 1374 2023 susee-
1391 1959 1411 2006 ¹⁵

180 2059 279 2143 pisse,
317 2058 402 2122 hunc
433 2059 526 2140 quasi
555 2059 779 2125 insidiatorem
808 2081 900 2126 suum
929 2060 1101 2127 diffamans
1124 2081 1194 2126 una
1217 2082 1301 2129 cum
1325 2068 1372 2131 in·

181 2169 293 2233 clauso
315 2174 349 2232 ut
371 2167 569 2252 praedictum
592 2176 642 2235 est
663 2169 830 2235 interiecit.
875 2171 951 2236 tecit
973 2177 1080 2237 autem
1108 2171 1291 2242 abundare
1322 2197 1372 2241 or-

183 2285 279 2345 natas
308 2279 433 2364 speeies
461 2277 495 2343 in
524 2279 619 2360 urbe,
648 2299 751 2347 nouus
780 2280 865 2346 enim
887 2280 993 2346 Midas
1022 2281 1124 2376 sactus
1161 2300 1289 2348 aurum
1318 2305 1370 2350 oo

179 2390 347 2455 aeeruauit
369 2395 401 2455 et
422 2388 583 2473 agricolas
604 2387 783 2456 denudauit
809 2397 842 2456 et
870 2391 911 2456 ob
933 2391 1123 2456 tributorum
1148 2392 1367 2461 exactionem

179 2498 378 2584 cogebantur
400 2500 548 2566 homines
569 2502 679 2584 largas
702 2499 754 2564 dei
776 2501 973 2584 geniminum
996 2500 1238 2567 munificentias
1262 2504 1411 2570 facilem

180 2629 238 2675 seu
266 2609 322 2673 uili
351 2610 454 2693 pretio
482 2609 679 2675 uenundare.
724 2609 899 2694 eodemque
926 2631 1012 2675 anno
1033 2610 1166 2675 Nicetas
1196 2611 1276 2678 falsi
1307 2634 1365 2679 no

179 2719 277 2784 minis
299 2719 485 2803 patriarcba
507 2721 618 2785 iconas
640 2739 681 2785 ex
703 2720 828 2786 musiuo
851 2720 967 2801 iactas,
992 2740 1074 2804 quac
1096 2720 1130 2784 in
1152 2721 1363 2803 patriarchio

179 2828 293 2895 secreti
328 2828 461 2896 minoris
484 2835 585 2912 erant,
619 2829 718 2895 erasit
751 2836 783 2895 et
813 2829 973 2913 imagines
995 2832 1105 2914 magni
1129 2832 1247 2896 sec-reti
1272 2854 1362 2916 quae

178 2941 323 3024 sculptae
345 2941 379 3004 in
400 2939 488 3022 ligno
511 2946 611 3021 erant,
634 2937 784 3023 deposuit
806 2947 837 3004 et
859 2948 1036 3006 ceterarum
1059 2941 1238 3024 imaginum
1253 2943 1362 3010 facies

177 3048 335 3129 deliniuit‚
360 3048 417 3114 sed
441 3057 472 3113 et
494 3050 528 3112 in
550 3048 745 3113 Abramiaeo
768 3049 916 3115 similiter
936 3051 1020 3115 feeit.
1376 3062 1408 3111 aa

129 3159 158 3224 L
264 3159 358 3222 Anno
391 3156 517 3240 imperii
550 3157 600 3222 sui
633 3157 786 3224 uicesimo
824 3165 936 3223 octauo
974 3160 1138 3224 eoronauit
1174 3159 1360 3244 imperator

176 3265 353 3331 Eudociam.
382 3286 513 3330 uxorem
544 3287 635 3332 suam
665 3286 736 3331 cum
766 3275 852 3334 essct
885 3269 1040 3352 trigamus
1076 3277 1107 3333 et
1139 3268 1220 3334 baec
1255 3274 1358 3338 tertia

176 3384 264 3444 esset
286 3376 410 3457 coniux,
433 3377 467 3441 in
489 3375 663 3441 tribunalio
686 3376 797 3443 decem
820 3385 853 3444 et
873 3398 988 3443 nouem
1013 3380 1213 3444 accubituum
1236 3379 1357 3447 kalen-

178 3486 229 3552 dis
251 3484 427 3570 Aprilibus,
464 3486 549 3551 filios
578 3506 654 3552 uero
678 3508 754 3553 suos
776 3507 817 3554 ex
839 3489 912 3574 ipsa
934 3496 1118 3573 procreatos
1141 3487 1357 3574 Christopho-

177 3617 247 3660 rum
270 3595 391 3662 scilicet
414 3602 445 3660 et
466 3596 684 3681 Nicephorum
712 3603 844 3681 postera
874 3598 927 3664 die
954 3620 1017 3682 qua
1040 3605 1183 3665 sanctum
1208 3599 1357 3666 celebra·
1372 3610 1407 3660 oo

177 3712 244 3770 tum
277 3711 325 3770 ost
346 3705 472 3770 Pascha
495 3705 654 3772 Caesares
688 3707 849 3773 ordinauit
880 3708 1067 3793 patriarcha
1098 3709 1276 3772 orationem
1306 3711 1357 3776 fa-

244 4097 464 4165 tcenobrumll
551 4099 694 4154 3brzantn
712 4102 789 4153 erant
805 4097 832 4152 D
891 4097 997 4164 mrlrt1b;
1017 4098 1098 4151 iterat
1114 4097 1148 4152 θ’
1234 4097 1353 4152 lkallr-

176 4192 249 4246 strati
267 4191 293 4245 1)
362 4189 609 4256 anhollaerosl)
687 4196 703 4246 θ
720 4189 872 4261 postlpD
947 4187 1124 4258 texbgmb;
1142 4190 1169 4245 Ι)
1242 4192 1353 4245 9mor-

173 4286 250 4341 nub
321 4289 351 4338 14
368 4299 443 4338 uuo*
463 4285 529 4354 (fuit
547 4284 611 4339 ab
680 4288 710 4338 Π
728 4282 888 4341 habundare
902 4278 1045 4337 homst>
1126 4286 1156 4337 19
1173 4282 1354 4351 agncudosD

173 4382 206 4433 22
224 4375 364 4433 muboD
465 4379 498 4430 25
522 4377 658 4433 abrameo
689 4374 712 4400 ¹¹
1139 4381 1172 4434 29
1197 4355 1295 4444 x'pfori
1322 4379 1352 4434 D
