2834 5394
461 693 534 739 (sar.
557 693 888 741 xxxxnI-xxxxvlll
1185 680 1248 740 417

72 864 131 912 eea
152 843 285 912 inmisit.
329 841 476 908 incidunt
505 843 614 927 itaque
642 845 772 928 pluuiac
794 844 1008 910 creberrimae
1030 864 1128 929 super
1149 866 1248 931 popu·

72 957 139 1020 lum
162 961 195 1021 et
216 955 318 1038 frigus
340 954 483 1018 multum.
519 954 632 1019 Petrus
655 963 761 1020 autem
784 954 900 1036 uiginti
922 954 1051 1020 milibus
1072 956 1182 1039 procul
1204 955 1247 1021 ab

71 1063 217 1131 exercitu
238 1063 432 1128 morabatur.
477 1063 652 1129 Mauricius
680 1070 788 1129 autem
810 1064 905 1130 Petro
933 1065 1087 1129 molestus
1116 1071 1186 1130 erat
1212 1072 1248 1130 ut

71 1174 218 1241 Histrum
240 1174 393 1239 transiret
416 1181 447 1238 et
470 1172 626 1239 hiemales
647 1193 739 1240 escas
761 1175 872 1258 populi
895 1174 935 1239 de
951 1174 1174 1239 Sclauinerum
1196 1196 1247 1242 su-

38 1296 55 1343 5
72 1291 176 1351 meret
196 1283 329 1367 regione
352 1303 393 1348 ne
406 1283 562 1348 alimenta
574 1283 704 1368 publica
725 1291 892 1366 cogeretur
904 1283 1058 1349 Romanis
1079 1285 1245 1369 praebere.

71 1400 203 1479 praetor
230 1413 308 1458 uero
338 1394 493 1459 accersito
517 1393 646 1459 Gudoin
675 1394 722 1459 ait
744 1394 855 1460 ‘nimis
877 1394 956 1459 mibi
977 1395 1092 1478 grauia
1112 1395 1246 1478 impera·

70 1503 151 1569 toris
173 1511 347 1588 praecepta
368 1504 402 1568 in
425 1503 533 1568 aliena
546 1511 632 1569 terra
653 1503 797 1569 hiemare
810 1505 973 1571 Romanos
994 1504 1149 1570 iubentia.
1170 1524 1246 1570 nam

71 1613 162 1678 illum
184 1634 249 1679 non
272 1612 428 1679 obaudire
449 1634 581 1679 saeuum
599 1621 648 1680 est
669 1622 702 1680 et
715 1635 825 1680 rursus
844 1614 999 1680 obaudire
1013 1614 1246 1682 saeuissimum.

72 1723 194 1787 nullum
219 1725 336 1787 benum
360 1724 444 1808 parit
466 1724 619 1805 auaritia,
649 1732 753 1789 mater
784 1731 891 1789 autem
919 1724 1060 1789 omnium
1089 1725 1274 1811 malorum

24 1842 55 1891 re
72 1833 234 1912 consistit,
265 1854 329 1917 qua
357 1834 530 1917 imperator
563 1835 722 1918 languens
763 1834 873 1899 borum
908 1833 1118 1899 maximorum
1147 1855 1248 1902 causa

71 1942 228 2007 rualenum
250 1944 406 2010 Romanis
428 1943 581 2009 eflicitur!
602 1945 768 2011 accersitis
790 1964 917 2028 quoque
939 1945 1047 2030 pepuli
1070 1945 1247 2013 taxiarchis

70 2054 275 2138 imperatoris
298 2055 347 2120 eis
369 2054 578 2120 intentionem
598 2055 734 2139 aperuit.
764 2056 903 2138 populus
925 2062 1032 2120 autem
1055 2055 1116 2120 bec
1137 2055 1246 2121 andito
1280 2036 1284 2049 ’

72 2163 249 2229 seditiones
278 2164 518 2228 concitauerunt
547 2172 580 2229 et
608 2166 754 2248 insignes
784 2164 913 2245 quidem
945 2165 1107 2249 principes
1136 2186 1177 2231 ex
1199 2165 1246 2232 cis

71 2273 232 2356 fugientes
254 2273 296 2338 ad
320 2280 500 2358 praetorem
523 2282 688 2339 uenerunt.

25 2398 54 2446 te
157 2384 255 2448 Porro
278 2382 497 2449 multitudines
509 2385 543 2448 in
555 2405 652 2449 uuum
665 2392 879 2469 congregatae
893 2384 1075 2469 prouehunt
1089 2382 1400 2450 erar-XXXXVIII

71 2493 165 2558 ebum
187 2493 326 2559 Phocarn
349 2495 567 2559 centurionem
598 2500 630 2559 et
658 2514 755 2580 super
781 2496 928 2578 clypeum
957 2494 1042 2560 hunc
1070 2496 1246 2560 exaltatum

72 2603 222 2669 laudibus
245 2604 417 2669 exarchum
441 2605 668 2669 acclamarunt.
713 2604 764 2671 his
788 2605 901 2670 Petrus
931 2605 1049 2669 auditis
1078 2606 1111 2669 in
1139 2605 1248 2689 lugam

75 2731 188 2779 uersus
210 2721 260 2779 est
282 2721 313 2780 et
336 2716 445 2779 onmia
469 2715 654 2798 imperatori
680 2715 852 2780 manifesta
875 2715 958 2780 iecit.
1002 2720 1052 2780 ast
1074 2715 1249 2798 imperator
1308 2741 1316 2751 ·

72 2822 124 2888 his
153 2823 338 2890 difficilibus
367 2825 486 2890 auditis
515 2826 619 2888 colare
647 2823 867 2887 multitudines
903 2844 942 2888 ea
970 2823 1156 2905 temptabat.
1201 2841 1248 2888 sc

21 2946 54 2996 re
71 2933 177 2998 cunda
200 2954 274 2999 uero
297 2935 367 3000 dics
390 2943 421 2999 et
447 2934 555 2999 ludum
578 2934 753 2999 celebrauit
774 2942 955 3016 equestrem
979 2932 1181 2997 incommoda
1201 2932 1248 2998 in-

72 3045 234 3110 felicitatis
257 3047 429 3109 occultans.
464 3046 580 3127 uulgus
603 3052 708 3108 autern
733 3042 940 3108 Prasinorum
970 3042 1130 3107 clamabat
1154 3043 1247 3108 ‘Gon-

73 3156 247 3221 stantinus’
279 3156 428 3239 iuquiens
458 3155 507 3220 ‘et
537 3154 756 3220 domentiolus
792 3152 920 3217 domine
947 3155 1163 3217 Romanorum
1199 3159 1248 3219 ter

72 3265 215 3348 Auguste
238 3266 324 3350 plebi
348 3275 421 3330 tuae
445 3266 609 3330 molestias
632 3266 782 3346 ingerunt
810 3271 844 3327 ut
872 3283 983 3329 eruces
1011 3262 1186 3347 disponant
1213 3264 1247 3329 in

72 3395 112 3440 ca
142 3396 223 3459 quae
247 3376 402 3441 babemus
426 3382 565 3459 peccata.
611 3374 691 3440 deum
721 3374 774 3458 qui
802 3374 911 3437 omnia
939 3372 1082 3441 condidit
1110 3373 1248 3439 subiciat

22 3497 55 3547 aa
72 3485 131 3551 tibi
146 3506 272 3552 omnem
288 3487 451 3551 inimicum
469 3494 500 3550 et
516 3487 638 3552 hostem
664 3493 728 3549 tarn
751 3484 936 3551 intestinum
961 3503 1056 3568 quam
1080 3488 1246 3550 externum

73 3597 144 3662 sine
166 3597 342 3679 sanguine?
386 3604 418 3660 at
442 3617 518 3662 uero
542 3597 715 3681 imperator
736 3594 888 3679 plebibus
910 3594 1081 3659 intimabat
1103 3594 1158 3659 ‘nil
1181 3594 1248 3661 ues'

72 3707 222 3790 inquiens
247 3705 362 3772 ‘turbet
384 3707 651 3771 irrationabilium
675 3706 810 3770 militum
833 3704 1055 3770 immoderatio
1077 3713 1109 3770 et
1124 3705 1247 3788 inquie-

72 3815 166 3881 tudo!
189 3818 302 3882 Veneti
326 3824 431 3881 autern
456 3815 607 3881 dixerunt
629 3815 718 3880 ‘dous
741 3815 794 3898 qui
818 3815 912 3881 iussit
933 3822 965 3879 te
983 3815 1150 3898 imperare,
1174 3814 1246 3879 sub-

71 3925 128 3991 dat
149 3927 207 3991 tibi
230 3948 356 3992 omnem
387 3927 441 4009 qui
465 3927 633 4011 imperium
658 3933 746 3989 tuum
768 3925 933 4010 inpugnat.
979 3932 1011 3989 ct
1033 3925 1060 3988 si
1083 3926 1246 3988 Romanus

21 4047 54 4096 ae
71 4043 121 4103 est
143 4037 197 4118 qui
219 4038 283 4102 fide
305 4045 400 4121 rupta
421 4044 514 4120 terga
537 4037 674 4102 uertite
696 4043 727 4100 te
750 4035 835 4100 bunc
856 4035 913 4100 tibi
937 4035 970 4098 iu
994 4034 1178 4099 seruitutem
1198 4050 1246 4098 re·

70 4146 160 4230 diget
182 4148 305 4232 absque
328 4148 504 4230 sauguine?
547 4147 606 4212 hos
628 4146 803 4230 imperator
824 4165 954 4211 armans
984 4151 1015 4209 et
1043 4142 1244 4209 sermonibus

68 4345 342 4356 -.—..—..-.—.
371 4349 375 4354 .

69 4461 170 4513 mmrlrt
187 4457 253 4513 DP:
279 4461 304 4512 in
330 4459 556 4513 dementationem
574 4473 620 4512 ees
645 4457 742 4510 dimisit
760 4456 818 4511 cod.
838 4455 938 4510 Frouc.
957 4451 1071 4517 Pittaci,
1089 4452 1116 4506 in
1137 4450 1245 4505 demen-

70 4554 172 4608 tatione
190 4568 237 4607 cos
261 4553 370 4606 immisit
394 4553 451 4607 cod.
472 4551 550 4606 Petri
566 4550 675 4605 Pilloci
759 4549 932 4603 amountml
948 4547 974 4601 1)
1058 4543 1202 4614 bpuplrca
1219 4542 1246 4598 D

70 4644 251 4714 egudurnl)
331 4652 361 4700 16
380 4644 531 4715 phecanl)
609 4649 642 4697 22
661 4641 880 4698 dementrolulD
958 4645 990 4694 23
1009 4638 1154 4708 disponant
1171 4636 1246 4692 Boa-

70 4741 218 4809 persianus
228 4759 238 4792 .·
254 4739 296 4793 lul
311 4744 415 4809 ponant
430 4737 469 4804 Ι),
488 4739 511 4791 rl
529 4743 614 4807 ponat
631 4752 702 4793 corr.
720 4737 750 4791 ia
767 4735 809 4789 hrt
824 4740 927 4805 ponant
937 4731 969 4799 P,
987 4732 1113 4800 disponat
1130 4730 1245 4785 Ancae-

70 4834 128 4886 sr‘us
196 4836 229 4886 28
246 4832 387 4888 Benet1D

115 4926 232 4968 Hrsrears
246 4936 364 4968 miserans
1005 4930 1036 4980 Yl
