3236 5074
644 319 717 367 ose.
742 317 860 366 vr-vn
1302 305 1361 367 113

181 471 331 538 homines
353 469 465 536 uiuere
491 469 588 536 sofita
609 475 715 552 erant,
750 468 871 536 relictis
900 469 1037 536 stabulis
1066 471 1261 558 pascuisque
1290 491 1362 538 curn

181 584 295 649 balatu
316 581 444 646 hinnitu
466 580 653 665 mugituque
675 578 854 647 miserabili
876 579 918 644 ad
941 578 1043 648 siluas
1066 588 1257 667 montesque
1274 583 1362 668 fuge·

181 700 266 760 runt.
312 711 411 758 canes
434 709 581 776 quoque,
611 677 749 775 quorumv
775 696 894 756 natura
922 695 972 756 est
998 695 1090 756 extra
1118 690 1265 761 homines
1289 713 1361 762 esse

180 824 246 870 nou
269 822 384 889 posse,
406 800 587 868 lacrimosis
608 801 785 868 ululatibus
807 801 883 884 uagi
904 801 1054 886 luporum
1076 800 1139 867 ritu
1161 801 1361 870 oberrarunt.

149 929 242 981 onec
277 933 369 978 mora
401 915 476 998 prist
504 909 585 978 haec
617 918 684 1006 tpm
723 913 839 995 grauia
868 911 1018 997 prodigia
1045 911 1156 978 ciuilia
1191 912 1279 979 bella
1314 933 1362 981 se-

181 1033 258 1090 cuta
280 1030 365 1092 sunt.

267 1133 365 1220 Apud
379 1133 518 1200 Iudaeos
534 1152 573 1199 aa
587 1137 780 1218 tempestate
802 1131 925 1217 primus
940 1131 1145 1201 Aristobulus
1160 1151 1218 1200 rex
1233 1133 1356 1219 pariter

183 1253 216 1312 et
237 1245 384 1331 pontifex
406 1241 601 1310 diadematis
624 1241 761 1328 sumpsit
782 1241 921 1325 insigne.

269 1352 389 1440 <Igitur
410 1353 542 1420 Gnaeus
565 1351 738 1438 Pompeius
760 1360 889 1437 praetor
911 1370 982 1416 cum
997 1351 1182 1420 Picentibus
1203 1353 1295 1421 iussu
1312 1373 1360 1421 se·
1381 1349 1445 1417 VII

135 1477 167 1527 te
184 1473 281 1533 natus
310 1465 431 1531 bellum
458 1464 561 1547 gessit
596 1468 628 1529 et
656 1463 760 1528 uictus
788 1468 848 1529 est.
891 1468 1063 1546 postquam
1097 1461 1160 1528 sibi
1197 1463 1359 1531 Samnites

183 1575 321 1661 Papium
343 1575 489 1640 Mutilum
513 1574 628 1640 ducem
649 1573 882 1658 praefecerant,
904 1571 1004 1638 Marsi
1027 1577 1135 1638 autem
1148 1572 1361 1655 Agamemno-

181 1706 258 1753 nem
294 1684 525 1772 archipiratam
557 1689 846 1770 praeoptauerant‚
883 1682 986 1750 lulius
1024 1681 1147 1749 Caesar
1181 1683 1361 1749 Samnitum

182 1817 295 1882 pugna
315 1796 421 1862 uictus
443 1814 537 1862 caeso
560 1794 641 1878 fugit
656 1793 807 1860 exercitu.
844 1792 984 1859 Rutilius
1000 1793 1112 1860 consui
1128 1793 1265 1858 Marium
1288 1814 1362 1878 pro·

183 1908 340 1993 pinquum
363 1926 456 1973 suum
478 1906 620 1990 legatum
643 1904 705 1970 sibi
726 1904 820 1988 legit,
843 1923 938 1988 quem
960 1901 1093 1969 assidue
1116 1903 1360 1969 submonentem

134 2025 167 2074 ¹⁵
183 2037 307 2083 moram
330 2017 416 2084 bello
438 2016 550 2082 utilem
565 2015 633 2082 fore
648 2021 680 2080 et
694 2014 862 2099 paulisper
883 2013 916 2079 in
938 2013 1053 2081 castris
1069 2014 1213 2080 exerceri
1227 2013 1361 2079 militem

184 2133 333 2214 oportere
354 2128 501 2209 tironem,
524 2125 599 2192 dolo
621 2124 654 2191 id
676 2143 748 2189 eum
771 2142 868 2208 agere
896 2129 986 2190 ratus
1009 2124 1200 2210 contempsit
1224 2143 1360 2208 seseque

185 2237 218 2303 in
235 2236 376 2306 insidias
388 2238 567 2303 Marsorum
583 2242 615 2302 et
629 2235 816 2302 uniuersum
830 2253 948 2318 agmen
969 2235 1130 2301 exercitus
1146 2235 1195 2302 sui
1212 2235 1361 2302 incautus

184 2348 310 2433 iniecit,
349 2347 405 2413 ubi
427 2348 499 2433 ipse
521 2347 634 2414 consul
657 2346 781 2412 occisus
809 2352 841 2410 et
869 2344 961 2408 multi
989 2343 1115 2411 nobiles
1141 2344 1301 2411 interfecti
1331 2352 1363 2410 et

185 2465 254 2524 octo
276 2459 369 2525 milia
401 2458 537 2524 militum
559 2459 776 2523 Romanorum
805 2473 903 2520 caesa
930 2459 1013 2520 sunt.
1058 2473 1149 2520 arma
1174 2462 1206 2520 et
1228 2473 1365 2544 corpora

131 2577 169 2629 ao
185 2569 424 2635 interfectorum
446 2567 480 2634 in
503 2572 678 2654 conspectu
692 2565 787 2630 Marii
808 2564 907 2646 legati
926 2564 1069 2629 Tolenus
1091 2562 1210 2631 fluuius
1232 2565 1363 2649 pertulit

185 2685 282 2761 atque
319 2678 352 2744 in
383 2677 601 2746 testimonium
629 2674 733 2742 cladis
761 2674 878 2741 euenit.
923 2672 1046 2739 Marius
1074 2673 1176 2759 raptis
1212 2674 1362 2740 continuo

185 2789 288 2874 copiis
302 2789 442 2856 uictores
457 2788 641 2872 insperatos
663 2785 834 2872 oppressit,
850 2790 921 2850 octo
938 2783 1027 2850 milia
1049 2789 1080 2849 et
1095 2784 1165 2869 ipse
1180 2783 1362 2852 Marsorum

184 2899 355 2966 interfecit.
386 2898 506 2984 caepio
529 2904 635 2964 autem
659 2896 838 2963 aVestinis
860 2899 891 2960 ct
905 2894 1024 2961 Marsis
1047 2894 1204 2963 deductus
1228 2896 1261 2962 in
1285 2895 1363 2963 insi·
1390 2971 1394 2978 ¹

186 3009 260 3076 dias
277 3028 349 3076 cum
365 3010 508 3076 exercitu
523 3007 702 3076 trucidatus
717 3013 775 3074 est.
798 3005 917 3072 Lucius
932 3024 1010 3070 uero
1025 3005 1127 3071 Iulius
1144 3004 1266 3071 Caesar
1277 3011 1363 3090 post·

134 3133 170 3181 ⁴25
186 3139 283 3202 quam
299 3119 388 3206 apud
401 3120 591 3186 Aeserniam
606 3117 711 3184 uictus
726 3118 905 3201 aufugerat
918 3115 1089 3181 contractis
1104 3114 1247 3200 undique
1260 3113 1363 3199 copiis

184 3229 359 3296 aduersum
381 3230 546 3298 Samnitas
568 3237 600 3295 et
620 3228 770 3294 Lucanos
792 3225 951 3292 dimicans
980 3225 1082 3292 multa
1110 3225 1250 3292 hostium
1273 3224 1364 3290 milia

184 3340 354 3406 interfecit.
398 3359 533 3424 cumque
555 3341 598 3404 ab
621 3339 764 3405 exercitu
785 3337 960 3422 imperator
982 3335 1167 3421 appellatus
1190 3343 1275 3402 esset
1301 3336 1364 3400 Ro·

184 3469 336 3532 mamque
363 3451 495 3518 nuntios
523 3450 564 3515 de
594 3449 730 3514 uictoria
751 3447 909 3530 misisset,
944 3454 1076 3513 senatus
1104 3466 1185 3530 saga
1220 3445 1281 3511 hoc
1314 3451 1364 3512 est

184 3566 309 3626 uestem
332 3561 498 3644 maeroris,
521 3578 618 3645 quam
640 3564 751 3626 exorto
773 3557 886 3625 sociali
909 3557 994 3621 bello
1010 3562 1201 3641 sumpserat,
1224 3555 1286 3621 hac
1304 3575 1363 3640 spe

136 3683 170 3732 ao
186 3669 351 3738 arridente
373 3670 524 3756 deposuit
551 3677 647 3752 atque
670 3668 837 3753 antiquum
859 3673 955 3751 togae
978 3665 1127 3731 decorem
1149 3664 1361 3752 recuperauit.

185 3781 310 3848 Marius
333 3779 452 3848 deinde
475 3800 532 3848 sex
551 3780 641 3846 milia
656 3777 834 3848 Marsorum
857 3776 982 3856 oceidit,
1006 3780 1129 3861 septem
1151 3773 1241 3840 milia
1263 3775 1363 3842 armis

187 3891 287 3957 exuit.
331 3891 417 3958 idem
439 3889 561 3958 Marius
584 3890 698 3976 Syram
721 3889 889 3955 mulierem
911 3887 945 3952 in
967 3884 1083 3953 castris
1105 3883 1246 3952 habebat
1268 3885 1365 3952 sacri-

257 4275 272 4326 7
298 4268 458 4327 anftobofuf
480 4269 534 4326 Bi)
665 4273 696 4324 it
720 4267 858 4323 submonte
882 4267 909 4322 1)
1037 4271 1066 4319 11
1094 4262 1186 4329 cladrf]
1223 4262 1316 4334 giadnf
1340 4264 1366 4319 1)

185 4369 222 4420 311
240 4365 385 4430 arridente]
409 4363 543 4435 gaudente
567 4361 677 4430 (sedin
694 4361 812 4423 rasti)
932 4365 962 4415 31
990 4359 1086 4415 cecidit
1112 4357 1138 4412 D
1258 4359 1290 4412 32
1319 4371 1365 4413 ex·

188 4459 242 4514 furt
259 4457 287 4513 Ι)

241 4551 358 4594 maroam
372 4563 489 4595 nmcsnna
1146 4559 1160 4608 8
