2834 5394
598 667 671 716 cur.
694 668 792 716 ιιι-ν
1213 652 1274 714 207

151 816 254 901 umen
282 817 363 885 nihil
391 819 548 887 iniustum
569 818 819 904 adaugendum
842 819 1095 904 ircumagens‚
1129 817 1275 885 liberalis

151 930 179 995 iu
199 936 310 1013 amotos,
347 930 476 1014 publice
507 930 725 1016 priuatimque
758 929 867 997 dimus
900 950 1012 996 omnes
1045 937 1077 997 et
1098 928 1276 996 honoribus

153 1058 239 1123 aurem
254 1060 331 1125 quos
352 1042 407 1107 uel
428 1040 582 1107 mediocri
604 1019 824 1107 familiaritate
845 1042 1059 1125 cognouisset,
1083 1041 1193 1107 orbem
1215 1045 1276 1104 ter·

151 1170 226 1215 rarum
241 1150 423 1234 aedificans,
446 1151 563 1218 multas
586 1151 793 1218 inmunitates
813 1151 1000 1219 ciuitatibus
1015 1151 1171 1231 tribuens,
1194 1148 1276 1215 nihil

130 1266 194 1324 inor
209 1262 400 1346 tranquillum
422 1268 454 1328 et
480 1260 642 1346 placidum
672 1280 774 1346 agens
806 1260 888 1327 adeo
911 1268 946 1326 ut
967 1261 1054 1327 omni
1077 1262 1147 1327 eius
1169 1266 1277 1325 aetate

149 1388 205 1437 unus
220 1379 341 1438 senator
361 1370 533 1438 damnatus
562 1372 604 1438 sit
632 1378 729 1457 atque
757 1373 786 1439 is
808 1379 916 1437 tamen
938 1391 996 1456 per
1018 1378 1164 1438 senatum
1188 1370 1276 1453 igno·

148 1488 209 1546 mute
231 1483 377 1548 Traiano.
422 1482 463 1547 ob
491 1481 571 1548 haec
599 1502 657 1566 per
685 1482 795 1548 orbem
824 1489 980 1548 terrarum
1015 1481 1076 1549 deo
1108 1481 1275 1567 proximus

147 1588 201 1655 uilil
216 1612 272 1657 non
294 1590 515 1659 uenerationis
537 1592 655 1658 meruit
676 1598 708 1657 et
729 1593 824 1659 uiuus
853 1597 885 1658 et
907 1599 1059 1659 mortuus.
1104 1593 1188 1658 inter
1210 1592 1277 1656 alia

146 1697 204 1766 dicta
228 1702 284 1768 loc
316 1702 421 1789 ipsius
454 1703 552 1767 fertum
585 1703 761 1786 egregium.
815 1702 928 1767 amicis
962 1721 1034 1767 eum
1071 1701 1285 1786 culpantibus.

117 1811 137 1861 ¹⁰
146 1811 202 1895 qud
218 1813 347 1879 nimium
369 1812 456 1877 circa
477 1831 589 1879 omnes
610 1813 789 1877 communis
812 1822 908 1892 esset,
933 1810 1101 1897 respondit
1121 1812 1220 1877 talem
1241 1831 1277 1877 se

145 1919 331 2006 imperatorem
354 1942 428 1990 esse
449 1922 596 2008 priuatis,
621 1923 734 2006 quales
757 1941 829 1988 esse
852 1922 914 1988 sibi
937 1923 1147 2007 imperatores
1168 1920 1275 2005 priua-

145 2036 178 2097 tus
193 2038 332 2118 optasset.
362 2029 432 2115 <bic
454 2032 495 2098 ob
524 2032 678 2098 honorem
708 2033 821 2114 Surae,
850 2032 942 2098 ouius
971 2031 1077 2098 studio
1106 2030 1277 2116 imperium

145 2141 294 2227 arripuerat,
324 2142 458 2208 lauacra
485 2142 638 2209 condidit.
683 2143 724 2209 do
753 2163 816 2224 quo
846 2162 1123 2227 superuacaneum
1151 2140 1279 2205 uidetur

99 2234 110 2255 ⁸
145 2261 224 2319 cuttu
241 2254 325 2319 uelle
347 2252 537 2318 nominatim
559 2271 707 2338 promere
728 2272 800 2317 cum
824 2254 903 2319 satis
934 2254 975 2319 sit
997 2254 1158 2319 excultum
1180 2258 1277 2334 atque

118 2362 308 2429 tumulatum
331 2362 464 2430 dixisse.
508 2364 567 2428 fuit
581 2364 667 2429 euim
682 2364 811 2449 patiens
833 2363 963 2444 laboris,
986 2363 1150 2430 studiosus
1164 2361 1278 2446 optimi

144 2471 260 2558 tuusque
282 2493 322 2539 ac
344 2473 499 2551 bellicosi,
522 2474 627 2557 magis
650 2474 848 2558 simpliciora
870 2473 1001 2556 ingonia
1023 2482 1078 2539 aut
1100 2472 1275 2539 eruditissi-

143 2598 188 2648 uos
204 2584 346 2668 quamuis
367 2584 439 2668 ipse
460 2603 578 2668 parcae
600 2591 687 2650 esset
709 2584 864 2650 scientiae
879 2583 1107 2667 moderateque
1122 2585 1276 2667 eloquens

142 2687 271 2777 diligebat.
316 2694 459 2761 iustitiae
482 2714 557 2759 ucro
580 2712 618 2758 ac
640 2695 720 2760 iuris
742 2694 874 2757 humani
897 2693 1063 2777 diuinique
1085 2701 1150 2758 tam
1173 2713 1278 2777 reper-

142 2804 255 2870 brnoni
277 2825 374 2889 quam
396 2805 567 2870 inueterati
589 2812 707 2870 custos.
752 2823 835 2887 quae
858 2805 967 2868 onmia
989 2824 1027 2869 eo
1050 2804 1174 2868 maiora
1196 2803 1277 2868 nise·

114 2907 226 2979 blarru
247 2914 334 2999 quod
357 2934 415 2999 per
436 2915 553 2980 multos
575 2921 671 2999 atque
695 2921 819 2980 atroces
849 2922 1004 2998 tyrannos
1033 2912 1157 2999 perdito
1181 2919 1278 2996 atque

141 3033 267 3102 prostrato
289 3032 377 3090 statu
399 3026 542 3090 Romano
565 3026 599 3090 in
628 3023 805 3090 remedium
833 3032 994 3090 tantorum
1019 3025 1175 3088 malorum
1198 3022 1279 3089 diui-

140 3129 201 3199 nitus
224 3134 414 3200 credebatur
441 3141 621 3219 opportune
650 3133 745 3201 datus
779 3156 880 3218 usquc
903 3155 942 3201 eo
965 3142 999 3200 ut
1020 3134 1200 3201 adueniens
1223 3134 1279 3200 im-

141 3243 231 3321 perium
253 3246 324 3311 eius
347 3245 501 3329 pleraque
523 3245 660 3309 mirifica
689 3244 961 3311 denuntiaueriut.
1005 3247 1039 3310 in
1063 3246 1135 3329 quis
1157 3246 1278 3330 praeci-

141 3367 209 3430 puum
228 3356 387 3421 cornicem
409 3375 427 3420 e
450 3355 580 3438 fastigio
603 3353 755 3439 Capitolii
778 3355 893 3421 Atticis
923 3356 1125 3422 sermonibus
1149 3356 1277 3420 effatam

115 3455 208 3526 blora
225 3465 341 3541 καλῶς.

199 3574 307 3640 Hicin
329 3574 563 3660 persequendis
587 3595 666 3641 saue
690 3574 885 3641 Christianis
909 3595 1015 3641 errore
1044 3574 1196 3661 deceptus
1219 3584 1277 3641 ter·
1301 3572 1329 3636 V

143 3677 185 3746 fius
213 3705 230 3750 a
255 3686 384 3751 Nerone
412 3705 484 3750 curn
512 3686 635 3769 passim
671 3693 816 3770 repertos
851 3686 922 3768 cogi
958 3685 1001 3750 ad
1031 3687 1276 3752 sacrificandum

145 3784 211 3858 idolis
234 3813 271 3860 ac
304 3794 519 3861 detrectantes
547 3795 683 3860 interfici
716 3795 936 3879 praecepissct
957 3798 1150 3881 plurimique
1180 3798 1275 3862 iuter-

146 3891 289 3987 tremum,
311 3904 410 3969 Plinii
433 3903 584 3987 Secundi,
607 3905 662 3988 qui
685 3905 768 3971 inter
789 3914 912 3971 ceteros
936 3905 1059 3972 iudices
1083 3915 1116 3971 ut
1131 3908 1278 3971 Tertulli-

119 4006 203 4074 barus
218 4014 309 4080 refert
335 4020 522 4098 perseeutor
554 4013 649 4080 clatus
681 4020 759 4097 erat,
794 4017 897 4081 relatu
929 4015 1113 4082 admonitus
1144 4023 1193 4081 est
1222 4036 1278 4082 cos

147 4107 255 4189 homiues
274 4124 322 4189 nil
344 4130 444 4189 morte
465 4143 579 4207 gerere
602 4124 733 4208 dignum
763 4126 826 4192 nisi
857 4126 943 4209 quod
972 4126 1023 4192 dis
1047 4146 1112 4190 nou
1134 4127 1278 4191 immola-

148 4234 196 4289 au
211 4239 236 4296 ct
256 4232 418 4301 Christum
441 4235 541 4299 ueluti
567 4234 662 4300 deum
685 4245 759 4302 autc
782 4236 884 4301 lucem
907 4243 1076 4319 surgentes
1097 4235 1269 4301 laudarent

151 4398 404 4422 N—

194 4515 313 4574 ldrctanl
329 4519 357 4575 B
425 4521 640 4579 lummunrtatel
656 4519 683 4575 B
734 4519 852 4575 eursu
897 4525 975 4590 iper
992 4520 1088 4575 orrul)
1140 4519 1282 4575 Sdururl

148 4594 263 4665 &mortun
277 4612 320 4668 B‘
391 4617 420 4668 ll
439 4612 643 4683 tmperatorrll)
693 4613 853 4683 prruatolB
925 4617 955 4666 lb
972 4613 1137 4668 rnueteral)
1211 4619 1279 4685 20p

147 4696 226 4751 Μ’
303 4709 336 4759 22
353 4706 531 4774 oportunell
616 4711 648 4761 25
667 4706 775 4762 effatam
793 4709 846 4760 ello
863 4706 998 4761 uuuocD
1067 4712 1099 4762 30
1122 4698 1282 4762 ammonrtul

146 4784 210 4843 aru
272 4798 500 4869 crustaque
