2834 5394
187 276 252 338 412
663 291 755 337 nram
776 288 877 335 xmus

33 440 213 508 XXXVIII
277 440 422 526 Cumque
452 439 670 506 Gementiolus
699 440 843 533 nepisset
873 440 1083 524 Byzantium,
1114 441 1258 505 maxima
1287 440 1359 505 urbi

186 552 325 618 turbatio
354 560 386 618 et
413 558 524 618 aestus
546 550 690 615 incubuit
712 550 758 614 ita
779 557 814 614 ut
835 550 950 615 timore
966 549 1094 615 ¹detenti
1116 549 1287 616 consilium
1309 568 1360 615 ca-

185 670 299 749 perent
321 664 483 746 Europam
512 657 683 726 deserendi
714 669 746 725 et
772 660 806 724 in
828 661 940 726 Asiam
969 668 1002 725 et
1031 658 1270 726 Chalcedonam
1300 660 1358 724 mi-

185 773 313 858 grandi.
358 772 436 856 quin
458 777 491 837 ct
513 771 686 856 imperator
708 770 948 836 excubitoribus
976 778 1164 854 armatoque
1193 788 1232 834 ac
1255 770 1357 836 electe

186 903 287 950 cuneo
311 889 437 967 sumpto
460 901 569 947 muros
583 880 730 945 muniuit.
773 882 891 965 uulgus
905 888 1010 945 autem
1027 881 1138 946 urbem
1155 879 1357 947 custodiebat
1373 888 1389 938 ⁵

187 1001 219 1058 et
241 999 374 1059 senatus
396 990 618 1089 epmmonebat
646 991 873 1075 imperatorem
896 991 1088 1073 legationem
1110 991 1153 1055 acl
1176 990 1359 1057 Chaianum

186 1101 343 1167 mitte-mli.
389 1101 469 1168 deus
498 1108 605 1167 autem
635 1099 809 1165 uindictam
843 1101 995 1186 martyris
1023 1100 1200 1166 Alexandri
1235 1100 1359 1167 iaciens

186 1212 387 1296 pestilentem
420 1212 608 1295 languorem
643 1210 791 1276 barbaris
819 1210 927 1276 intulit
954 1219 986 1276 et
1014 1212 1048 1277 iu
1071 1231 1136 1275 una
1158 1209 1211 1275 die
1234 1220 1357 1295 septem

186 1321 270 1388 tilios
292 1320 431 1386 Chaiani
464 1341 522 1405 per
554 1321 676 1387 febrem
709 1327 742 1385 et
774 1321 991 1404 inguinariam
1024 1322 1212 1405 passionem
1241 1320 1359 1386 oceidit

185 1450 344 1497 unacum
367 1431 441 1499 aliis
463 1431 567 1497 turbis
589 1431 698 1496 mrutis
726 1430 773 1495 ita
801 1437 836 1495 ut
859 1451 917 1515 pro
939 1430 1126 1515 triumphali
1149 1431 1269 1513 gaudio
1292 1450 1359 1496 car·
1375 1436 1406 1486 ¹0

184 1542 389 1626 minibusque
410 1559 450 1608 ae
471 1541 606 1606 canticis
627 1541 875 1607 lamentationes
898 1552 930 1607 et
951 1542 1103 1607 lacrimae
1119 1549 1152 1607 et
1166 1542 1272 1607 luctus
1288 1540 1359 1608 sine

33 1649 230 1717 XXXVIIII
252 1652 474 1720 consolatione
497 1650 655 1716 barbaros
677 1648 868 1735 possideret.
911 1658 945 1715 at
967 1670 1042 1716 uero
1064 1659 1195 1718 senatus
1225 1652 1359 1735 rogabat

184 1760 359 1829 Gaesarem
382 1762 576 1845 legationem
599 1760 642 1825 ad
664 1758 844 1825 Chaianum
866 1761 1024 1827 mittendi.
1054 1763 1228 1846 imperator
1250 1768 1357 1826 autem

182 1870 396 1936 Arutazenem
420 1871 507 1937 misit
528 1869 571 1935 acl
594 1870 773 1935 Chaianuru
803 1891 873 1935 cum
903 1872 1089 1937 muneribus
1112 1871 1222 1937 turritis
1243 1871 1359 1937 Dirini·

184 1999 272 2063 pera.
316 1981 372 2064 qui
399 1980 508 2046 uerbis
536 1979 667 2047 mitibus
695 1980 859 2045 blanditur
881 1980 1062 2060 barbarum,
1094 1991 1128 2047 at
1149 1982 1204 2046 ille
1226 1981 1360 2049 nolebat
1375 1990 1404 2040 ¹5

184 2087 270 2154 dona
298 2089 462 2174 suscipere
495 2090 635 2154 lamento
666 2089 863 2155 intolerabili
893 2091 1030 2156 filiorum
1062 2099 1163 2158 morte
1197 2091 1358 2158 detentus.

185 2197 313 2266 dicebat
335 2205 441 2264 autem
463 2198 505 2265 ad
529 2200 669 2283 legatum
691 2198 822 2265 ‘iudicet
851 2200 932 2268 deus
954 2203 1038 2267 inter
1060 2221 1111 2266 me
1133 2210 1164 2267 et
1187 2203 1360 2287 imperato-

185 2329 253 2377 rem
275 2309 473 2375 llauricium.
511 2310 582 2394 ipse
605 2309 734 2393 quidem
757 2329 871 2395 pacem
894 2310 1051 2391 dissoluit,
1075 2331 1135 2395 ege
1159 2331 1236 2377 uero
1259 2311 1360 2397 capti-

183 2438 243 2487 uos
265 2420 295 2486 ei
318 2419 428 2502 reddo,
465 2440 524 2505 per
551 2439 648 2484 unam
677 2421 820 2485 animam
843 2441 940 2486 unum
963 2423 1125 2487 nitorisma
1146 2429 1357 2509 percepturus

183 2532 225 2595 ab
247 2531 304 2597 eo!
347 2529 521 2597 Mauricius
543 2537 650 2596 atatem
672 2530 706 2594 id
728 2529 807 2595 dare
837 2531 968 2596 minime
996 2551 1114 2616 passus
1137 2538 1195 2599 est.
1240 2532 1356 2599 iterum
1372 2537 1405 2589 ²⁰

184 2638 350 2706 Olraianus
373 2641 465 2724 petiit
488 2661 546 2725 per
562 2641 708 2722 singulas
724 2640 852 2706 anilitas
867 2639 1036 2706 dimidium
1051 2643 1198 2727 accipere
1213 2663 1356 2708 numum.

184 2755 218 2813 at
241 2749 415 2832 imperator
436 2770 495 2814 nee
518 2750 565 2815 sic
587 2750 665 2814 dare
688 2750 852 2815 consensit
880 2749 938 2816 sed
967 2753 1082 2817 necin
1105 2758 1255 2837 quattuor
1275 2758 1359 2818 aeci-

183 2877 262 2942 pere
290 2859 427 2941 siliquis.
471 2865 546 2923 tunc
568 2857 734 2924 Clraianus
757 2867 932 2927 commotus
962 2861 1067 2927 lurore
1095 2882 1207 2929 omnes
1240 2862 1359 2928 occidit

183 2976 215 3035 et
236 2967 279 3034 acl
301 2969 433 3053 propria
455 2967 549 3032 rediit
577 2987 648 3032 cum
677 2969 911 3053 quinquaginta
939 2972 1027 3035 milia
1054 2991 1221 3038 aureorum
1251 2973 1359 3056 pactis

183 3079 338 3143 Romanis
359 3078 575 3161 imposuisset.
620 3079 698 3161 quin
722 3086 753 3144 et
774 3080 919 3146 Histrum
941 3080 1059 3146 flumen
1088 3102 1152 3146 non
1181 3104 1216 3148 se
1238 3083 1356 3149 transi·
1374 3093 1408 3144 25

182 3194 287 3252 turum
311 3188 475 3270 protessus
498 3193 558 3252 est.
603 3207 644 3252 ex
666 3187 729 3252 hoo
750 3188 859 3274 itaque
881 3197 992 3255 contra
1007 3191 1194 3257 llauricium
1217 3193 1355 3277 impera-

183 3303 283 3361 torem
307 3296 440 3361 nmltum
462 3303 654 3361 commotum
677 3305 728 3363 est
750 3299 857 3364 odium
875 3307 907 3365 et
921 3308 1097 3385 coeperunt
1111 3301 1196 3366 hunc
1211 3302 1359 3369 subicere

183 3404 373 3473 maledictis.
424 3404 572 3471 similiter
599 3413 631 3471 et
659 3410 797 3492 populus
827 3409 913 3494 apud
942 3395 1100 3476 Thracem
1135 3411 1176 3476 ad
1211 3412 1359 3477 conuicia

183 3516 386 3602 imperatoris
409 3523 584 3582 courmotus
607 3525 665 3582 cst.

28 3628 162 3697 XXXX
261 3628 431 3693 Exercitus
461 3634 568 3692 autem
591 3633 814 3711 procuratores
843 3627 885 3692 ad
905 3629 1131 3713 imperatorem
1165 3638 1277 3697 contra
1299 3631 1357 3697 Ce-
1375 3655 1409 3705 30

250 3859 402 3913 lb'rzantm
421 3858 447 3912 Β
551 3860 782 3935 διοαΙοεάοηῦΒ
883 3863 1076 3928 let1necll
1161 3864 1356 3920 accubitibl)

180 3958 195 4005 5
220 3952 313 4020 longos
331 3958 398 4024 post
422 3952 512 4006 muros
534 3968 585 4004 oar.
602 3951 662 4015 ΒΡ,
686 3952 749 4007 add.
768 3971 805 4009 ex
822 3956 967 4011 Artastasio
992 3962 1018 4010 et
1042 3956 1253 4028 ‘Bouporsimro'
1273 3957 1357 4028 rrralpo

180 4046 336 4099 bleuectul
353 4044 389 4099 Β’
504 4049 534 4097 to
553 4045 639 4098 turbis
661 4061 711 4099 om.
731 4045 758 4101 Β
841 4047 972 4117 trmpbah
997 4048 1023 4102 Β
1130 4054 1154 4102 11
1182 4049 1358 4105 lacrimali)

184 4140 214 4189 12
233 4135 406 4191 barbatuli)
503 4138 533 4188 11
551 4136 728 4207 zulnperaD
815 4144 845 4193 15
864 4140 925 4195 ille»
944 4140 1009 4197 laid.
1027 4140 1116 4209 scrisse
1133 4142 1196 4208 pb
1270 4149 1298 4197 16
1316 4159 1357 4196 tn-

181 4229 288 4282 teraluh
313 4228 355 4283 Β’
441 4227 531 4282 liltore
556 4235 587 4282 ut
610 4228 665 4285 acici.
683 4247 790 4286 nasum
816 4237 880 4287 orate
902 4231 994 4287 lurore
1019 4234 1048 4286 ia
1074 4233 1101 4289 Β
1185 4235 1305 4291 detentet
1323 4234 1358 4290 Iu

183 4323 213 4371 tt
233 4326 332 4383 autem]
350 4336 420 4376 emm
439 4321 465 4375 Β
536 4325 565 4377 lb
583 4324 725 4378 mauritius
740 4324 767 4380 Β
856 4328 889 4378 20
907 4340 1014 4380 mrmme
1030 4326 1122 4395 pallus
1138 4329 1177 4383 est
1197 4361 1223 4369 -
1246 4333 1304 4389 415,
1328 4333 1358 4382 to

180 4412 324 4470 mauricius
344 4411 505 4482 supplicaret
521 4414 593 4483 folio
609 4415 698 4470 reciso
715 4414 795 4471 lodie
812 4432 865 4471 noa
884 4417 1012 4488 lepuntur
1030 4420 1058 4471 ia
1077 4418 1102 4473 D
