2834 5394
146 253 208 318 538
645 261 736 308 nrum
759 261 819 308 xm

146 417 278 499 Euclid,
312 417 439 480 mittunt
466 412 615 477 libertum
639 433 731 478 suum
755 409 916 496 quendam
939 413 1131 480 Hamuslim
1158 414 1296 482 dietum
1320 418 1355 483 in

147 529 322 595 Clrorosam
354 525 396 589 ad
426 522 584 608 quosdam
614 522 733 588 ibidem
757 523 994 608 praeminentes
1017 532 1139 590 contra
1170 525 1355 592 Mathuam

146 641 211 708 sihi
233 637 405 719 suflragari
428 641 584 720 petentes.
629 633 684 717 qui
717 634 841 699 collecti
863 632 951 717 apud
973 633 1149 701 Caetaban
1178 638 1354 721 quendam

146 750 358 817 consiliantur
387 752 418 811 et
445 745 608 808 concitant
636 762 748 809 seruos
773 744 806 809 in
830 742 975 810 dominos
1005 748 1167 830 proprios
1202 756 1239 814 et
1269 749 1356 814 occi-

146 860 226 926 dunt
247 860 365 924 multos
399 861 492 919 nocte
515 873 595 936 una,
625 872 759 937 quorum
781 854 880 922 armis
903 855 995 939 equis
1017 862 1049 921 et
1073 859 1243 941 pecuniis
1268 860 1382 925 locu-t

146 970 259 1056 pletati
281 968 355 1033 iacti
380 973 455 1031 sunt
477 964 683 1049 potentiores.

63 1075 130 1142 XX
236 1076 433 1143 Dirriduutur
455 1082 561 1139 autem
583 1075 617 1139 iu
639 1075 742 1141 trihus
765 1074 847 1141 duas
870 1074 1023 1141 Haisinos
1047 1077 1187 1144 scilicet
1213 1086 1250 1145 et
1273 1081 1352 1146 Hia-

148 1188 294 1268 ruanitcs,
319 1207 453 1271 quorum
474 1187 672 1270 potentiores
688 1185 818 1251 intuens
834 1185 1014 1251 Hamuslim
1030 1204 1107 1253 esse
1123 1187 1349 1258 Hiemanites

146 1300 284 1366 concitat
306 1305 416 1363 (eontra
438 1295 592 1363 llaisinos
626 1301 658 1360 et
689 1295 865 1362 interfectis
897 1297 945 1363 eis
978 1297 1066 1362 uenit
1101 1297 1137 1362 iu
1164 1301 1346 1369 Persidem

147 1432 219 1476 cum
242 1409 406 1475 cactaban
439 1415 471 1473 et
504 1426 696 1491 expugnans
725 1406 926 1473 Hibindaren
959 1407 1046 1491 eapit
1078 1426 1157 1473 cum
1200 1411 1344 1478 uictoria
1361 1423 1384 1472 tt

149 1529 289 1603 cunctos,
328 1520 468 1583 uirorum
498 1517 620 1584 scilieet
650 1518 750 1583 forme
772 1517 862 1582 milia
884 1525 1020 1583 eentum.
1066 1525 1099 1583 et
1123 1522 1276 1590 ueniens
1300 1522 1344 1588 ad

150 1632 366 1705 Hihinuhera‚
401 1630 562 1696 hostiliter
590 1649 662 1693 cum
684 1627 831 1694 ducentis
853 1628 983 1694 milibus
1005 1628 1279 1713 proficiscentem
1310 1639 1342 1699 et

148 1743 239 1808 illum
260 1740 419 1822 dissoluit,
458 1739 657 1824 ueniensque
678 1738 721 1805 ad
744 1739 913 1805 Marhuam
936 1740 1024 1825 apud
1046 1740 1163 1805 Zaban
1198 1741 1339 1808 fluuium

148 1852 321 1918 habentem
350 1858 493 1916 trecenta
521 1850 611 1915 milia
633 1851 775 1917 debellat
797 1870 869 1916 eum
903 1858 934 1916 et
957 1851 1202 1917 multitudinem
1226 1854 1336 1920 infini-

148 1968 214 2028 tam
247 1961 363 2026 occidit
395 1980 436 2025 ex
470 1961 528 2025 eis.
573 1967 705 2043 eratque
738 1960 810 2025 uisu
841 1962 999 2042 mirabile,
1038 1937 1116 2025 curn·
1145 1964 1333 2030 secundnm
1351 1972 1373 2022 ¹⁵

146 2071 336 2155 scripturam
359 2091 442 2136 unus
465 2077 711 2153 persequeretur
733 2071 821 2137 mille
837 2077 869 2136 et
883 2070 948 2138 duo
963 2078 1230 2139 transmouerent
1244 2073 1333 2140 dena

146 2181 245 2247 milia.
291 2200 465 2262 quoscum
489 2181 535 2245 ita
556 2181 776 2265 potentialiter
804 2184 972 2249 uincentes
994 2182 1163 2249 Marhuam
1191 2185 1331 2251 intuitus

145 2293 321 2374 extitisset,
344 2290 426 2357 adiit
448 2291 593 2357 Chartae
627 2298 751 2359 etcum
773 2293 906 2358 fluuium
928 2302 1177 2375 transmeasset,
1214 2293 1333 2360 incidit

148 2411 276 2490 pontem
300 2423 341 2469 ex
363 2402 502 2469 nauibus
525 2403 642 2469 factum
666 2412 697 2470 et
719 2403 899 2490 adsumptis
921 2425 1032 2472 secum
1054 2404 1207 2472 omnihus
1231 2425 1330 2489 pecu·

146 2515 211 2582 niis
234 2535 271 2581 ac
294 2514 388 2581 domo
411 2536 470 2582 sua
492 2536 562 2581 cum
585 2523 735 2600 quattuor
761 2517 891 2584 milibus
920 2517 1000 2581 uiris
1028 2515 1215 2582 uernaculis
1245 2516 1328 2596 suis,
1344 2527 1371 2578 nt

148 2627 225 2708 fuga
245 2627 357 2710 lapsus
381 2632 429 2691 est
451 2627 485 2691 in
507 2629 698 2712 Aegyptum.

43 2732 128 2798 XXI
234 2736 327 2800 Anno
349 2736 476 2820 imperii
493 2736 695 2803 Constantini
718 2756 802 2801 nono
824 2738 1080 2820 persecutionem
1102 2736 1226 2819 patitur
1241 2736 1329 2801 Mar·

147 2846 245 2910 huam
267 2866 287 2910 a
309 2846 533 2931 Mauropboris
563 2854 595 2912 et
623 2847 875 2931 comprehensus
904 2848 945 2912 ab
980 2847 1027 2912 eis
1050 2845 1205 2910 occiditur
1236 2846 1326 2911 bello

146 2963 237 3039 gesto
259 2957 463 3040 grauissimo.
508 2964 657 3039 praeerat
679 2964 786 3022 autem
809 2958 856 3024 eis
880 2957 989 3024 Salich
1012 2957 1098 3021 filius
1120 2955 1241 3032 Halinr,
1267 2958 1326 3039 qui

148 3087 229 3132 unus
252 3087 293 3132 err
315 3067 468 3148 praelatis
484 3067 626 3149 profugis
642 3073 720 3148 erat,
744 3068 798 3151 qui
821 3075 854 3133 et
870 3067 1113 3134 destinauerant
1127 3066 1326 3148 Hamusliru,
1344 3081 1373 3131 at

146 3174 260 3257 reliqui
282 3195 360 3240 uero
383 3175 568 3259 congregati
590 3182 700 3241 eontra
722 3178 903 3244 Samariam
932 3186 964 3244 et
986 3176 1251 3243 'trachonitidem
1274 3196 1328 3241 re-

146 3283 274 3368 gionem
305 3291 391 3350 sorte
419 3285 634 3369 principatum
664 3285 896 3354 distribuerunt
932 3288 1099 3354 Abubalas
1131 3286 1256 3353 scilicet
1294 3293 1329 3351 ct

146 3394 330 3480 postillam
353 3396 445 3461 fratri
467 3396 536 3462 eius
559 3395 722 3462 Habdalla
744 3399 829 3466 filius
852 3398 1061 3464 Muhammad
1089 3404 1213 3480 etpost
1238 3395 1328 3463 hunc

146 3506 330 3573 Eburiaffar
372 3514 403 3572 et
437 3506 551 3591 Syriae
587 3506 718 3591 quidem
760 3530 916 3575 summam
952 3515 1151 3593 praeturam,
1189 3515 1327 3572 taxaue·

149 3758 450 3766 ———-——-.

215 3927 518 3984 2et13marhuan1)
587 3931 725 3986 lluffrarr
743 3930 776 3985 θ’
828 3930 1031 3986 bchaetabans
1050 3929 1116 3999 (fuit
1133 3936 1143 3981 t
1162 3932 1192 3980 ut
1210 3926 1324 3992 sodli)

146 4022 321 4077 toccrdrtl)
391 4027 422 4076 10
449 4023 601 4078 ehaetaban
627 4022 652 4077 b
703 4024 870 4079 Hrbmdarou
898 4030 971 4093 eaprt
990 4022 1022 4088 P,
1046 4023 1216 4085 Anastasius,
1237 4019 1324 4077 Theo-

140 4114 264 4187 phanes:
282 4116 357 4170 brbm
375 4116 457 4185 probi
473 4100 586 4172 alhard-
600 4124 673 4186 capit
691 4118 734 4190 Dp
824 4120 853 4170 12
871 4115 954 4170 Hrbm
972 4117 1017 4171 ubr
1036 4122 1093 4170 erat
1111 4116 1241 4170 holtrlrter
1260 4112 1322 4178 ΒΡ,

146 4225 194 4261 cra.
213 4226 250 4263 es
273 4211 417 4264 srrmtasto
444 4210 575 4266 Gruterus
680 4216 710 4266 16
736 4208 921 4281 pthmturl)
1026 4214 1056 4263 19
1085 4189 1185 4279 albptrl
1201 4208 1227 4262 D
1288 4218 1322 4266 25

146 4302 314 4357 amuslrmD
418 4306 450 4360 26
468 4282 628 4361 traeourtrde
645 4302 672 4358 Ι)
748 4306 782 4358 28
800 4302 979 4358 muhamas
1032 4302 1177 4358 eburraffsr
1194 4302 1235 4357 D:
1254 4303 1322 4359 ebu-

146 4391 242 4459 graffar
258 4393 285 4448 P
300 4395 358 4460 (sed
374 4397 417 4452 ‘ab
435 4396 656 4470 tmerpotaarrsr
678 4394 692 4432 ¹
836 4406 861 4432 ’Δ
874 4394 961 4469 cepo
