2834 5394
196 265 259 327 510
689 281 780 327 amar
802 280 890 326 xxm

195 440 273 499 eant
294 433 426 499 omnes!
468 439 501 498 et
530 432 591 498 hoe
620 433 704 497 iacto
733 432 827 499 rediit
849 433 1006 498 missurus
1029 433 1136 516 ignem
1159 430 1193 494 in
1215 436 1378 497 castrum,

195 563 266 610 curn
296 550 402 609 autem
431 543 548 609 facturn
582 543 696 610 fuisset
717 542 900 609 incendium
923 551 1060 625 uastum,
1084 543 1192 607 exiere
1213 541 1376 622 familiae,

194 653 346 739 quicquid
368 660 518 739 poterant
539 662 669 737 gestare
691 655 855 740 rapientes
878 674 918 720 ex
939 654 1033 720 bonis
1056 654 1123 720 suis
1146 660 1179 718 et
1192 654 1375 719 transactis

193 766 269 833 aliis
290 764 424 847 triginta
445 762 560 831 diebus
582 764 742 832 destruxit
764 786 871 832 muros
894 784 995 847 usque
1017 763 1059 829 ad
1081 771 1200 829 terram
1216 769 1250 829 et
1264 769 1375 830 motus

193 874 360 944 deseendit
381 875 415 939 in
437 875 598 960 Apsiliam
620 895 691 941 curn
713 876 839 942 Marino
861 876 964 961 prirno
986 894 1096 940 eorum
1126 881 1299 959 susceptus
1330 873 1406 939 abs

193 986 434 1073 Apsiliensibus
456 1005 527 1050 oum
550 987 672 1069 ingenti
689 985 819 1052 honore.
865 986 1004 1071 indeque
1019 986 1134 1051 abiens
1149 985 1192 1051 ad
1206 983 1377 1050 maritima

193 1096 351 1165 remeauit
372 1103 404 1162 et
426 1096 517 1163 uenit
539 1096 581 1162 ad
604 1097 829 1163 lastinianum.

111 1209 176 1278 VII
281 1207 454 1272 Praeterea
474 1207 655 1273 Iustiniano
682 1207 874 1291 interempto
902 1214 934 1271 et
954 1206 1135 1291 Philippico
1165 1207 1235 1272 uisu
1266 1204 1375 1270 oculo

196 1337 265 1382 rum
298 1316 410 1382 orbato
443 1317 582 1402 imperat
614 1317 775 1384 Artemius
808 1317 862 1401 qui
894 1318 1043 1403 prouexit
1076 1337 1149 1382 eum
1185 1322 1373 1401 praetorem

195 1426 394 1493 orientalem.
438 1447 509 1492 eum
532 1447 609 1492 uero
632 1426 836 1494 Theodosius
858 1427 1051 1514 imperasset
1079 1435 1111 1492 et
1139 1427 1253 1512 pulsus
1275 1423 1412 1491 Arte-1¹

195 1537 278 1604 mius
301 1538 460 1604 extitisset
482 1539 764 1622 Romanorumque
793 1557 845 1605 res
873 1538 1003 1623 publica
1032 1545 1120 1604 esset
1147 1536 1284 1603 confusa
1305 1542 1373 1602 tarn

194 1667 236 1714 ex
258 1648 469 1713 barbarorum
491 1648 621 1715 incursu
649 1669 745 1733 quarn
776 1669 817 1715 ex
839 1648 1011 1715 Iustiniani
1039 1648 1220 1714 homicidiis
1242 1653 1277 1712 et
1297 1647 1373 1711 Phi·

193 1758 305 1843 lippici
334 1759 479 1825 scelestis
510 1759 635 1826 actibus
661 1759 714 1824 hic
742 1760 808 1825 Leo
838 1759 1051 1826 simulabatur
1079 1765 1112 1824 et
1138 1777 1197 1843 pro
1225 1757 1372 1822 Artemio

194 1868 412 1953 expugnabat,
434 1868 619 1936 Theodosio
642 1868 834 1937 aduersatus
862 1869 940 1954 quin
966 1876 1001 1933 ut
1030 1888 1142 1935 nerum
1171 1867 1299 1933 dicatur
1327 1866 1372 1932 ad

194 1997 230 2044 se
251 1979 357 2063 ipsum
380 1979 554 2045 transferre
575 1980 745 2065 imperium
766 1979 952 2072 decertans,
981 1978 1066 2064 qnod
1089 1985 1121 2044 et
1142 1978 1224 2044 lecit.
1269 1977 1401 2042 habe-1

195 2087 252 2153 bat
273 2095 380 2154 autern
404 2089 650 2156 concordantem
673 2096 706 2156 et
726 2098 968 2157 concurrentem
990 2090 1052 2157 sibi
1075 2088 1294 2155 Artauasdum
1309 2088 1372 2153 Ar-

194 2199 412 2264 meniacorum
433 2207 613 2285 praetorem
637 2221 731 2285 quem
755 2208 787 2268 et
807 2221 961 2286 generum
984 2200 1047 2267 sibi
1068 2207 1239 2285 postquam
1254 2217 1372 2283 regna·

194 2309 242 2374 uit
268 2308 383 2377 Annae
411 2309 499 2375 filiae
526 2331 607 2376 suae
634 2312 837 2377 conuinctum
866 2312 971 2378 effecit
999 2330 1193 2396 promonens
1222 2309 1314 2374 illum
1332 2315 1372 2391 et

194 2420 393 2487 constituens
416 2419 642 2504 curopalaten.
687 2422 813 2488 interea
833 2422 1007 2489 Masalmas
1036 2441 1107 2486 curn
1136 2421 1171 2486 in
1192 2419 1276 2486 Asia
1303 2417 1373 2484 hie-

195 2537 326 2611 masset,
349 2531 611 2615 praestolabatur
632 2532 751 2599 Leonis
778 2532 948 2616 promissa,
986 2550 1122 2614 cumque
1149 2530 1194 2595 nil
1216 2549 1237 2594 a
1257 2528 1372 2594 Leone
1408 2550 1412 2585 ¹

195 2641 373 2725 recepisset
394 2647 426 2706 ct
447 2649 610 2725 comperto
633 2640 719 2725 quod
741 2643 856 2709 illusus
878 2649 965 2709 esset
987 2643 1028 2706 ab
1051 2643 1122 2725 ipso
1145 2638 1260 2706 adiens
1283 2639 1373 2724 Aby-

195 2750 271 2815 dum
294 2770 406 2816 rursus
429 2751 610 2817 transnexit
630 2753 783 2837 populum
806 2752 969 2838 copiosum
998 2753 1033 2817 in
1054 2751 1180 2816 Thrace
1203 2758 1236 2815 et
1256 2757 1373 2815 eontra

194 2860 317 2946 regiam
345 2859 456 2926 urbem
486 2867 662 2928 commotus
690 2869 740 2929 est
767 2863 913 2929 scribens
942 2869 974 2928 et
1001 2863 1043 2927 ad
1066 2862 1232 2927 Suleiman
1260 2868 1374 2945 proto·

195 2971 376 3057 symbolum
399 2991 462 3053 quo
486 2974 610 3038 ueniret
631 2993 696 3038 una
717 2974 789 3038 cu'm
811 2974 1015 3058 praeparatis
1037 2973 1207 3038 elassibus.

93 3078 172 3146 VIII
279 3083 378 3147 Porro
406 3102 491 3147 nono
519 3081 642 3147 decimo
672 3081 885 3148 kalendarum
914 3084 1188 3168 septembriarum
1217 3080 1371 3146 obsidere

194 3191 300 3276 coepit
326 3191 439 3257 urbem
467 3193 644 3258 Masalmas
674 3192 889 3276 depopulatus
921 3200 953 3259 et
981 3194 1130 3258 Thraeca
1158 3211 1285 3276 quoque
1316 3210 1372 3255 oa·

195 3301 298 3367 stella.
343 3301 583 3368 circumuallato
611 3323 688 3369 uero
716 3310 844 3368 terreno
873 3324 964 3368 muro
994 3302 1143 3368 foderunt
1170 3304 1203 3367 in
1233 3300 1371 3366 circuitu

194 3410 321 3476 foueam
344 3413 503 3497 prolixam
526 3419 559 3478 et
581 3433 731 3496 magnam
754 3419 785 3478 et
807 3433 904 3499 super
927 3432 1000 3479 eam
1022 3413 1099 3479 sicci
1121 3412 1242 3497 lapidis
1264 3431 1370 3476 mace

193 3521 274 3587 riam
297 3528 482 3606 posuerunt.
527 3521 679 3589 kalendis
700 3529 807 3589 autern
823 3522 1068 3608 Septembribus
1083 3523 1207 3607 primae
1221 3520 1370 3586 indictio·

193 3633 247 3699 nis
269 3633 416 3699 aseendit
436 3633 642 3717 impugnator
657 3631 777 3699 Christi
793 3634 960 3700 Suleiman
982 3651 1053 3697 curn
1076 3633 1157 3699 stolo
1181 3640 1213 3697 et
1227 3631 1369 3697 AmIreis
1407 3650 1411 3686 ¹

150 3762 153 3766 ’
194 3742 272 3824 suis,
311 3742 435 3808 habens
464 3742 564 3807 mirae
594 3743 825 3828 magnitudinis
854 3762 957 3810 naues
985 3751 1017 3809 et
1052 3742 1190 3826 scaphas
1219 3746 1369 3826 sumptus

195 3851 352 3918 uehentes
375 3860 406 3917 ct
428 3851 599 3920 dromones
621 3874 755 3920 numero
777 3855 866 3920 mille
887 3854 1088 3938 octingentos
1111 3859 1144 3918 et
1164 3852 1235 3917 fixit
1257 3851 1368 3917 statio

197 3981 269 4027 nem
292 3983 313 4027 a
335 3963 514 4046 Magnaura
536 3984 638 4048 usque
666 3964 708 4030 ad
731 3964 929 4050 Cyelouium.
973 3971 1046 4049 post
1076 3963 1157 4028 duos
1187 3980 1266 4028 sane
1295 3960 1369 4028 dies

194 4143 476 4151 .———-.-—-—-
486 4142 494 4148 .

263 4216 462 4301 suaprmtn
531 4230 824 4300 saeoapsnennno
874 4229 1027 4285 nanterre
1098 4234 1129 4284 ro
1147 4229 1257 4282 uanas
1273 4201 1309 4281 nl
1342 4228 1370 4280 o

196 4329 225 4378 21
238 4304 365 4379 abrth)
442 4328 474 4378 2³
492 4331 517 4378 et
535 4329 568 4377 30
586 4323 762 4378 zuleimenD
828 4326 861 4377 36
880 4329 953 4390 cepit
968 4321 995 4375 Ι)
1046 4321 1171 4377 Thracoa
1189 4323 1370 4375 Anastasr’us:

195 4416 308 4470 thraces
325 4415 378 4471 ΒΡ
444 4421 476 4470 30
495 4418 605 4470 amereri
622 4415 649 4470 b
717 4420 749 4471 33
769 4394 929 4471 orclourhll
