2834 5394
132 255 190 313 llll
636 265 729 311 raum
753 266 786 311 ur

128 439 169 484 ne
191 417 277 502 quod
299 416 495 483 desiderium
518 436 559 481 ex
582 436 640 501 spe
656 416 840 481 reuertendi
856 416 947 498 toret,
969 418 1105 501 proiecti
1120 425 1202 484 sunt.
1223 440 1287 503 quos

128 550 199 593 eum
229 528 271 593 ad
300 526 492 592 Rhodanum
522 526 656 591 fluuium
679 526 793 592 obuios
821 525 946 593 Caesar
974 526 1153 610 habuisset,
1189 548 1289 614 magno

130 639 319 723 ‹litlioiliqne
341 637 427 703 bello
448 638 499 703 bis
521 637 599 701 uieit
620 636 787 720 uictosque
808 635 851 701 ad
873 636 1073 703 deditionem
1096 640 1210 723 coegit.
1250 639 1291 703 ho

130 771 198 814 rum
221 750 281 814 iuit
303 769 373 814 eum
396 748 534 833 primum
558 767 733 832 progressa
754 754 804 813 est
820 748 925 813 omnis
942 746 1124 823 multitudo,
1147 749 1292 815 Heluetio

130 883 199 926 rum
222 860 433 943 Tulingorum
457 857 706 941 Latobogiorum
730 860 949 923 Rauracorum
972 865 1005 924 et
1019 859 1172 924 Boiorum
1194 860 1318 925 utrius-5

130 989 193 1055 quo
230 991 327 1037 sexus
364 970 405 1034 ad
444 977 570 1034 eentum
608 968 845 1053 quinquaginta
877 975 1002 1053 septem
1038 970 1141 1034 milia.
1186 989 1227 1035 ex
1255 970 1297 1035 lis

129 1080 345 1165 quadraginta
367 1087 398 1144 et
421 1085 543 1163 septem
566 1079 656 1143 milia
678 1078 711 1143 iu
734 1078 819 1144 bello
842 1077 1037 1161 aeciderunt,
1070 1080 1171 1146 ueteri
1192 1082 1227 1145 in
1248 1087 1299 1145 ter-

129 1210 183 1256 ras
213 1191 361 1275 proprias
390 1190 516 1255 remissi
546 1197 630 1255 suunt.
674 1196 789 1273 postea
817 1188 941 1254 Caesar
968 1196 1081 1255 eerntra
1109 1190 1298 1257 Ariouistum

130 1320 238 1385 regem
262 1301 454 1365 excitantem
477 1299 747 1379 irruebentemque
770 1318 876 1364 seeum
900 1299 1110 1366 incredibiles
1132 1299 1302 1366 Germano·

131 1432 199 1476 rurn
223 1411 343 1496 copias,
368 1410 484 1494 quibus
506 1429 610 1493 mrper
633 1410 803 1475 uniuersos
818 1408 998 1474 Galliarum
1022 1411 1161 1495 populos
1184 1430 1222 1477 se
1236 1411 1324 1477 sub-r

130 1522 237 1606 egisse
260 1522 410 1600 iactabat,
441 1519 528 1605 apud
552 1520 721 1603 Sequanos
749 1520 859 1603 turgere
889 1520 1052 1605 compulit,
1082 1540 1154 1584 cunr
1178 1520 1235 1585 diu
1256 1540 1303 1586 ex·

131 1634 248 1697 ereitus
270 1632 421 1698 Caesaris
438 1630 672 1696 Geruranorum
696 1629 899 1694 multitudine
923 1637 955 1694 et
976 1630 1095 1695 uirtute
1117 1632 1304 1715 perterritus

129 1764 269 1828 pugnam
293 1742 514 1807 detractasset.
558 1741 741 1805 Ariouistus
771 1741 805 1804 in
827 1739 1036 1805 Germaniam
1064 1748 1198 1825 arrepta
1219 1742 1305 1806 naui·

128 1853 200 1917 eula
214 1853 361 1918 Rhenum
384 1859 586 1917 transuectus
609 1851 731 1934 effugit.
774 1869 892 1915 uxores
916 1850 986 1915 eius
1008 1849 1093 1914 «luae
1107 1849 1304 1935 totidemque

129 1964 216 2027 tiliae
238 1970 352 2045 captae
375 1968 459 2027 suurt.
504 1962 631 2025 luerunt
653 1968 760 2026 autem
784 1960 817 2025 iu
842 1960 983 2025 exercitu
1003 1961 1157 2027 Ariouisti
1178 1961 1324 2027 Arudesf

130 2073 350 2137 lilareomoues
357 2071 486 2135 'l'riboei
494 2072 678 2154 Vangiones
693 2071 818 2135 Edures
832 2072 985 2136 Nerrretes
992 2069 1139 2137 Eudoses
1154 2072 1301 2138 etSueui.

130 2202 240 2266 pugna
272 2181 412 2245 maxime
441 2181 550 2265 grauis
579 2202 619 2246 ex
648 2181 811 2266 phalange
839 2179 1073 2246 Gordianorum
1105 2182 1174 2263 init,
1210 2203 1303 2267 quam

129 2298 239 2356 eoaoto
271 2291 305 2356 iu
334 2313 431 2356 numu
461 2293 591 2375 agmine
621 2292 784 2375 seruisque
812 2312 912 2374 supra
939 2292 1048 2376 capita
1074 2294 1236 2359 contextis
1263 2292 1304 2358 ad

130 2401 374 2488 inrumpendam
398 2405 613 2467 Romanorum
644 2403 746 2467 aeiern
773 2403 832 2466 tuti
861 2401 1003 2485 undique·
1031 2410 1304 2485 praestruxerant.

128 2513 185 2579 sed
208 2522 376 2598 postquam
401 2513 500 2598 aliqui
523 2515 739 2577 Romanorum
769 2512 905 2576 militnm
934 2512 1080 2595 agilitate
1102 2512 1324 2597 audaeiaquef

128 2624 274 2707 insignes
297 2644 396 2708 supra
418 2622 588 2687 oluluetaur
612 2623 730 2687 saliere
758 2620 951 2687 testudinem
975 2623 1138 2705 scutisque
1160 2623 1305 2707 singilla-

127 2734 184 2797 tim
208 2734 295 2798 uelut
318 2733 461 2816 squamis
492 2733 631 2799 reuulsis
659 2731 799 2816 desuper
827 2731 931 2798 nudos
954 2731 1231 2817 deprehensorum
1253 2732 1305 2798 de·

127 2852 346 2927 tectorumque
375 2843 526 2909 humeros
550 2842 771 2926 perfoderunt,
809 2843 912 2908 territi
942 2843 1050 2908 hostes
1077 2862 1162 2906 nouo
1192 2844 1304 2909 mortis

126 2954 269 3038 periculo
292 2953 466 3019 terribilem
490 2953 668 3019 dissoluero
690 2972 888 3036 oonrpagem.
932 2951 1050 3017 exinde
1078 2953 1186 3035 fugam
1217 2954 1301 3019 uersi

129 3083 187 3148 per
209 3064 444 3147 quinquaginta
466 3064 556 3128 milia
578 3083 732 3147 passuum
755 3062 983 3128 insatiabiliter
1005 3062 1092 3127 eaesi
1108 3069 1183 3127 sunt
1197 3078 1324 3147 neque:

128 3174 229 3237 eoniei
263 3192 415 3238 numerus
451 3175 552 3257 potuit
582 3172 816 3238 Gerruauormu
849 3174 901 3237 uel
931 3179 1070 3255 ‹qrrautus
1099 3191 1231 3255 prugnae
1259 3174 1302 3237 ai·

127 3283 221 3348 suerit
243 3284 295 3347 uel
318 3289 457 3365 <petrinius
479 3284 575 3348 luerit
597 3282 802 3366 oeeismunr.)

12 3392 107 3458 XVII
214 3394 289 3458 Post
318 3393 398 3457 haee
428 3388 615 3475 <Relgarum
644 3412 740 3475 gens,
762 3410 856 3475 ,quae
891 3392 986 3455 tertia
1015 3410 1092 3475 pars
1120 3389 1302 3457 Galliarum

127 3516 186 3583 est,
210 3503 381 3569 aeluersmu
399 3504 572 3567 (aestuem
589 3504 720 3583 exarsit,
744 3522 878 3583 quorum
901 3501 1097 3566 distributim
1112 3503 1208 3587 eopia
1223 3502 1304 3567 lraee

127 3616 194 3679 luit.
240 3614 426 3697 llellouagui
457 3615 510 3697 qui
540 3613 655 3679 eeteris
679 3631 811 3677 nurrrero
834 3620 866 3677 et
888 3611 1004 3675 uirtute
1027 3619 1194 3695 praestare
1218 3612 1324 3677 uide:

129 3810 237 3818 ---
250 3811 308 3817 -.--
319 3811 399 3817 ----
414 3811 431 3817 -.

199 3938 260 3987 lex
279 3950 346 4001 puer
361 3952 364 3971 ¹
380 3932 452 3986 tendi
474 3932 497 3985 Il
565 3931 725 3984 saturior}
794 3930 970 3983 lbelurtrorir
984 3927 1010 3981 1)
1085 3932 1153 3981 sex
1171 3928 1303 3983 hri—le·

127 4034 197 4094 ptem
215 4026 286 4079 mrlra
303 4024 399 4078 ‹orall
468 4030 590 4077 ieetera
612 4024 636 4077 l}
703 4032 775 4077 terra
795 4024 819 4077 Ι)
892 4019 1074 4075 Sremrlt'all
1131 4020 1261 4074 unomen
1280 4022 1304 4075 ll

131 4123 159 4169 lo
185 4118 369 4171 nrareoruouei
395 4116 446 4169 ue
530 4118 644 4185 nemetes
666 4116 774 4169 erulelel
802 4115 836 4171 Ρ.
863 4114 995 4181 nemetei;
1012 4113 1126 4168 edures·
1151 4113 1261 4167 eudeses
1279 4114 1303 4168 ll

130 4214 156 4260 1·.·
176 4208 283 4276 falango
306 4212 328 4265 b
417 4214 446 4263 ra
464 4209 640 4278 rumpendam
662 4208 684 4261 1)
770 4214 803 4262 ‘te
821 4208 959 4277 aliqurlll
1026 4210 1154 4263 28-141.
1172 4210 1189 4260 3
1206 4208 1241 4274 <>
1260 4206 1301 4260 Il:

126 4316 177 4369 gen
191 4304 197 4369 Ι
212 4308 265 4354 tem
284 4304 419 4369 beluarum
437 4320 480 4357 eurr
499 4302 656 4357 adbeleraut
674 4301 743 4355 lrello
759 4310 762 4369 ζ
779 4318 857 4368 ursum
876 4318 937 4356 eum
955 4288 992 4354 xl
1011 4306 1175 4354 armatorum
1202 4297 1302 4353 suello·

128 4394 192 4448 nei¹
208 4410 268 4447 eum
286 4395 293 4447 l
312 4395 418 4449 mrlrbul
439 4396 538 4449 lntemr
556 4406 679 4463 preterea
697 4410 809 4464 quorum
825 4398 829 4435 ἱ
845 4394 912 4449 adeo
936 4394 1066 4449 indomita
1089 4392 1182 4446 lentat·
1197 4400 1258 4448 erat
1279 4393 1304 4446 B
