2834 5394
513 720 587 770 ese.
610 722 842 771 xxvru-xxxr
1213 709 1274 773 407

93 877 325 940 asseuerantes
347 871 381 937 id
403 891 468 938 non
490 893 588 958 posse
610 874 679 940 fieri
708 881 840 959 propter
868 873 980 960 copias
1009 875 1220 940 barbarorum
1243 882 1275 941 et

97 1001 157 1066 pro
178 1001 217 1049 eo
240 979 326 1066 quod
347 982 438 1066 regio
459 989 546 1050 esset
568 983 631 1050 sibi
653 985 734 1051 satis
756 984 906 1050 aduersa.
950 985 1081 1052 Priscus
1104 1004 1181 1051 nero
1204 1004 1273 1051 uer-

97 1092 149 1158 bis
170 1093 386 1177 persuasoriis
417 1092 506 1159 flexit
538 1112 594 1160 eos
617 1093 737 1160 ibidem
760 1092 904 1160 hiemare
926 1093 1164 1180 iussionemque
1186 1096 1273 1180 prin·

99 1202 180 1286 cipis
202 1220 435 1268 consummare.

60 1325 80 1374 5
183 1310 293 1378 Tertio
321 1310 446 1378 decimo
474 1313 600 1399 imperii
630 1313 774 1378 Mauricii
805 1334 890 1380 anno
918 1322 1096 1382 naseuntur
1124 1313 1275 1400 prodigia

99 1422 133 1486 in
156 1421 353 1489 suburbanis
375 1423 524 1507 Byzantii
547 1442 626 1507 puer
648 1423 800 1490 uidelicet
821 1425 1005 1510 quadrupes
1034 1430 1067 1492 et
1088 1427 1170 1492 alter
1191 1425 1273 1492 duos

99 1531 238 1598 uertices
260 1531 397 1600 habens.
441 1534 532 1599 aiunt
554 1541 661 1599 autern
684 1533 717 1598 bi
741 1535 796 1618 qui
818 1533 972 1601 historias
995 1522 1142 1619 diligenti
1165 1534 1272 1603 studio

99 1641 245 1708 scribunt
271 1662 336 1709 uon
365 1643 542 1726 significari
571 1645 656 1710 bona
684 1643 869 1712 ciuitatibus
897 1646 929 1711 in
959 1646 1075 1729 quibus
1096 1652 1274 1713 naseuntur

99 1751 196 1818 huius
218 1751 314 1816 modi.

47 1872 81 1922 fo
183 1862 225 1928 nt
247 1880 324 1927 uero
347 1864 521 1946 imperator
543 1864 687 1929 Priscum
710 1870 862 1949 praetura
883 1864 991 1948 priuat
1013 1871 1045 1930 et
1059 1866 1187 1930 Petrum
1211 1866 1272 1930 frass

96 1983 178 2038 trem
206 1992 299 2036 suurn
328 1980 508 2056 praetorem
531 1974 697 2038 Romanae
726 1974 802 2038 facit
829 1974 965 2040 uirtutis.
1010 1974 1119 2058 itaque
1141 1972 1271 2042 Priscus

97 2080 227 2165 quidem
250 2082 422 2150 uirtutibus
445 2084 581 2166 sumptis
602 2085 788 2168 priusquam
806 2084 918 2150 Petrus
934 2083 1146 2168 peruenisset,
1168 2091 1272 2151 trans·

96 2198 182 2257 meat
203 2210 341 2257 amnem.

181 2301 346 2368 chaianus
374 2310 480 2369 autern
509 2305 648 2370 transitu
677 2304 812 2370 Romani
842 2303 952 2369 audito
983 2304 1144 2370 exereitus
1173 2300 1271 2367 ualde
1293 2289 1410 2358 XXXI

47 2423 79 2472 rs
96 2411 230 2477 miratus
252 2421 301 2478 est
323 2422 354 2476 et
375 2412 418 2477 ad
439 2414 582 2478 Priscum
606 2415 701 2493 misit,
739 2414 865 2480 discere
897 2433 1028 2480 eausam
1058 2432 1217 2497 quaerens
1240 2418 1272 2478 ct

95 2520 239 2607 praedae
267 2542 393 2587 sumere
421 2530 545 2606 partem
574 2525 686 2605 sieque
714 2545 842 2589 anmonr
872 2524 1022 2593 transire.
1066 2523 1163 2589 nimis
1186 2522 1271 2587 enirn

96 2631 262 2697 saeuiebat
291 2652 387 2716 super
416 2633 623 2699 felicitatibus
644 2635 873 2699 Romanorum.
918 2634 1014 2698 mittit
1042 2653 1119 2716 ergo
1141 2632 1271 2698 Priscus

97 2759 194 2826 super
216 2741 275 2805 boe
298 2741 340 2806 ad
363 2741 545 2807 Cbaianum
570 2745 721 2825 legatum,
761 2743 965 2808 Theodorum
994 2742 1146 2808 uidelicet
1174 2740 1272 2807 medi·

95 2870 183 2935 eum,
221 2853 398 2935 sagacitate
426 2859 523 2935 atque
554 2853 776 2935 intellegentia
803 2860 1018 2936 perornatum.
1064 2852 1126 2917 istc
1154 2850 1270 2916 uidens

46 2968 81 3021 20
98 2960 277 3027 Chaianum
300 2982 420 3045 magna
441 2963 621 3045 sapientem
645 2962 936 3046 responsionesque
960 2961 1130 3025 iactantius
1153 2959 1269 3024 facien·

96 3080 170 3152 tem,
207 3072 313 3137 minas
343 3073 440 3136 etiarn
469 3071 723 3156 protendentem,
761 3092 797 3138 se
823 3077 1008 3136 cunctarum
1031 3088 1104 3136 esse
1125 3069 1269 3153 gentium

96 3181 260 3246 dominnm
296 3182 478 3261 iactantem,
516 3183 701 3248 narratione
738 3182 840 3248 ueteri
873 3181 1033 3263 mitigauit
1065 3179 1269 3245 barbaricum

81 3292 240 3376 typhum.
286 3293 332 3357 ait
354 3293 437 3356 enim
463 3292 548 3357 ‘audi
572 3292 718 3359 Cbaiane
740 3292 916 3376 proficuam
939 3291 1168 3355 narrationem.
1214 3290 1269 3355 Se-

97 3402 211 3467 sostris
226 3402 456 3486 Aegyptiornm
473 3423 538 3482 rex,
563 3402 697 3468 illustris
720 3409 750 3467 et
773 3402 891 3486 oppido
913 3402 999 3481 felix,
1023 3400 1140 3483 opibus
1163 3401 1269 3465 clarus

46 3521 79 3571 25>
96 3518 128 3575 et
149 3511 394 3594 inexpugnabili
417 3520 583 3595 potentatu
606 3512 762 3596 plurimas
785 3519 817 3577 et
839 3512 987 3594 ingentes
1009 3509 1153 3576 seruituti
1168 3509 1269 3574 natio-

96 3639 155 3686 nes
176 3620 309 3704 redegit.
334 3621 418 3685 unde
442 3629 473 3685 et
496 3621 528 3685 in
551 3622 769 3704 arrogantiam
793 3641 890 3687 ruens
912 3641 1006 3685 curru
1022 3640 1062 3686 ex
1077 3619 1269 3686 adhaerenti

96 3731 158 3796 sibi
182 3750 259 3794 auro
282 3738 314 3795 et
335 3731 498 3815 lapidibus
520 3731 670 3815 pretiosis
693 3738 874 3798 constructo
904 3731 996 3797 sedet
1025 3749 1122 3814 super
1143 3749 1216 3795 curn
1239 3736 1270 3796 et

97 3839 231 3905 subiecit
258 3841 333 3923 iugo
363 3840 403 3905 de
432 3841 617 3924 exrrperatis
648 3841 780 3925 regibus
810 3848 960 3924 quattuor
982 3841 1110 3905 trahere
1132 3850 1268 3904 currum.

95 3969 229 4034 cumque
251 3951 311 4014 boc
334 3950 424 4015 fieret
445 3950 478 4014 in
502 3951 621 4033 insigni
645 3952 830 4033 fastiditate,
855 3972 938 4016 unus
962 3970 1002 4015 ex
1017 3956 1166 4033 quattuor
1189 3949 1270 4031 regi·

44 4074 78 4125 ³0
99 4059 159 4125 bus
187 4060 370 4143 frequenter
399 4061 524 4124 oculum
555 4061 701 4125 uertebat
729 4069 903 4127 retrorsum
933 4066 965 4125 et
992 4058 1270 4142 contemplabatur

95 4175 197 4234 rotam
230 4189 300 4233 cum
332 4171 522 4235 solueretur.
567 4190 661 4254 quem
685 4171 842 4236 Sesostris
875 4176 1081 4254 percontatus
1114 4170 1160 4232 ait
1193 4167 1270 4232 “eur

93 4288 166 4363 post
188 4287 312 4363 tergum
336 4279 477 4345 offirmas
501 4281 658 4348 oeulos?'’
710 4287 744 4345 at
772 4282 827 4346 ille
858 4279 983 4344 “bano'’
1012 4278 1115 4363 inquit
1145 4276 1267 4343 “rotam

163 4579 364 4648 3peffnafornf
381 4578 414 4632 D⁴
465 4578 577 4634 flrxrtI)
654 4578 846 4633 obrzantnll
904 4577 1081 4648 quadripedes
1097 4577 1123 4632 D
1193 4580 1223 4630 15
1243 4582 1269 4630 et

94 4671 245 4738 presumere
263 4678 365 4739 partem
385 4673 410 4727 Ι)
500 4677 528 4725 19
548 4676 638 4740 atque]
657 4687 689 4725 ao
709 4672 734 4726 Ι)
825 4675 855 4724 21
876 4671 962 4724 mmai
977 4680 1017 4724 ent
1036 4670 1182 4741 ptendebat
1199 4671 1225 4724 fe
1242 4668 1269 4724 l)

95 4764 292 4819 soractense
377 4769 410 4819 26
429 4771 455 4819 et
473 4764 708 4834 interrogantrall
760 4763 883 4819 curroI)
935 4764 1098 4820 aderentrl)
1183 4766 1216 4817 28
1235 4763 1269 4817 de

92 4857 189 4911 «MD
