2834 5394
618 669 691 718 cnr.
715 670 804 718 1-111
1230 658 1289 720 163

135 839 177 887 ex
190 820 437 888 interfectoribus
451 819 605 887 Caesaris
628 821 788 907 Smyrnae
810 822 978 888 interfecit.
1023 823 1189 890 consulum
1212 823 1292 889 occi-

141 950 226 996 somn
247 936 381 1016 uterque
402 931 562 998 exercitus
586 928 720 998 Caesari
741 933 857 1018 paruit.
902 939 1016 1018 postea
1037 932 1190 999 Decimus
1212 933 1291 999 Bru-

149 1048 184 1108 tus
198 1042 226 1107 in
240 1042 347 1109 Gallia
373 1061 394 1107 a
409 1040 570 1126 Sequanis
592 1050 705 1127 captus
727 1050 758 1107 et
780 1043 905 1110 occisus
921 1048 980 1109 est.
1024 1043 1169 1109 Basilius
1183 1049 1291 1110 autem

151 1169 222 1237 aque
241 1171 324 1218 unus
346 1152 387 1217 de
407 1151 653 1237 percussoribus
676 1151 827 1219 Caesaris
855 1173 953 1218 manu
975 1172 1140 1219 seruorum
1163 1173 1291 1219 suorum

132 1268 250 1329 lucus
282 1270 344 1329 est.
394 1261 536 1346 interea>
568 1262 692 1347 Lepido
725 1260 840 1346 (satis)
873 1282 1006 1348 operam
1038 1261 1136 1328 dante
1169 1261 1292 1329 Caesar

150 1367 306 1453 <inanium
329 1371 451 1456 recepit
473 1373 507 1437 in
528 1374 667 1456 gratiam
690 1379 786 1456 atque
807 1372 953 1439 obsidem
974 1372 1199 1439 reconciliatae
1221 1393 1292 1456 gra-

147 1480 299 1548 tiaellinae
323 1481 411 1548 tiliae
423 1482 503 1564 eius,
526 1503 622 1567 quam
643 1482 848 1549 matrimonio
871 1483 1002 1550 sortitus
1025 1489 1076 1550 est
1097 1489 1130 1548 et
1150 1479 1201 1567 ut>
1223 1483 1292 1549 uin·

147 1588 278 1658 dicturus
305 1592 410 1679 patris
439 1592 489 1659 sui
518 1599 669 1674 mortem,
707 1612 817 1677 aquo
846 1613 905 1678 per
933 1600 1159 1660 testamentum
1188 1593 1292 1659 fuerat

146 1700 295 1787 adoptatus,
326 1704 462 1768 Romam
491 1722 563 1768 cum
592 1703 736 1769 exercitu
757 1704 919 1789 proiectus
941 1705 1019 1786 <est
1063 1702 1140 1768 inde
1162 1722 1234 1767 cum
1256 1703 1291 1768 in

115 1810 201 1878 taum
217 1833 323 1877 mmor
344 1811 385 1878 de
406 1812 512 1878 futura
533 1812 768 1899 proscriptione
789 1819 877 1879 ortus
893 1820 990 1896 esset,
1014 1812 1116 1879 Caius
1131 1812 1292 1880 Toranius

147 1922 182 1986 uir
195 1923 368 2008 praetorius
395 1921 477 1993 nitu
507 1923 571 1988 talo
598 1929 745 1989 metuens
773 1924 904 1990 incursu
932 1923 1067 1988 militum
1096 1921 1183 1987 domi
1212 1941 1291 1988 suae

145 2029 298 2099 nudatus
320 2039 371 2101 est
392 2032 513 2116 aliique
536 2034 718 2118 complures
733 2033 883 2099 trucidati
899 2030 1001 2117 sunt>
1044 2053 1102 2118 per
1117 2032 1178 2098 hos
1194 2032 1290 2096 ctiam

146 2138 230 2208 Cicero
249 2149 358 2210 orator
379 2143 502 2209 occisus
525 2151 575 2209 est
597 2145 751 2227 multique
774 2143 830 2208 alii
853 2143 979 2210 nobiles
1001 2140 1051 2226 <et
1064 2163 1136 2208 cum
1150 2141 1291 2207 Antonio

146 2268 173 2314 ac
188 2252 300 2338 Lepido
324 2252 447 2319 Caesar
474 2272 542 2317 rem
572 2254 735 2339 publicam
764 2254 864 2320 annis
892 2260 1002 2319 tenere
1024 2252 1139 2339 coepit.
1183 2251 1292 2335 itaque

116 2362 175 2424 line
195 2362 283 2431 latius
315 2370 413 2447 atque
444 2362 632 2430 effrenatius
666 2363 944 2447 incircumscripta
982 2362 1100 2429 caedes
1131 2369 1290 2447 ageretur,

146 2476 240 2538 oeulrm
260 2473 396 2558 triginta
416 2479 449 2539 et
469 2472 533 2537 duo
556 2481 740 2539 senatorum
762 2473 895 2538 nomina
922 2473 956 2538 in
984 2473 1096 2539 tabula
1123 2473 1291 2558 proposita

147 2588 199 2646 snt
214 2584 347 2668 primum
360 2582 476 2667 Lepidi
498 2590 673 2667 praecepto
691 2592 722 2648 et
737 2584 877 2665 nominc,
901 2583 1018 2649 deinde
1033 2582 1174 2665 Antonii,
1196 2582 1290 2648 tertio

146 2685 274 2760 Caesaris.
305 2693 352 2759 ibi
367 2693 526 2759 Antonius
548 2694 689 2758 Tullium
708 2693 895 2760 Ciceronem
918 2693 1082 2758 inimicum
1105 2713 1198 2759 suum
1220 2710 1290 2775 pro-

147 2800 305 2885 scripserat,
329 2803 375 2868 ibi
398 2802 542 2888 Lepidus
563 2803 697 2867 Lucium
720 2805 868 2869 Paullum
891 2804 1020 2868 fratrem
1044 2802 1192 2869 suumin
1215 2821 1290 2866 eun·

117 2904 195 2974 tren
212 2912 457 2998 proscriptorum
479 2932 610 2997 gregem
633 2914 822 2980 coniecerat.
867 2913 986 2979 adiecti
1009 2920 1083 2980 sunt
1111 2917 1226 2996 postea
1247 2909 1290 2975 ad

146 3035 281 3087 tuncrum
302 3023 552 3108 proscriptorum
574 3023 708 3107 triginta
722 3024 847 3108 equites
861 3024 1009 3107 Romani,
1033 3023 1152 3089 multae
1174 3021 1230 3086 diu
1252 3039 1290 3085 ac

146 3131 227 3197 ariae
256 3131 374 3198 caedes
403 3141 510 3214 actae,
548 3132 663 3200 domus
692 3135 942 3219 proscriptorum
972 3133 1107 3218 direptis
1140 3130 1290 3197 omnibus

146 3232 240 3306 dirutae
261 3250 345 3309 sunt.
390 3250 425 3307 at
445 3243 618 3308 Dolabella
642 3244 675 3308 in
698 3244 795 3330 Syria
822 3246 923 3309 multa
951 3264 1023 3308 cum
1052 3242 1166 3309 Cassio
1195 3242 1290 3305 inter-

146 3342 233 3415 ittlore
252 3352 327 3417 Iulii
350 3351 502 3419 Caesaris
525 3353 612 3418 bella
633 3355 745 3436 gessit,
769 3374 790 3417 a
812 3375 874 3437 quo
890 3354 993 3420 uictus
1017 3372 1090 3419 sese
1105 3348 1291 3435 interfecit.)

119 3458 139 3514 il
205 3460 328 3527 Interea
349 3463 467 3528 Brutus
489 3470 521 3528 et
543 3462 677 3530 Cassius
710 3463 931 3530 interfectores
955 3462 1106 3530 Caesaris
1139 3458 1289 3544 <magnis
1309 3461 1359 3526 111

148 3570 308 3637 tramitibus
331 3573 526 3656 comparatis
548 3593 607 3658 per
622 3573 844 3640 Macedoniam
868 3581 900 3640 et
914 3574 1069 3640 orlentem
1092 3571 1180 3657 apud
1195 3571 1290 3637 Athe-

149 3691 189 3741 nas
205 3691 416 3747 conuenerunt
438 3690 603 3765 totamque
626 3681 795 3750 Graeciam
818 3684 1006 3770 depopulati
1029 3691 1112 3750 sunt.
1146 3682 1290 3748 Rhodios

150 3777 357 3857 Casinatem
379 3793 524 3876 marique
546 3801 750 3877 oppugnatos
781 3794 822 3858 ad
852 3793 1047 3859 deditionem
1075 3794 1194 3876 coegit,
1224 3792 1292 3875 qui·

151 3947 417 3965 Q..-

196 4058 318 4115 luterD
369 4058 462 4114 decani
476 4059 502 4116 D
576 4064 713 4116 tinterea
732 4060 792 4116 al)
843 4076 926 4130 opera
944 4061 980 4116 B‘
1056 4065 1080 4114 6.
1100 4065 1114 4112 l
1133 4061 1166 4129 <>
1183 4058 1224 4113 D:
1240 4075 1292 4128 pa-

152 4152 269 4216 thcun
286 4160 396 4207 sntcmo
414 4152 479 4208 fcert
492 4152 530 4206 ·dr
547 4154 621 4222 quali
639 4154 667 4209 B
736 4159 751 4208 t
770 4155 804 4208 ob
824 4153 882 4209 fuld
900 4155 1074 4210 reconciliata
1092 4155 1130 4207 eit
1147 4150 1215 4222 gia·
1231 4152 1292 4222 drne

151 4230 188 4307 iit
200 4246 257 4299 erui·
282 4245 337 4314 ΙΙ),
355 4245 476 4300 obindem
493 4247 671 4300 reconciliata
688 4248 727 4301 eit
743 4255 832 4314 grana
845 4247 932 4302 Dmae
949 4246 1023 4300 irlrne
1040 4248 1099 4301 erus
1116 4245 1174 4303 [scd
1190 4229 1293 4301 r'uros.i

152 4321 170 4380 Ρ
217 4338 343 4407 9—120
362 4337 403 4396 D:
430 4340 542 4393 extorlrt
558 4346 589 4393 ut
607 4340 656 4394 lrbn
675 4341 801 4395 urcelrmo
820 4355 892 4394 anno
907 4340 912 4408 Ι
928 4339 1080 4396 consulatui
1096 4339 1225 4393 daretur·
1244 4338 1291 4393 Sc·

154 4428 220 4479 mmm
232 4430 403 4500 prollcnplrt·
423 4447 484 4486 cum
503 4437 614 4487 antomo
634 4447 666 4486 ac
684 4433 772 4503 leprdo
791 4449 847 4488 rem
863 4432 1008 4502 pulblrcam
1026 4433 1106 4485 armrt
1121 4437 1213 4486 tenere
1231 4446 1292 4486 coe·

155 4516 221 4577 did
309 4528 338 4578 10
355 4523 493 4580 rucuma
545 4525 685 4581 thoramui
699 4525 727 4580 D
798 4531 828 4580 14
847 4528 938 4582 caesar
955 4524 1052 4580 ormo
1103 4523 1208 4594 cqprtD
1263 4530 1292 4578 lt

156 4605 233 4666 ento
287 4587 422 4673 rotonum
438 4618 601 4675 cuononi)
654 4618 859 4689 reponunt)
910 4622 942 4671 22
961 4617 1095 4673 donoro
1141 4622 1290 4683 carcar

156 4694 182 4761 i)
194 4698 224 4755 D:
237 4708 347 4779 rnlgent
361 4710 461 4765 bellum
479 4717 621 4766 mouerunt
639 4736 644 4747 ·
659 4718 737 4768 erant
754 4728 824 4767 enrm
839 4720 843 4780 Ι
858 4727 907 4780 per
924 4711 1107 4765 macodomam
1125 4709 1148 4764 dc
1165 4717 1294 4764 ementem

157 4788 362 4857 ¹1¹illexercrtnl
378 4804 446 4873 qnos
461 4812 645 4875 occupauerat
662 4810 879 4874 (occupauerant
896 4805 928 4863 it
948 4805 975 4859 B
1078 4807 1109 4857 rt
1128 4801 1252 4855 Rhodml
1268 4800 1294 4854 Ι)

1034 4909 1087 4957 11*
