3248 5080
255 217 317 278 500
727 229 820 277 nmnr
842 227 917 276 xxn

251 401 362 448 eorum
399 387 431 448 et
466 381 585 448 uirtute
620 385 734 446 contra
760 379 951 446 Romaniam
990 377 1218 447 construenda.
1261 377 1318 462 qui
1354 396 1434 442 cunr
1581 467 1582 474 ἵ

252 493 411 560 abiissent
425 497 458 559 et
471 498 684 576 remeassent,
699 491 930 558 nuntiauerunt
944 490 1133 576 imperatori
1147 509 1300 574 magnum
1314 495 1435 554 contra

1581 597 1582 626 i

252 603 375 688 regiam
397 602 510 668 urbem
531 621 591 687 per
612 607 731 668 terram
753 620 792 668 ao
813 621 903 668 mare
924 600 1171 668 instrumentum
1194 618 1315 665 eorum.
1359 605 1433 664 tum

252 713 309 780 ille
341 711 507 799 praecepit
539 731 602 797 qno
635 732 720 779 unus
751 711 888 796 quisque
921 717 1069 797 sumptus
1101 709 1275 796 usquead
1296 709 1433 776 trIennii

250 830 377 910 tempus
399 821 535 890 sollicito
563 821 783 908 praepararet’
819 821 884 907 ‘qui
912 828 1020 889 autem
1057 821 1119 887 hoc
1147 840 1212 887 non
1245 819 1467 906 possederits
1581 823 1582 834 ’

253 933 295 999 ab
325 933 418 999 urbe’
445 933 549 1017 inquit
578 931 752 999 ‘discedat'
795 932 960 1000 constituit
987 940 1095 998 autem
1122 931 1326 1018 praepositos
1354 950 1433 996 con-

255 1044 445 1108 struentium
466 1062 569 1110 naues
591 1049 624 1109 et
645 1043 752 1128 coepit
773 1042 945 1109 aedificare
967 1042 1140 1110 dromones
1171 1049 1204 1108 et
1224 1040 1333 1109 dieras
1346 1040 1433 1126 igni-

254 1153 340 1219 feras
363 1159 396 1220 ct
417 1152 576 1219 maximas
597 1153 721 1220 trieres.
765 1159 797 1220 et
817 1153 996 1220 maritimos
1018 1149 1148 1237 quidem
1170 1152 1341 1218 renouauit
1361 1172 1433 1217 mu·

255 1283 319 1341 ros,
343 1262 491 1330 similiter
506 1267 615 1329 autom
637 1269 669 1329 et
682 1269 827 1329 terrenos
850 1263 968 1330 sistens
989 1263 1202 1330 arcobalistas
1216 1269 1249 1328 et
1264 1279 1433 1347 mangana

253 1371 288 1437 in
310 1372 451 1441 turribus
472 1380 505 1440 et
526 1377 772 1457 argumentosas
793 1372 877 1439 alias
899 1372 1068 1440 machinas
1090 1378 1122 1440 et
1143 1371 1320 1438 secundum
1342 1371 1433 1456 qnod
1452 1384 1482 1434 to
1581 1411 1582 1446 3

253 1482 411 1567 possibile
433 1483 496 1551 sihi
517 1489 588 1549 erat
609 1482 720 1548 urbem
742 1483 880 1550 muniuit
900 1483 1073 1568 frugesque
1094 1482 1252 1567 plurimas
1280 1483 1315 1548 in
1337 1502 1431 1567 rega-

254 1591 340 1659 libus
364 1593 486 1660 horreis
508 1593 616 1679 posuit
637 1597 734 1678 atque
756 1593 897 1660 munitas
920 1593 1048 1659 sibimel
1069 1593 1257 1660 reseruauit

115 1690 235 1760 XXIII
340 1702 434 1769 Anno
463 1703 590 1789 imperii
617 1703 753 1768 Artemii
781 1702 837 1787 qui
865 1709 898 1770 et
917 1703 1084 1770 Anastasii
1113 1702 1254 1769 secundo
1285 1709 1431 1770 mortuus

255 1820 305 1880 est
327 1811 448 1879 Vhalid
470 1813 612 1879 Arabum
634 1812 701 1880 dux
723 1819 756 1879 et
778 1813 945 1880 Snleiman
966 1813 1054 1880 filius
1075 1811 1264 1879 Abimelech
1287 1813 1321 1878 in
1343 1813 1432 1898 prin·

255 1923 364 2008 oipatu
387 1922 529 1990 succedit
550 1923 606 2006 qui
627 1922 732 1989 tribus
753 1923 893 2007 praefuit
912 1923 1018 1990 annis.
1452 1941 1483 1992 to
1581 1919 1582 1980 ἒ

341 2031 464 2098 Eodem
486 2051 612 2117 qnoque
634 2052 721 2099 anno
743 2034 919 2100 translatus
941 2038 992 2100 est
1014 2053 1035 2100 a
1056 2031 1174 2118 cyzico
1204 2034 1284 2099 urbo
1314 2039 1431 2100 metro

257 2139 324 2225 poli
353 2139 535 2208 Germanus
564 2139 877 2227 ConstautInopolim
913 2143 948 2209 in
985 2163 1048 2228 quo
1084 2149 1116 2208 et
1152 2143 1430 2208 commonitorium

254 2252 478 2318 translationis
506 2251 592 2336 quod
620 2251 816 2319 subinfertur
851 2254 1091 2339 pronuntiatum
1119 2260 1170 2320 est
1196 2253 1363 2319 continens
1384 2254 1432 2318 ita

257 2359 424 2428 ‘electione
446 2370 479 2430 ot
499 2361 734 2449 approbatione
763 2362 1079 2448 religiosissimorum
1107 2363 1371 2449 presbyterorum
1399 2370 1432 2430 et

255 2471 464 2538 diaconorum
486 2480 518 2538 et
538 2473 637 2540 totius
659 2471 857 2540 uenerabilis
879 2475 957 2540 cleri
979 2473 1128 2558 sacrique
1142 2479 1274 2540 senatus
1289 2480 1321 2539 et
1336 2473 1431 2539 amici
1446 2489 1483 2539 ao
1581 2499 1582 2504 ¹

258 2579 378 2649 Christi
400 2583 511 2668 populi
534 2583 595 2649 deo
617 2581 860 2650 conseruandae
881 2582 976 2651 huius
997 2585 1107 2668 reglae
1129 2583 1218 2650 urbis
1233 2582 1345 2648 diuina
1358 2603 1431 2668 gra-

258 2691 316 2765 tia,
339 2710 423 2775 quae
445 2711 574 2777 semper
594 2691 723 2758 infirma
744 2699 836 2758 curat
857 2700 890 2758 et
910 2712 950 2760 ea
971 2713 1056 2778 quae
1077 2714 1143 2760 non
1165 2701 1240 2761 sunt
1262 2693 1428 2779 adimplet,

257 2800 421 2866 transtulit
443 2799 638 2867 Germanum
661 2802 898 2868 sanctissimum
920 2805 1104 2889 praesulem
1120 2803 1344 2889 Oyanensium
1367 2821 1432 2870 me·

256 2911 418 2995 tropoleos
441 2911 475 2976 in
497 2912 684 2997 episcopum
713 2911 810 2979 huius
838 2910 899 2978 deo
921 2913 1164 2980 conseruandae
1193 2933 1232 2980 ao
1260 2915 1431 2999 imperato

257 3020 327 3084 riae
349 3020 500 3088 ciuitatis.
544 3021 630 3087 faeta
652 3027 829 3088 astantem
852 3041 1008 3107 praesens
1030 3024 1200 3092 translatio
1222 3024 1257 3089 in
1279 3043 1432 3110 praesen·
1448 3035 1479 3088 2⁵

257 3127 304 3192 tia
325 3128 494 3197 Michaelis
523 3130 719 3197 sanctissimi
746 3131 928 3217 presbyteri
955 3140 988 3200 et
1015 3133 1204 3219 apocrisarii
1232 3135 1432 3219 apostolieae

259 3235 347 3304 sedis
380 3246 413 3304 et
444 3239 639 3325 reliquorum
671 3240 873 3307 sacerdotum
905 3261 944 3310 ac
976 3244 1161 3328 praesulum
1196 3244 1257 3310 sub
1285 3245 1431 3310 ArtemIo

257 3346 463 3433 imperatore.

104 3450 240 3520 XXIIII
346 3458 446 3525 Porro
468 3479 538 3525 cum
560 3460 722 3528 Artemius
750 3460 917 3530 didicisset
945 3462 1030 3544 quod
1059 3463 1174 3530 classis
1197 3463 1432 3530 Saracenorum

256 3571 299 3636 ab
321 3570 522 3637 Alexandria
549 3571 584 3637 in
606 3571 801 3639 Phoenicem
829 3580 1046 3658 properasset,
1084 3572 1128 3638 ad
1156 3571 1363 3639 incidendum
1394 3573 1433 3639 li·
1448 3587 1477 3638 ao

257 3699 397 3765 gnomen
419 3681 643 3766 cupressinum
665 3683 776 3749 electis
799 3702 840 3749 ex
861 3683 992 3768 proprio
1015 3684 1097 3750 stolo
1118 3683 1285 3751 uelocibus
1300 3682 1430 3769 scaphis

325 3990 525 4047 taduftentD
618 3972 714 4060 magni
731 3989 766 4046 Iit
869 3992 1021 4049 bdrfcedat
1037 3998 1124 4062 mouit
1147 3992 1181 4047 θ’
1285 3990 1432 4062 teeprtll

260 4065 383 4152 Squrde'
398 4083 556 4139 remourtfl
650 4087 680 4138 tt
699 4083 799 4153 quiet]
818 4085 954 4154 qmntoD
1050 4091 1080 4140 tr
1098 4084 1154 4140 uhd
1172 4084 1199 4140 Ι)
1266 4083 1432 4139 zulermmll

257 4171 430 4232 habdrlmelrc
447 4177 474 4233 D
561 4181 591 4232 16
609 4177 697 4232 lnzrco
715 4177 742 4232 Il
829 4182 858 4232 tl
877 4179 1028 4234 Germanus
1043 4178 1139 4234 obal)
1214 4181 1246 4232 22
1265 4193 1320 4232 non
1338 4175 1433 4233 oab

259 4271 291 4322 00
309 4249 424 4338 gementi
441 4269 468 4325 1>
536 4253 755 4328 curcenentuif)
823 4275 856 4327 26
874 4271 1072 4328 michahcth
1131 4271 1249 4342 punto
1318 4274 1351 4325 30
1368 4271 1432 4342 phe·

259 4376 345 4416 mcem
362 4363 389 4418 D
456 4367 486 4419 ct
508 4347 659 4434 cyprellrnri
677 4363 704 4419 ll
