2834 5394
82 194 144 257 584
541 207 633 255 muru
660 208 731 255 xxv

80 359 200 445 populo
232 360 401 424 ecclesiam
430 368 638 425 concurrente
675 361 842 444 ingressus
864 358 980 425 Aetius
1014 359 1205 427 cunuchus
1233 382 1283 446 pa·

81 468 191 534 tricius
214 477 245 534 et
267 468 378 534 eduxit
400 489 456 534 cos
478 469 578 534 uerbo
600 469 730 535 nemine
753 467 796 534 ad
818 469 891 534 illos
907 469 1115 535 attendente
1132 478 1169 536 et
1186 472 1283 537 exilio

81 578 317 644 damnauerunt
347 598 403 644 eos
430 578 518 662 apud
540 577 696 645 Athenas.
740 578 803 644 duo
826 585 932 643 autern
961 579 1106 661 patricii
1149 581 1283 646 Staure-

80 689 150 756 cius
172 689 294 756 scilicet
315 694 348 754 et
367 687 480 753 Aetius
502 687 557 772 qui
578 686 686 753 dilecti
708 707 782 754 esse
803 687 1025 753 noscebantur
1049 689 1283 774 imperatricis

81 798 155 863 lacti
179 804 253 863 mm
274 798 308 862 in
330 797 517 862 alterutrum
539 797 649 864 hostes
677 798 724 862 ita
751 804 786 862 ut
815 796 1020 862 inimicitiam
1046 807 1309 866 monstrarente

81 908 250 973 manifeste
273 905 368 970 ambo
390 906 599 971 intentionem
622 906 779 973 hahentes
801 912 1035 991 postmortem
1061 909 1145 976 eius
1163 928 1284 993 cogua-

79 1018 122 1083 tis
143 1017 213 1083 suis
236 1016 405 1099 imperium
428 1014 630 1099 adquirendi.

0 1132 13 1184 ι
28 1125 95 1190 XII
166 1124 259 1190 Anno
292 1124 419 1210 imperii
451 1125 590 1190 Eirenac
621 1124 763 1191 secundo
791 1124 977 1190 ahimelech
1011 1127 1128 1193 exiuit
1167 1137 1285 1194 contra

82 1235 273 1301 Romanianr
303 1242 336 1300 et
365 1234 464 1300 misso
486 1234 709 1317 expeditorum
732 1235 860 1300 incursu
883 1233 1058 1301 descendit
1090 1258 1211 1322 usque
1241 1238 1284 1303 ad

80 1343 245 1427 Megalius
272 1351 304 1409 ct
332 1363 573 1429 praeoccupans
594 1344 628 1408 in
651 1344 786 1410 stabulis
808 1344 966 1410 Stauracii
990 1365 1102 1428 equos
1128 1349 1283 1432 impera·
1300 1362 1320 1408 ιι

79 1453 160 1520 torio
183 1453 327 1537 equitatu
348 1460 441 1537 capto
463 1454 534 1519 sinc
554 1453 700 1519 laesione
721 1473 871 1520 reuersus
892 1462 951 1519 est.
996 1462 1030 1520 et
1063 1457 1199 1540 reliqui
1225 1457 1283 1523 de

79 1561 273 1629 scenderunt
301 1582 403 1646 usque
424 1561 562 1646 Lydiam
591 1569 623 1628 et
651 1563 784 1626 multam
806 1562 967 1628 consecuti
990 1570 1070 1629 sunt
1093 1565 1280 1649 praedam.

80 1692 192 1740 mense
214 1691 292 1738 uero
314 1673 430 1737 Martio
452 1673 610 1756 septimae
632 1671 818 1737 indictionis
840 1671 942 1736 uoluit
962 1672 1155 1741 Akamirus
1181 1677 1280 1743 Scla-

78 1781 226 1847 uinorum
260 1781 420 1846 Belziciae
450 1781 601 1865 princeps
638 1781 785 1865 pulsatus
821 1781 863 1846 ah
899 1781 1083 1848 Helladieis
1124 1784 1278 1852 educere

78 1890 162 1956 ilios
185 1889 389 1955 Constantini
410 1896 443 1954 ct
464 1909 505 1955 ex
527 1891 575 1955 eis
597 1910 786 1974 promouere
814 1891 1051 1975 imperatorem.
1101 1912 1184 1959 curn
1217 1917 1277 1961 au·
1293 1907 1319 1955 rs

76 2005 141 2064 teni
174 1997 234 2063 hoc
266 1999 471 2080 cognouisset
502 1999 691 2083 imperatrix
718 2000 846 2082 Eirene,
880 2000 974 2064 mittit
1008 2000 1052 2064 ad
1082 2005 1273 2085 patricium

78 2105 325 2174 Constantinum
354 2106 621 2192 Serantapichum
654 2116 687 2174 et
715 2108 991 2194 Theophylactum
1030 2110 1138 2176 filium
1181 2115 1269 2197 eius,

78 2217 134 2302 qui
161 2217 349 2301 spatharius
378 2223 448 2282 erat
475 2224 507 2282 ct
535 2237 638 2302 nepos
660 2239 739 2284 suus
762 2228 794 2283 ct
816 2219 957 2283 onurium
980 2219 1092 2285 oculos
1117 2223 1212 2289 eruit
1234 2231 1268 2290 et

77 2326 251 2413 dissipauit
274 2326 443 2393 consilium
465 2345 575 2392 eorum
597 2335 709 2393 contra
730 2348 766 2394 sc
787 2328 934 2411 nequiter
956 2327 1188 2398 adiuuentum.

0 2444 9 2494 i
22 2436 108 2504 XIII
165 2440 265 2504 Porro
286 2436 453 2503 Paschalis
476 2436 659 2503 festiuitatis
683 2436 764 2503 feria
792 2436 936 2503 secunda
962 2439 1126 2521 processit
1156 2442 1263 2528 impe
1277 2455 1308 2505 ao

75 2548 177 2613 natrix
199 2569 219 2613 a
241 2547 362 2614 sanctis
385 2546 540 2630 apostolis
563 2546 596 2611 in
619 2566 711 2611 curru
734 2566 833 2612 aureo
856 2555 957 2628 uecta,
980 2549 1034 2632 qui
1054 2568 1076 2612 a
1098 2558 1262 2632 quattuor

76 2657 168 2741 equis
190 2657 273 2722 albis
296 2656 486 2722 trahebatur
515 2662 547 2720 et
576 2674 596 2719 a
618 2663 767 2737 quattuor
789 2657 932 2740 patriciis
954 2657 1144 2740 tenebatur,
1174 2661 1259 2727 Bar·

74 2764 160 2831 dano
183 2765 335 2832 uidelicet
357 2772 507 2850 praetore
528 2764 785 2847 Thracesiorum,
809 2766 952 2831 Sisinnio
974 2772 1125 2850 praetore
1149 2769 1258 2836 'Phra-

71 2895 139 2958 cae,
163 2876 278 2941 Niceta
292 2874 469 2940 domestico
485 2873 665 2940 scholarum
688 2881 719 2937 ct
741 2872 951 2939 Constantino
973 2876 1098 2956 Bohila,
1123 2877 1256 2946 iactans

71 2985 249 3050 liberaliter
265 2985 431 3068 hypatian.
476 3002 586 3048 mense
608 3003 685 3049 uero
701 2983 786 3048 Maio
809 2984 969 3050 infirmata
991 2992 1040 3050 cst
1055 2985 1254 3069 imperatrix
1271 3005 1302 3055 25

70 3113 175 3177 paene
197 3093 239 3157 ad
262 3099 396 3157 mortem
425 3099 457 3156 et
478 3096 628 3175 protenta
649 3100 698 3157 est
726 3093 887 3157 contentio
917 3095 1136 3159 eunuchorum
1160 3096 1250 3162 Aetii

69 3207 102 3266 et
123 3201 293 3266 Stauracii.
337 3199 449 3265 Aetius
478 3206 584 3264 autem
615 3199 792 3268 auxiliatus
821 3211 871 3269 est
891 3204 1025 3269 Nicetac
1048 3203 1186 3287 patricio
1216 3214 1252 3272 et

68 3309 250 3377 scholarum
274 3307 448 3375 domestico
471 3314 503 3374 et
524 3308 712 3375 insecuntur
734 3331 846 3378 seuere
871 3313 1087 3394 stauracium,
1111 3313 1252 3383 credere

77 3514 332 3526 --—-——-
358 3517 364 3521 .

136 3665 194 3714 tet
210 3663 226 3713 t
245 3658 314 3713 etrus
330 3658 357 3712 ‚h
416 3641 641 3729 auipnmcrunt
658 3661 685 3716 Ι)
753 3661 897 3716 meratius
912 3664 938 3718 D
1007 3669 1066 3718 set
1087 3669 1115 3718 16
1133 3664 1249 3722 herrene

68 3752 95 3810 1>
147 3751 406 3807 Shahrhlmeth
484 3759 512 3808 10
531 3754 676 3810 ltabrhsI)
748 3759 777 3808 tt
795 3754 942 3825 beltrtrel)
993 3757 1039 3823 ab]
1059 3757 1139 3812 adl)
1214 3765 1243 3812 17

61 3845 278 3913 serantaprchum
296 3842 350 3897 BP
365 3843 536 3908 Arrastasius,
555 3845 741 3918 Theophanes,
762 3846 1087 3917 Thellcracontapcchum
1105 3854 1128 3902 ‘e
1146 3849 1245 3905 Frau-

61 3941 128 3996 cr'scr'
143 3936 252 3992 Pithoer‘
268 3936 347 3990 libro'
367 3935 541 4007 Bonqarsius
574 3939 624 3992 sed
648 3945 678 3993 ut
706 3937 774 3992 milri
791 3939 901 3993 uidetur
918 3941 952 3995 ab
970 3943 1030 4012 ipm
1053 3943 1242 4011 cxccqitotam

60 4039 86 4088 et
103 4030 199 4087 omli
257 4015 483 4097 theophrlcccih
569 4035 595 4084 21
619 4036 781 4100 tectaqun
799 4032 867 4101 tfur't
884 4032 916 4089 &r
935 4034 996 4088 al)
1098 4039 1130 4087 23
1150 4040 1242 4088 trace-

60 4108 173 4183 [10th
224 4121 360 4199 thraces)
445 4125 477 4176 24
495 4129 522 4176 et
539 4127 571 4177 28
590 4104 694 4179 lcolsrh
711 4124 748 4196 D}
828 4128 860 4179 tt
879 4124 971 4179 botulo
989 4129 1015 4186 (o
1034 4144 1103 4181 corr.
1123 4128 1150 4178 ιἰι
1169 4142 1193 4179 ar
1215 4128 1244 4182 Ι)

62 4224 94 4274 lh
113 4214 277 4289 hrpatrauD
345 4218 378 4269 26
395 4214 525 4283 poenal)
585 4199 743 4273 eunuehcrti
760 4222 896 4274 contentio
917 4217 948 4271 θ’
1024 4224 1070 4272 ctu
1089 4219 1122 4282 h,
1141 4219 1243 4274 detrude

59 4311 84 4366 ἀ
103 4313 222 4366 tramam
239 4326 288 4364 cm.
310 4307 335 4363 Ι)
406 4310 437 4360 at
456 4306 564 4373 Aetius]
581 4308 631 4363 All
645 4307 673 4365 D
