2834 5394
538 679 610 727 cnr.
634 679 817 727 xvrrr-xxr
1197 670 1257 732 573

85 835 189 900 uirum
212 834 384 899 zelatorem
406 838 439 897 et
459 830 748 914 religiosissimum,
783 832 838 914 qui
863 839 896 897 et
917 831 1172 899 Thessalonicae
1194 855 1259 900 ma·

82 965 167 1030 gnae
191 943 331 1010 ciuitatis
353 962 437 1028 quac
459 949 508 1008 est
529 942 564 1006 in
578 941 708 1027 illyrico
731 942 833 1009 factus
856 941 1118 1029 archiepiscopus
1134 944 1257 1014 claruit.

168 1057 297 1121 Interea
318 1061 441 1119 mortuo
463 1051 576 1137 Moyse
596 1052 632 1117 fit
653 1052 795 1117 Arabum
826 1051 892 1118 dux
919 1054 1018 1118 frater
1046 1055 1114 1121 eius
1137 1055 1256 1139 Aaron,

84 1168 138 1251 qui
168 1165 285 1250 uiginti
313 1172 345 1230 ct
373 1164 476 1230 tribus
505 1164 552 1230 cis
582 1163 722 1248 praefuit
751 1164 846 1229 annis
876 1172 907 1229 et
937 1164 1038 1229 multa
1060 1164 1255 1234 Christianis

50 1297 68 1344 a
84 1276 225 1344 ostendit
247 1275 342 1341 mala.

169 1388 262 1453 Anno
292 1385 421 1470 imperii
448 1385 498 1451 sui
526 1392 617 1450 sexto
639 1384 802 1450 mittentes
824 1383 1035 1468 imperatores
1057 1404 1255 1454 conuocaue·
1276 1385 1343 1451 XX

84 1506 158 1564 runt
180 1518 292 1564 ornnes
315 1497 369 1581 qui
392 1495 451 1561 sub
474 1514 584 1561 eorum
607 1501 698 1559 erant
713 1499 873 1578 potestate
888 1494 1050 1562 antistites
1065 1497 1257 1580 peruenian-

82 1609 169 1674 tibus
197 1626 324 1693 quoque
352 1625 373 1670 a
394 1607 497 1670 Roma
524 1604 725 1670 transmissis
748 1603 789 1668 ab
811 1604 978 1669 Hadriano
1007 1606 1126 1672 litteris
1149 1614 1181 1673 et
1201 1607 1257 1673 ho·

83 1717 225 1783 minibus
257 1724 292 1782 ut
323 1715 543 1802 praediximus
585 1720 617 1778 et
649 1714 690 1778 ab
724 1713 898 1779 Antiochia
930 1722 962 1781 et
993 1715 1193 1783 Alexandria
1225 1726 1257 1785 ct

33 1846 67 1894 ro
84 1828 222 1913 septimo
245 1827 317 1893 idus
344 1826 481 1910 Augusti
504 1843 608 1890 nonae
629 1822 815 1890 indictionis
840 1824 1064 1909 praesidentes
1086 1827 1255 1914 intemplo
1351 1816 1355 1823 ’

84 1944 267 2004 sanctorum
287 1937 506 2022 apostolorum
529 1933 615 2019 apud
638 1935 760 2017 regiam
783 1934 895 2000 urbenr
924 1944 1098 2021 coeperunt
1126 1946 1256 2006 sanctas

84 2048 259 2132 scripturas
282 2048 425 2130 relegere
447 2052 479 2111 et
501 2045 628 2111 obicere
656 2045 690 2108 in
719 2046 820 2110 uicem
848 2045 1097 2131 imperatoribus
1126 2069 1147 2113 a
1171 2056 1256 2115 catc-

83 2156 250 2224 cbumenis
271 2155 553 2242 prospicientibus.
583 2161 634 2220 ast
655 2156 794 2240 populus
818 2155 1049 2222 scholariorum
1072 2164 1104 2222 et
1125 2159 1255 2224 excubi-

83 2274 172 2332 tuum
195 2275 292 2350 atque
315 2267 463 2333 ordinum
486 2273 662 2331 ceterorum
685 2265 813 2331 accensi
835 2287 856 2330 a
877 2266 1079 2353 principibus
1095 2269 1162 2334 suis
1184 2288 1255 2334 curn

37 2378 242 2444 rehaberent
268 2377 374 2442 adltuc
403 2384 435 2444 et
463 2377 683 2460 magisterium
716 2395 843 2461 quoque
871 2396 1009 2462 nequam
1032 2377 1172 2446 doctoris
1195 2379 1254 2462 sui,

82 2487 254 2555 denudatis
276 2488 395 2572 gladiis
417 2488 580 2554 irruerunt
607 2487 641 2551 in
669 2507 724 2553 cos
761 2487 948 2554 minitantes
975 2488 1169 2556 mortificare
1189 2497 1256 2556 tarn

81 2620 240 2664 summum
263 2599 463 2664 sacerdotem
492 2619 588 2683 quam
622 2596 826 2680 orthodoxos,
865 2598 1036 2682 episcopos
1070 2600 1192 2666 scilicet
1224 2608 1257 2666 et

83 2709 228 2776 abbates.
274 2709 408 2793 imperio
432 2728 509 2773 uero
531 2727 590 2792 per
611 2708 801 2773 assistentes
825 2707 885 2772 sibi
908 2708 1085 2775 familiares
1108 2707 1255 2776 homines

83 2819 142 2885 hos
167 2818 282 2885 sedare
305 2820 426 2884 nitente
455 2839 522 2884 non
544 2818 783 2902 acquieuerunt‚
814 2817 892 2901 quin
914 2818 1020 2901 potius
1043 2819 1255 2903 exprobraue·

34 2951 67 3000 ao
83 2936 165 2993 runt.
210 2949 281 2994 curn
304 2937 412 2994 autem
435 2928 619 3014 patriarcba
640 2927 834 2994 surrexisset
863 2932 895 2992 et
921 2927 1061 2993 tribunal
1090 2948 1160 2992 cum
1190 2928 1256 3013 epi-

83 3040 189 3124 scopis
218 3047 250 3104 et
278 3040 445 3106 monachis
474 3039 589 3105 luisset
617 3039 792 3121 ingressus,
830 3038 864 3102 bi
894 3039 948 3122 qui
976 3039 1111 3123 maligni
1140 3059 1255 3106 sensus

82 3168 192 3214 eorum
214 3157 306 3215 erant
328 3150 484 3235 episcopi,
514 3150 662 3216 exierunt
683 3147 727 3213 acl
749 3167 805 3213 eos
828 3149 1005 3214 clamantes
1028 3155 1125 3234 atque
1147 3148 1256 3215 dicen·

81 3267 129 3325 tes
153 3259 315 3325 ‘uicimus’
353 3268 384 3326 et
406 3260 513 3344 gratia
535 3260 587 3325 dei
610 3259 732 3325 nemini
754 3264 931 3323 nocuerunt
952 3259 1064 3323 furiosi
1086 3259 1135 3323 illi
1157 3267 1189 3324 et
1209 3261 1255 3325 in-

81 3368 224 3435 humani.
280 3376 312 3435 et
342 3371 451 3436 taliter
485 3370 643 3437 dissoluta
675 3369 800 3454 synodo
838 3367 918 3432 abiit
940 3390 1022 3435 unus
1045 3369 1181 3453 quisque
1212 3368 1255 3435 ad

33 3495 67 3545 25
83 3481 223 3565 propria.

166 3591 260 3655 Anno
282 3590 409 3673 imperii
432 3591 483 3657 sui
505 3591 640 3676 septimo
662 3590 761 3656 misso
784 3589 903 3654 Eirene
925 3589 1093 3655 Stauracio
1116 3590 1250 3675 patricio
1272 3588 1357 3656 XXI

81 3709 112 3766 et
133 3700 299 3784 logotheta
320 3701 354 3764 in
377 3701 536 3766 Thracem
559 3720 671 3767 mense
694 3700 897 3786 Septembrio
926 3699 1017 3764 initio
1040 3699 1187 3767 decimae
1208 3702 1254 3767 in·

80 3810 230 3877 dictionis
259 3810 302 3876 ad
331 3810 484 3876 ulteriora
506 3809 650 3875 themata
670 3810 833 3895 persuasit
855 3811 903 3876 eis
932 3809 995 3876 sibi
1025 3811 1190 3894 cooperari
1224 3818 1256 3875 et

81 3920 244 4004 depellere
277 3920 318 3984 ab
353 3920 432 3985 urbe
465 3920 599 4005 impium
631 3921 785 4005 populum
815 3940 910 4004 quem
932 3919 1149 4003 nequissimus
1173 3919 1253 3984 Con-

30 4030 243 4096 costantinus
265 4030 460 4097 instruxerat
482 4037 514 4095 et
547 4029 718 4097 erudierat.
763 4038 795 4096 et
826 4049 898 4093 curn
932 4048 967 4095 se
1000 4029 1138 4112 fingeret
1169 4028 1255 4113 quod

80 4139 255 4206 exercitum
287 4146 389 4206 totum
421 4147 547 4206 motura
579 4148 665 4207 esset
699 4143 732 4206 in
766 4141 939 4207 orientales
970 4146 1080 4225 partes
1106 4159 1144 4205 eo
1167 4137 1255 4223 quod

150 4355 388 4410 lthelalonrcell
458 4353 639 4425 tylbnch
719 4352 882 4409 aharonll
951 4353 1056 4407 5mala
1072 4370 1124 4408 om.
1142 4352 1169 4407 D
1238 4356 1252 4405 7

77 4449 210 4514 potestate
228 4449 347 4504 erantll‘
400 4452 415 4502 8
433 4448 544 4502 adnano
563 4447 597 4512 1),
616 4447 713 4502 deinde
730 4446 792 4501 odd.
811 4463 848 4516 pp
866 4446 901 4513 Ι),
919 4446 1017 4501 deirrde
1034 4447 1062 4499 br
1080 4446 1176 4499 htterri
1187 4450 1254 4516 post

79 4556 176 4594 rccrr.
195 4541 357 4597 exainD
427 4520 573 4612 1011υὲ0
660 4546 688 4594 11
710 4539 882 4611 ceperuntI)
969 4544 999 4594 tn
1019 4537 1255 4594 cathecummrlI)

81 4635 110 4685 13
142 4632 338 4689 icolanoruI)
443 4640 474 4691 11
493 4633 598 4690 accensi
618 4634 768 4691 Gruterus:
803 4634 921 4688 acculatr
948 4631 1002 4688 ΒΡ
1088 4636 1117 4686 19
1136 4631 1252 4700 nitente]

79 4731 200 4781 mittente
219 4726 245 4780 D
356 4731 388 4784 26
406 4727 558 4784 herrenel)
677 4731 710 4782 28
735 4725 893 4796 coopenD
987 4730 1020 4780 30
1048 4725 1084 4795 qd
1109 4730 1256 4780 exercrtum

77 4825 181 4874 motum
198 4820 348 4876 moturaD
