2834 5394
558 740 630 788 cm».
653 741 809 787 xv-xvu
1250 730 1290 792 87

168 884 291 972 srmpitea
309 892 364 959 sub
386 893 459 976 ipsa
481 897 515 957 ut
537 892 663 959 adsolet
685 892 900 959 declinatione
916 894 1097 961 morborum
1112 896 1194 962 forto
1208 897 1290 963 cele·

170 1001 287 1083 tamna,
310 1003 419 1088 procul
448 1001 548 1068 dubio
579 1002 643 1069 sibi
672 1003 724 1070 dis
760 1011 791 1067 ct
818 1005 934 1071 ritibus
963 1006 1030 1073 suis
1058 1006 1210 1072 reductae
1239 1028 1288 1073 sa·

166 1110 246 1176 nitads
265 1114 390 1197 gloriam
419 1112 650 1180 uindicasscnt.
695 1114 792 1197 igitur
820 1115 942 1180 Fabius
971 1118 1084 1181 consul
1119 1117 1152 1183 in
1193 1116 1288 1182 Celti·

165 1220 229 1286 beria
244 1231 338 1289 eontm
352 1224 527 1291 Lusitanos
550 1232 581 1289 ct
596 1224 751 1289 Viriatum
776 1224 934 1290 dimicans
957 1226 1107 1290 Bacciam
1133 1226 1288 1311 oppidum

139 1331 220 1415 aqum
232 1332 358 1401 Viriatus
374 1333 561 1414 obsessum,
585 1333 729 1419 depulsis
753 1334 901 1400 hostibus
917 1333 1069 1401 liberauit
1090 1341 1122 1401 ct
1143 1337 1177 1400 in
1200 1336 1287 1402 dedi-

160 1440 241 1508 tionem
260 1464 326 1509 eum
348 1444 497 1530 plurimis
519 1444 594 1510 aliis
616 1445 758 1510 castellis
775 1445 905 1528 recepit.
951 1445 1025 1511 iecit
1038 1452 1145 1511 autem
1162 1447 1287 1513 lacinus

157 1553 221 1618 etiam
240 1556 356 1621 ultimis
386 1554 533 1620 barbaris
556 1555 707 1639 Scythiae
737 1575 802 1618 non
831 1554 934 1618 dicam
958 1558 1124 1623 Romanae
1154 1556 1230 1623 fidei
1257 1565 1289 1623 et

155 1662 331 1739 moderationi
358 1664 552 1730 execrabile.
597 1665 781 1748 quingentis
815 1665 900 1729 euim
934 1665 1134 1751 principibus
1168 1687 1288 1748 cornui,

154 1792 207 1855 quos
224 1775 373 1840 societate
395 1775 549 1840 inuitatos
572 1773 746 1841 deditionis
764 1775 832 1839 iura
848 1783 1044 1858 susceperat,
1068 1797 1183 1843 manus
1198 1798 1289 1861 prae·

123 1882 209 1950 recidit.

206 1995 338 2073 Quintus
355 1995 527 2080 Pompeius
550 1995 715 2078 sequentis
739 1994 816 2058 anni
840 1994 953 2059 consul
976 1994 1057 2060 fines
1079 1995 1289 2061 Numantino·
1311 1989 1406 2056 XVII

152 2122 197 2168 mn
211 2106 383 2190 ingressus,
405 2112 539 2190 accepta
561 2106 701 2169 maxima
724 2103 817 2169 clade
839 2104 991 2171 discessit
1012 2125 1077 2170 non
1104 2107 1208 2172 solum
1238 2125 1291 2172 ex·

153 2216 220 2280 craias
238 2236 342 2301 paene
374 2217 461 2281 omni
489 2213 659 2299 profligato
688 2234 801 2280 uerum
831 2215 928 2279 etiam
951 2215 1100 2301 plurimis
1123 2215 1289 2296 nobilium,

151 2325 188 2405 qui
203 2327 228 2392 ei
247 2327 383 2391 militiae
404 2325 549 2405 aderant,
573 2325 782 2409 interemptis.
827 2324 971 2392 Viriatus
995 2334 1102 2391 autem
1132 2345 1204 2390 cum
1232 2345 1291 2411 per

123 2435 369 2515 ¹⁵qnmn0rdeci1n
402 2455 504 2501 annos
526 2437 687 2501 Romanos
721 2435 819 2502 duces
850 2442 947 2520 atque
974 2437 1149 2501 exercitum
1177 2436 1290 2520 protri-

150 2543 230 2629 uisset,
261 2545 391 2613 insidiis
425 2565 554 2610 suorum
587 2546 773 2611 interiectus
807 2552 857 2611 est
886 2548 919 2612 in
947 2546 1008 2611 hoc
1037 2547 1105 2612 solo
1134 2547 1289 2613 Romanis

150 2652 207 2719 drea
225 2677 294 2723 eum
318 2657 440 2721 sortiter
474 2655 644 2739 agentibus
683 2654 769 2739 quod
799 2676 1008 2740 percussores
1038 2658 1109 2723 eius
1137 2655 1290 2740 indignos

149 2768 258 2846 praemio
297 2766 480 2832 iudicarunt
520 2764 682 2849 dieentes>
724 2787 898 2849 numquam
933 2766 1088 2833 Romanis
1128 2767 1290 2849 placuisse

150 2873 326 2959 imperatores
347 2897 369 2942 a
390 2877 459 2942 suis
481 2876 635 2942 militibus
658 2877 804 2941 interfici.

119 2984 140 3033 ²⁰
209 2986 263 3071 <At
293 3008 354 3071 ego
382 3007 446 3051 non
476 2985 570 3050 modo
601 3005 685 3051 nuno
713 3006 824 3051 uerum
848 2986 944 3052 etiam
968 3004 1067 3069 saepe
1096 2985 1291 3051 intertexere

148 3089 257 3165 Orientis
288 3100 347 3163 illa
375 3096 571 3163 execrabilia
599 3097 686 3161 bella
716 3104 875 3180 poteram,
911 3114 994 3180 quae
1029 3116 1102 3160 raro
1138 3116 1290 3180 umquam

147 3203 190 3269 uisi
207 3208 377 3274 sceleribus
400 3215 455 3273 aut
477 3207 634 3290 incipiunt
655 3214 711 3270 aut
724 3209 945 3271 terminantur.
990 3205 1048 3272 sed
1063 3208 1290 3288 Romanorum,

147 3329 195 3380 uu
223 3319 336 3402 quibus
369 3317 464 3384 nobis
497 3318 580 3382 actio
613 3323 678 3398 est,
713 3323 804 3381 tauta
834 3323 908 3382 sunt
936 3325 970 3381 ut
993 3317 1062 3381 iure
1086 3315 1292 3382 fastidiantur

148 3424 236 3494 aliena.
279 3427 481 3495 Mithridates
514 3435 589 3492 tunc
612 3428 640 3492 si
660 3426 790 3510 quidem
813 3447 870 3491 rcx
892 3426 1083 3491 Parthorum
1111 3433 1222 3492 sextus
1249 3426 1291 3490 ab

117 3534 247 3621 almos,
279 3540 365 3604 uicto
395 3538 552 3603 Demetrii
581 3538 746 3621 praelecto
775 3537 973 3621 babylonem
1006 3537 1117 3602 urbem
1146 3536 1293 3619 tinesque

147 3644 195 3714 eius
214 3651 380 3715 uniuersos
410 3649 512 3713 uictor
539 3647 668 3713 inuasit.
714 3667 826 3712 omnes
860 3654 1030 3730 practerea
1062 3653 1176 3730 gentes
1209 3664 1293 3730 quae

194 3849 400 3920 iheruspmesl)
450 3855 481 3903 ut
498 3850 554 3902 asso
571 3847 641 3902 sorte
662 3848 839 3902 celebrassent
856 3849 962 3902 arnissis
977 3846 1126 3918 reliquae
1180 3846 1294 3903 ansol)

145 3940 241 3998 tuum
256 3943 377 3998 metellus
394 3942 486 3996 consul
504 3940 558 3995 IlP
625 3942 754 3994 lbacera
773 3940 799 3993 l)
856 3946 979 3995 darrtem
997 3958 1048 3994 om.
1068 3941 1094 3994 l)
1170 3938 1293 3993 Smode-

144 4037 265 4093 rational)
333 4033 533 4091 bmurtatrsl)
587 4039 616 4087 13
636 4033 766 4102 poenes)
834 4032 1295 4102 20—90‚10<>I):eotemp0re

143 4138 197 4199 unq
213 4147 278 4200 puer
301 4146 335 4185 ex
359 4130 458 4184 ancilla
474 4129 555 4183 natus
572 4128 609 4181 est
625 4142 628 4165 ¹
645 4126 798 4195 quadrupes
814 4126 1005 4195 quadnmanus
1021 4151 1026 4161 ·
1041 4126 1127 4179 ocuhs
1142 4128 1270 4193 quattuor
1288 4120 1293 4188 Ι

142 4223 232 4277 untur
245 4223 372 4280 totidem·
386 4227 510 4276 naturam
527 4221 631 4275 uirilem
650 4219 786 4287 duplicem
801 4226 804 4257 ¹
821 4220 934 4273 habens·
946 4236 972 4272 m
983 4219 1138 4272 bonomenh
1148 4232 1211 4286 agro
1225 4215 1294 4271 ¹fru-

142 4316 175 4379 ιιι
187 4334 213 4369 m
229 4319 294 4373 arbo
310 4320 315 4383 Ι
330 4316 407 4370 ribus
423 4322 485 4369 nate
504 4315 581 4368 lunt·
602 4315 713 4382 qmntus
728 4315 869 4381 pompeius
892 4312 989 4366 demde
1006 4328 1058 4365 con
1074 4321 1077 4369 ῑ
1094 4311 1132 4364 sul
1151 4326 1167 4363 a
1184 4325 1295 4364 numen·

137 4409 187 4464 bnis
205 4428 255 4481 quq
278 4412 401 4480 hispanie
424 4408 476 4462 furt
499 4408 596 4476 opulcn
611 4409 615 4477 Ι
631 4407 732 4460 tissime
757 4408 896 4474 superatus
912 4420 1006 4474 pacem
1030 4404 1173 4473 ignobilem
1196 4402 1293 4471 feeit!

134 4499 184 4558 Post
200 4521 259 4560 eum
283 4504 363 4574 genus
383 4503 506 4556 hostibus
522 4502 663 4555 manemus
679 4500 770 4554 consul
786 4504 790 4563 Ι
806 4505 903 4552 iterum
927 4515 987 4553 cram
1013 4498 1178 4551 numantrnrs
1202 4511 1295 4564 pacem

133 4592 186 4651 lecit
202 4615 229 4652 m
263 4596 362 4653 samem
380 4610 461 4664 quam
478 4593 632 4663 populus&
651 4595 757 4648 senatus
772 4593 846 4646 rusht
862 4594 865 4658 Ι
881 4592 1006 4660 infringi·
1018 4597 1100 4660 atque
1117 4592 1202 4659 ipsum
1220 4607 1295 4645 man-

129 4703 209 4745 cinum
225 4691 363 4745 hostibus·
380 4687 451 4742 tradi
473 4713 477 4723 ·
499 4693 530 4742 ut
553 4699 581 4740 m
608 4687 653 4741 rllo
672 4688 746 4754 quasi
766 4691 902 4740 arretorem
920 4684 1053 4749 foederis!
1069 4684 1254 4739 mndrcarent·
1281 4685 1293 4754 Η

128 4797 232 4855 eumque
259 4800 308 4854 per
332 4783 477 4838 continuos
500 4782 586 4836 annos
606 4796 671 4848 xmp
697 4779 884 4834 contutimus
907 4773 938 4833 il
959 4794 1129 4833 romanorum
1156 4779 1295 4848 protumi-

126 4874 189 4929 seut·
215 4877 264 4932 ’Β
331 4880 365 4931 20
383 4873 492 4944 ergcl)
562 4879 589 4927 21
612 4873 758 4927 execrabrh
777 4872 909 4926 abellall
978 4876 1010 4926 24
1028 4871 1220 4926 mitridatesl)
