3142 5056
281 300 342 361 654
673 315 779 362 rubnx
803 313 1044 362 cuarrvnouvu

280 477 370 516 sarum
394 461 524 516 aduersus
547 477 576 516 se
599 467 692 517 mutuo
711 462 837 526 directae,
922 467 955 516 29
991 461 1126 517 Theodori
1160 463 1274 518 uictoria
1309 463 1343 518 de
1381 451 1457 520 Saia.

280 555 336 608 sine
353 569 444 624 pugna
461 554 614 620 discedunt,
646 555 839 624 Heracliusque
889 553 1015 609 Cbosrois
1032 555 1074 608 ira
1090 555 1221 609 aduersus
1238 555 1311 620 Sain,
1328 559 1358 611 in
1377 559 1458 613 cuius
1535 589 1538 596 ·

278 648 364 717 pergit
382 647 598 716 perArmeniam,
616 649 683 703 lines
694 648 838 703 Persarum
888 649 987 702 mortui
1007 663 1105 716 corpus
1124 648 1204 702 ctiam
1221 650 1313 703 saeuit

278 741 421 794 transiens.
924 744 957 794 3⁰
992 741 1155 794 cazarorum
1181 757 1241 794 cum
1259 749 1386 810 praetore
1403 759 1456 799 suo

312 838 345 888 23
379 833 519 888 Heraclius
546 833 722 888 Sarbaraaam
757 840 840 889 noctu
891 833 995 887 Zihebil
1011 833 1040 887 in
1056 832 1194 888 Persidem
1217 835 1336 904 irmptio.
1373 837 1456 892 Zibo-

278 942 312 982 ex
346 927 492 996 improuiso
519 927 670 996 aggreditur
710 927 839 983 Sarbara·
891 925 929 980 bil
938 925 1092 980 Heraclium
1103 927 1268 994 complexus,
1283 927 1382 982 adorat
1390 945 1456 984 cum

278 1034 378 1088 easque
395 1019 442 1074 uix
459 1019 547 1074 nudus
564 1020 629 1090 iuga
646 1021 768 1076 elabitur.
785 1021 839 1076 He·
890 1023 949 1074 tota
957 1017 1134 1082 multitudine,
1152 1019 1265 1088 eiquein
1275 1021 1456 1090 auxiliaque·

278 1113 378 1167 raclius
401 1112 454 1166 bac
477 1114 593 1168 uictoria
626 1114 712 1169 laetus
735 1115 763 1168 in
788 1114 840 1168 illis
891 1110 1014 1180 draginta
1024 1111 1225 1166 miliauirorum
1239 1113 1373 1182 relinquit.
1393 1115 1455 1184 qui-

277 1205 343 1260 locis
361 1205 468 1260 hiemat.
890 1203 942 1258 bus
961 1203 1079 1272 acceptis
1097 1205 1243 1274 imperator
1261 1207 1455 1263 contraChos-

311 1301 344 1352 li
368 1298 509 1352 Heraclius
528 1297 719 1354 deliberatione
745 1301 838 1356 habita
889 1309 954 1352 roca
972 1296 1150 1364 progreditur.

276 1390 304 1444 in
322 1389 425 1460 Syriam
442 1405 490 1460 per
505 1391 625 1446 Taurum
642 1393 746 1447 transit.
773 1410 838 1449 uen·
924 1394 953 1443 31
984 1389 1136 1444 Chalcedon
1151 1389 1253 1445 frustra
1270 1391 1456 1448 aSarbaraza

276 1488 334 1537 tum
362 1483 397 1538 ad
423 1483 529 1551 Tigrin,
556 1499 642 1552 eoque
664 1492 838 1552 transmeato,
889 1482 1009 1536 obsessa.
1037 1482 1093 1536 eius
1103 1483 1273 1538 auxiliatores
1282 1487 1387 1538 Anares
1406 1502 1455 1540 su·

277 1576 480 1646 Martyropolim
498 1583 525 1630 et
545 1577 685 1642 Amidam,
711 1581 758 1635 ubi
777 1583 835 1650 qui·
888 1574 977 1643 parati
1011 1575 1118 1630 domum
1142 1576 1269 1630 redeunt:
1304 1578 1363 1644 ipse
1397 1578 1455 1634 illic

277 1670 333 1724 enit
350 1670 491 1724 exercitus.
889 1667 997 1732 hiemat,
1010 1668 1144 1722 hostiliter
1153 1669 1266 1724 subinde
1275 1671 1455 1726 excurrendo.

311 1766 342 1817 25
378 1763 543 1816 Serbarazes
560 1777 624 1818 suas
642 1765 734 1834 copiqs
752 1767 837 1822 recol.
923 1765 955 1814 32
990 1759 1132 1814 Heraclius
1169 1777 1230 1814 cum
1261 1761 1357 1817 Turcis
1393 1763 1455 1818 siue

275 1855 332 1924 ligia
372 1855 513 1923 denuoque
538 1855 665 1911 inuadere
699 1858 836 1915 Romanos
889 1851 997 1906 Cazaris
1014 1853 1151 1920 inopinate
1161 1853 1298 1908 Persidem
1313 1855 1456 1924 ingressus

276 1955 362 2018 parat.
397 1948 538 2002 Heraclius
564 1949 729 2018 Euphratem
753 1959 835 2020 ponte
888 1944 1026 2000 chosroen
1043 1951 1182 2015 perterret.
1218 1947 1301 2001 Turci
1315 1950 1453 2004 auxiliarii

277 2057 294 2094 a
311 2041 463 2094 Sarbaraaa
489 2041 579 2095 ablato
609 2051 699 2096 meatu
722 2045 832 2101 inuento
886 2037 1022 2106 paullatim
1038 2037 1165 2092 diffluunt
1182 2045 1209 2092 el
1223 2047 1406 2096 reuertuntur.

276 2133 380 2198 transit,
410 2134 537 2202 uenitque
564 2135 598 2188 ad
616 2151 720 2190 amnem
739 2137 833 2202 Saron,
920 2134 951 2184 ³³
987 2129 1104 2184 haales
1122 2137 1231 2200 praetor
1248 2133 1377 2188 Musteus
1396 2136 1455 2190 He·
1552 2203 1553 2208 ἵ

276 2241 329 2296 quo
357 2227 471 2280 transito
501 2229 648 2282 exercitum
673 2230 773 2296 reficit,
798 2233 835 2286 ibi
886 2223 997 2277 faelium
1015 2223 1119 2278 missus-
1154 2225 1300 2292 inperator
1313 2229 1455 2296 progredi·

276 2319 373 2374 castris
390 2320 504 2374 metatis.
885 2321 931 2370 tur
958 2317 1082 2371 ciuitates
1111 2323 1138 2370 et
1173 2319 1283 2372 castella
1315 2321 1455 2375 uastando

310 2417 342 2466 26
378 2411 561 2468 Romanorum
584 2430 633 2482 per
649 2421 757 2484 pontem
775 2417 836 2472 sari
887 2409 1037 2477 multosque
1051 2409 1193 2464 Persarum
1212 2411 1357 2466 caedendo.
1384 2431 1457 2468 ucu-

275 2505 419 2560 inordinati
437 2521 583 2572 excursus,
608 2515 703 2562 contra
720 2510 835 2578 impara-
887 2507 943 2556 lum
970 2502 996 2556 in
1021 2503 1153 2570 1⁰Hi⁰¹¹01¹¹
1187 2504 1326 2559 (damaim
1360 2507 1456 2578 ibique

274 2600 340 2654 toris
358 2599 468 2664 iussum,
503 2600 548 2668 qui
565 2600 625 2655 ideo
650 2616 683 2655 ex
700 2602 836 2657 insidiisq
887 2595 1019 2648 exarchus
1029 2594 1204 2650 refocillatus.
1221 2597 1457 2670 Raaatesatergo

274 2692 363 2746 Persis
382 2692 450 2745 male
464 2692 577 2746 multati.
596 2694 763 2762 imperatoris
780 2695 834 2750 ior·
886 2687 1023 2742 Romanos
1041 2689 1219 2757 persequitur.

275 2784 374 2838 titudo:
394 2799 410 2838 a
428 2800 480 2852 quo
500 2785 607 2840 barbari
625 2788 733 2854 repulsi.
920 2786 953 2834 34
996 2781 1141 2849 imperator
1179 2785 1293 2838 transito
1340 2786 1458 2844 flumine

309 2881 340 2930 at
377 2876 493 2931 Heraclii
517 2879 660 2932 strenuitas
683 2879 711 2933 in
737 2897 834 2950 pugna,
885 2875 961 2928 Zaba
1003 2874 1038 2927 ad
1073 2873 1190 2956 Niniuen
1232 2885 1323 2931 castra
1358 2883 1455 2948 ponit:

275 2971 353 3024 etiam
382 2971 434 3040 ipsi
458 2971 531 3024 hosti
556 2971 732 3027 admirationi.
774 2981 836 3042 post
886 2969 984 3022 mansit
1002 2974 1028 3020 et
1040 2968 1162 3035 Razates.
1180 2969 1305 3024 Bahanes
1322 2974 1458 3040 magister

275 3063 428 3118 conflictum
455 3061 575 3117 habitum
602 3071 711 3119 uentum
735 3066 769 3120 ad
788 3067 835 3122 Se·
886 3061 997 3115 militum
1015 3062 1141 3115 uexillum
1159 3061 1269 3118 Raaatis
1287 3072 1314 3118 et
1332 3070 1457 3122 nonnul-

274 3157 397 3220 hastiam,
416 3163 443 3210 et
461 3171 521 3208 cum
532 3155 602 3210 Aion
618 3155 729 3212 fluuium
747 3165 835 3214 trans·
886 3153 927 3208 los
945 3155 1067 3223 captiuos
1085 3154 1120 3208 ad
1129 3155 1315 3224 imperatorem
1328 3160 1448 3216 adducit

274 3255 408 3302 meassent
425 3247 556 3309 Romani,
575 3248 637 3302 laeti
660 3249 689 3302 in
716 3250 834 3306 bibernis
920 3251 951 3299 35
987 3249 1116 3315 proelium
1138 3265 1199 3303 cum
1217 3249 1327 3304 liaaate.
1364 3254 1457 3309 Hera-

274 3341 455 3395 demorantur.
499 3339 625 3395 Ohosroia
658 3343 763 3408 rabies,
790 3345 836 3414 qui
886 3339 930 3393 clii
947 3339 1076 3394 fortitudo
1096 3350 1122 3395 et
1131 3341 1241 3410 insignis
1251 3345 1374 3410 uictoria,
1396 3347 1456 3402 Ha·
1550 3347 1551 3350 ’

274 3433 441 3487 Christianos
464 3433 515 3486 sibi
532 3434 667 3488 subiectos
685 3436 720 3490 ad
738 3437 835 3492 Nesto·
886 3441 946 3487 nate
963 3433 1021 3502 ipso
1040 3433 1067 3486 in
1084 3451 1176 3504 pugna
1193 3437 1304 3492 deiecto.

272 3529 427 3582 rianismum
445 3527 522 3593 cogit.
921 3531 953 3581 36
989 3526 1104 3580 Romani
1130 3530 1226 3584 eximia
1243 3533 1329 3599 spolia
1357 3535 1460 3603 legunt

308 3625 340 3675 28
376 3620 508 3674 Cbosroas
534 3634 619 3672 nouas
638 3621 729 3689 copias
753 3623 833 3676 mittit
884 3619 917 3672 de
934 3619 1031 3673 Persia.
1052 3621 1198 3688 imperator
1216 3624 1347 3681 aduersus
1363 3629 1458 3684 Chos-

273 3716 403 3769 aduersus
422 3711 582 3776 Heraclium,
601 3719 677 3781 parte
695 3713 759 3769 Sain
777 3723 832 3768 tra·
882 3727 947 3767 roan
966 3713 1110 3766 contendit

273 3807 341 3862 dita:
369 3807 420 3862 alio
449 3805 566 3860 exercitu
594 3821 655 3860 curn
682 3805 834 3860 Sarbaraza
918 3810 948 3858 37
985 3805 1083 3860 Niniue
1112 3815 1192 3876 capta
1218 3811 1252 3864 ab
1277 3811 1459 3880 imperatore.
1549 3773 1550 3830 i

274 3909 368 3955 contra
386 3898 644 3966 Constantinopolim
662 3899 750 3954 misso.
778 3901 832 3954 He·
884 3899 1013 3967 Georgius
1039 3901 1185 3956 abeodem
1209 3904 1305 3958 missus
1330 3905 1365 3959 ad
1386 3912 1458 3964 reti-

272 3994 371 4048 raclius
399 4005 428 4045 re
446 3991 552 4058 cognita
582 3992 727 4044 exercitum
755 4009 832 4047 suurn
884 3991 986 4046 nendos
1017 4001 1113 4062 pontes
1138 3997 1248 4050 minoris
1273 3997 1379 4053 Zaban.
1420 4005 1460 4058 ad

272 4086 300 4139 in
318 4095 373 4140 tres
390 4083 486 4138 diuidit
502 4075 607 4152 ¹partes:
627 4099 681 4138 una
695 4085 730 4138 ad
739 4086 832 4140 urbem
883 4101 951 4154 quos
969 4101 1031 4140 mox
1047 4087 1105 4154 ipse
1123 4088 1263 4143 Heraclius
1287 4095 1461 4160 peruenieus

272 4179 361 4239 missa,
380 4177 466 4231 altera
477 4175 553 4230 fratri
564 4176 705 4232 Theodoro
724 4179 832 4243 tradita,
883 4178 1040 4234 transfretat
1073 4181 1246 4251 exercituque
1271 4183 1374 4240 reiecto
1404 4206 1460 4244 na.

272 4272 351 4326 tertia
368 4271 418 4326 sibi
435 4277 548 4334 retenta,
567 4271 706 4325 aduocatis
721 4271 833 4326 inauxi-
884 4272 996 4326 tiuitatir
1015 4273 1116 4327 Christi
1135 4273 1231 4330 festum
1251 4277 1379 4333 celebrat.

272 4365 335 4418 lium
354 4363 472 4418 Cazaris.
920 4369 952 4418 ³8
987 4365 1118 4422 Razatem
1137 4383 1197 4422 cum
1213 4369 1392 4440 reliquissuis
1408 4393 1460 4432 co-
