2834 5394
197 250 259 313 474
699 261 792 308 nram
813 262 873 308 xxr

197 417 285 482 bium
315 415 348 479 in
377 414 479 479 uicem
510 418 646 495 utraque
673 418 765 493 parte
792 431 878 478 nunc
907 411 1048 496 impulsa
1069 428 1153 475 nunc
1175 409 1379 494 impellente.

197 526 231 592 in
253 525 306 591 his
329 543 404 607 ergo
426 522 605 606 deguerunt
627 520 668 586 ab
690 521 793 606 Aprili
817 541 929 587 mense
951 540 1053 604 usque
1075 517 1119 584 ad
1134 519 1378 603 Septembrium

197 642 231 703 et
251 634 374 701 reuersi
397 633 549 718 Cyzicum
577 638 715 715 pergunt
744 638 775 697 et
803 630 864 696 hac
893 629 1128 715 comprehensa
1154 629 1221 694 illic
1251 628 1378 694 hiema-

197 747 276 812 bant
304 752 336 810 et
362 744 448 809 omni
478 761 554 808 uere
583 740 796 807 ascendentes
825 740 971 807 similiter
999 760 1056 824 per
1078 758 1167 804 mare
1188 738 1377 804 conflictum

198 876 269 923 cnm
285 852 479 920 Christianis
500 850 673 917 habebant.
718 870 776 936 per
798 857 922 936 septem
945 870 1025 917 sane
1046 869 1150 915 annos
1173 848 1224 915 his
1248 848 1405 917 eisdemt

198 965 300 1051 gestis
322 971 354 1029 et
375 962 488 1028 diuina
508 959 626 1045 deique
647 961 821 1045 genetricis
843 980 904 1046 ope
927 959 1131 1025 multitudine
1146 959 1291 1023 uirorum
1306 959 1377 1025 bel·

198 1076 368 1141 licosorum
392 1072 513 1138 amissa
534 1076 567 1137 et
588 1071 812 1136 uulneratione
833 1072 976 1137 maxima
998 1072 1031 1135 in
1054 1071 1102 1136 eis
1116 1068 1231 1135 effecta
1247 1069 1376 1136 confusi

199 1182 323 1251 reuersi
349 1189 423 1249 sunt
451 1201 522 1247 curn
550 1180 673 1264 ingenti
702 1180 875 1247 maestitia.
926 1200 997 1246 cum
1030 1186 1136 1245 autem
1166 1177 1378 1245 discessisset

199 1293 285 1360 idem
306 1291 543 1376 demergendus
564 1310 585 1356 a
606 1290 666 1356 deo
690 1292 801 1371 stolus,
838 1291 881 1355 ab
908 1290 1041 1356 hiemali
1068 1296 1161 1356 aestu
1190 1307 1228 1353 ac
1258 1287 1378 1372 spiritu

199 1404 411 1490 procellarum
438 1404 524 1467 circa
551 1408 661 1486 partes
689 1400 810 1485 Syllaei
839 1400 1121 1486 comprehenditur
1154 1407 1186 1465 et
1215 1398 1377 1464 contritus
1393 1417 1415 1467 n

199 1521 284 1581 totns
306 1512 499 1579 omnimodis
521 1511 627 1597 periit.

284 1623 430 1707 Sophian
452 1629 558 1688 autem
574 1622 659 1687 filius
673 1620 767 1706 Auph
785 1619 945 1687 secundus
968 1621 1066 1686 trater
1080 1618 1240 1684 commisit
1253 1617 1378 1684 bellum

200 1753 272 1799 cum
282 1734 378 1798 Floro
394 1739 427 1797 et
438 1732 577 1797 Patrona
592 1737 624 1796 et
636 1730 799 1817 Cypriane
814 1729 1010 1797 habentibus
1025 1731 1174 1796 uirtutem
1185 1729 1378 1794 Romaicam

200 1851 232 1909 et
254 1841 439 1907 occiduntur
459 1840 601 1905 Arabum
624 1841 756 1925 triginta
777 1840 877 1905 milia.

284 1955 376 2017 Tunc
402 1950 577 2016 Callinicus
605 1949 799 2017 architectus
830 1950 873 2014 ab
901 1950 1063 2035 Heliopoli
1092 1951 1207 2034 Syriae
1235 1947 1280 2012 ad
1310 1950 1376 2014 Ro-
1395 1970 1417 2020 μ

200 2081 313 2127 manos
335 2060 489 2146 profugus
511 2060 599 2125 uenit
627 2060 682 2145 qui
710 2061 834 2126 marino
861 2060 936 2144 igne
962 2060 1106 2126 coniecto
1128 2057 1270 2125 Arabum
1295 2078 1379 2125 uasa

202 2171 326 2237 exussit
347 2177 380 2236 et
397 2190 462 2235 una
483 2189 553 2235 cum
575 2170 771 2236 animalibus
792 2190 925 2256 prorsus
946 2169 1089 2235 incendit
1116 2176 1148 2235 et
1169 2171 1215 2234 ita
1235 2169 1378 2235 Romani

200 2300 271 2347 cum
294 2280 455 2365 triumpho
477 2280 600 2348 reuersi
622 2287 697 2347 sunt
718 2281 794 2365 igne
815 2279 991 2346 adiuuento
1012 2279 1146 2344 marino.

105 2400 182 2467 XVI
286 2391 382 2456 Anno
403 2409 480 2456 uero
502 2390 628 2475 imperii
644 2390 846 2457 Constantini
868 2396 958 2457 sexto
978 2389 1158 2455 Habdallas
1180 2387 1265 2455 filius
1279 2388 1377 2456 Kaisi

202 2508 234 2567 et
255 2500 419 2567 Phadalas
440 2500 547 2567 hieme
569 2500 656 2585 apud
678 2501 806 2567 Cretam
828 2501 944 2566 morati
965 2507 1049 2566 sunt.

286 2612 380 2676 Anno
402 2611 530 2694 imperii
552 2611 755 2677 Constantini
778 2611 915 2694 septimo
927 2612 1076 2697 apparuit
1091 2612 1217 2695 signum
1232 2609 1268 2674 in
1282 2610 1377 2676 eaelo

200 2721 254 2786 die
275 2720 412 2786 sabbati.

285 2830 379 2896 Anno
406 2830 534 2914 imperii
556 2828 759 2896 Constantini
788 2837 900 2896 octauo
929 2831 1015 2896 facta
1041 2837 1090 2896 est
1110 2831 1233 2896 locusta
1255 2850 1378 2914 magna

200 2961 259 3026 per
280 2941 407 3026 Syriam
430 2947 462 3007 et
483 2940 759 3025 Mesopotamiam.

285 3050 380 3115 Anno
412 3050 537 3134 imperii
568 3049 771 3116 Constantini
803 3070 888 3115 nono
919 3050 1057 3135 ingressi
1090 3057 1164 3116 sunt
1192 3050 1375 3116 Mardaitae
1412 3079 1417 3106 ÷

201 3160 360 3225 Libanum
383 3167 416 3225 ct
438 3165 608 3224 tenuerunt
630 3180 650 3224 a
671 3160 781 3224 llauro
804 3167 912 3226 monte
933 3180 1035 3244 usque
1058 3160 1100 3225 ad
1123 3161 1274 3226 Sanctam
1298 3162 1375 3226 ciui·

200 3276 299 3335 tatem
328 3276 361 3335 ct
387 3275 541 3353 ceperunt
567 3269 734 3334 cacumina
754 3270 872 3335 Libani
900 3278 933 3336 et
960 3271 1050 3335 multi
1083 3271 1166 3337 serui
1196 3275 1227 3336 et
1254 3272 1375 3356 captiui

201 3379 323 3466 pariter
344 3386 375 3445 et
396 3377 570 3462 indigenae
590 3380 802 3463 confugerunt
829 3379 872 3445 ad
900 3399 956 3447 eos
983 3381 1030 3445 ita
1058 3388 1092 3446 ut
1120 3381 1152 3446 in
1182 3381 1274 3446 breui
1296 3390 1376 3447 tem·
1409 3413 1416 3435 x

202 3510 280 3576 pore
300 3490 335 3555 in
356 3491 458 3554 multa
478 3489 568 3554 milia
589 3490 712 3555 fierent.
749 3490 865 3574 quibus
887 3491 1058 3574 compertis
1080 3490 1229 3556 Mauhias
1251 3497 1283 3556 et
1301 3510 1375 3557 con-

203 3601 318 3668 siliarii
341 3600 410 3667 eius
431 3600 603 3666 timuerunt
623 3599 721 3666 ualde
742 3601 930 3685 colligentes
952 3599 1038 3684 quod
1066 3600 1236 3687 imperinm
1258 3602 1374 3667 Roma·
1414 3626 1417 3662 ι

268 3830 489 3916 ¹tdrgucruntll
557 3829 640 3900 apnle
658 3826 685 3882 D
752 3830 784 3883 ul
801 3828 880 3884 adD
965 3807 1085 3918 {topicis
1103 3828 1130 3884 D
1190 3831 1261 3884 hanc
1279 3812 1375 3900 obpre-

202 3922 285 3979 henla
302 3925 328 3980 D
413 3923 877 3992 lalcendcnl·l1mrl1terpmanerc
901 3921 1030 3977 conflictu
1048 3921 1106 3987 ΒΡ,
1131 3923 1306 3986 Anastasius,
1325 3939 1375 3976 cnr.

203 4034 241 4073 ex
260 4016 423 4089 Theophane
443 4017 574 4072 Grraetcras
675 4015 828 4069 shabebat
844 4015 871 4070 Ι)
975 4020 1005 4067 10
1023 4014 1094 4084 syller
1112 4015 1139 4070 Ι)
1202 4018 1324 4070 contntrl
1340 4015 1375 4070 θ’

205 4116 233 4164 ll
253 4093 306 4165 crin
323 4110 408 4166 modus
423 4109 545 4179 penrtD
615 4106 774 4162 tanecel)
861 4112 890 4161 15
909 4107 1053 4162 lralhmcul
1068 4107 1095 4162 Ι)
1165 4113 1195 4161 t‘l
1214 4110 1330 4175 ammab3
1350 4108 1377 4163 D

205 4207 236 4257 19
253 4203 339 4257 kahrb
357 4203 383 4257 Ι)
434 4207 465 4257 tt
485 4200 636 4257 labbatoD
696 4205 728 4254 25
745 4200 896 4255 Mardaitst
912 4200 1010 4254 Graeco
1026 4200 1125 4254 usitato
1144 4203 1264 4257 sermone
1281 4201 1374 4272 appel·

203 4295 260 4348 lent
276 4295 374 4349 mrlrtcl'
389 4295 518 4360 manuel,
535 4295 738 4363 Imperatorum
762 4308 854 4363 rogam
877 4308 932 4349 non
955 4294 1120 4362 accipientes
1135 4294 1199 4348 add.
1219 4293 1263 4348 Pu
1341 4299 1375 4349 29

202 4385 342 4440 mahamet
355 4387 382 4441 D
