2834 5394
157 245 221 309 526
648 261 741 309 mum
762 262 849 310 xxm

157 416 240 500 eius,
270 415 398 500 imperii
428 423 461 493 et
488 414 665 500 impietatis
693 414 797 500 ipsius
826 433 994 482 successor
1015 414 1058 482 ab
1080 414 1198 483 eodem
1223 426 1347 502 quarto

157 526 282 595 decimo
304 525 465 594 kalendas
485 525 561 591 Iulii
582 543 689 591 nonae
717 523 904 592 indictionis
932 524 1107 608 usquead
1136 533 1261 593 octauo
1289 525 1348 593 dc-

156 638 241 704 oImo
259 635 424 712 ,luendas
445 635 601 703 Octobres
630 634 937 721 quartaedecimae
965 635 1155 704 indictionis
1183 656 1264 702 oum
1293 657 1345 704 re·

156 754 292 833 gnasset
312 752 345 814 et
365 746 438 833 ipse
458 746 555 814 annis
576 745 709 832 triginta
732 753 881 842 quattuor
901 746 1070 814 mensibus
1090 746 1197 814 tribus
1220 746 1343 815 dicbus

144 857 293 925 duobus.
336 857 444 923 taliter
464 876 542 941 ergo
564 863 599 923 ut
620 855 843 942 praediximus
872 856 986 925 codem
1008 877 1094 923 anno
1116 876 1230 924 nonae
1253 856 1374 923 indi-5

157 967 273 1034 ctioms
302 973 448 1034 mortuus
474 973 526 1034 est
553 967 620 1033 Leo
648 986 814 1033 unacum
842 967 973 1033 animae
1001 967 1097 1035 simul
1125 974 1161 1033 et
1189 968 1342 1054 corporis

157 1084 260 1143 morto
288 1083 321 1143 et
350 1076 489 1161 imperat
516 1075 748 1145 Constantinus
776 1076 864 1145 lilius
891 1077 971 1144 eius.
1016 1084 1049 1144 et
1075 1077 1209 1162 quidem
1240 1097 1342 1162 quae·

157 1205 295 1271 cumque
316 1186 377 1254 sub
398 1187 509 1255 Leone
530 1187 630 1271 impio
652 1186 848 1255 Christianis
870 1195 1050 1255 euenerunt
1076 1187 1146 1255 siue
1176 1188 1271 1253 circa
1292 1208 1340 1253 or·

156 1295 333 1364 thodoxam
354 1295 451 1364 iidem
473 1297 545 1364 siue
567 1317 665 1383 super
687 1297 837 1366 ciuilibus
860 1297 1127 1384 dispositionibus
1148 1298 1222 1365 siue
1237 1318 1339 1384 super

156 1407 261 1495 turpis
281 1407 362 1474 lucri
384 1414 521 1493 quaestu
542 1414 575 1473 et
595 1408 735 1474 auaritia
755 1428 815 1494 per
836 1407 979 1475 Siciliam
1002 1407 1189 1475 Calabriam
1213 1415 1249 1475 et
1263 1407 1339 1474 Cre
1354 1417 1382 1468 ιι

157 1525 224 1586 tarn
257 1517 436 1585 adiuuenta
466 1517 588 1604 pariter
620 1524 653 1585 et
683 1518 836 1604 imposita
866 1519 937 1586 siue
964 1522 999 1585 in
1020 1519 1137 1585 ltaliae
1164 1519 1340 1604 apostasia

157 1635 290 1716 propter
310 1627 406 1695 buius
428 1626 626 1694 cmodoxisn
649 1628 719 1695 siue
740 1629 774 1695 in
795 1628 880 1695 fame
908 1648 948 1695 ao
968 1629 1155 1714 pestilentia
1175 1628 1340 1712 gentium·

158 1758 222 1825 quc
243 1737 405 1823 pressuris
426 1743 462 1803 ut
482 1738 692 1823 particularia
713 1745 839 1805 tacemn
866 1740 902 1804 in
930 1738 1202 1825 praecedentibus
1230 1745 1339 1805 osten-

157 1848 277 1916 duntur
297 1847 458 1934 capitulis.
481 1846 615 1932 dignum
637 1855 746 1915 autem
767 1855 818 1916 est
837 1846 880 1915 de
901 1856 1010 1916 cetero
1030 1854 1061 1915 et
1081 1847 1174 1932 impii
1188 1848 1250 1913 filii
1266 1848 1338 1915 eius

157 1965 321 2043 umquam
350 1956 412 2023 deo
440 1957 496 2042 qui
523 1958 635 2024 omnia
661 1958 816 2044 perspicit
842 1960 1081 2045 contemplante
1113 1958 1277 2026 ueraciter
1305 1965 1339 2025 ct
1355 1966 1381 2018 tt

157 2088 224 2136 nou
255 2065 416 2152 superflue
449 2067 492 2133 ad
522 2067 692 2134 utilitatem
724 2069 864 2154 posteris
893 2075 925 2135 et
952 2069 1079 2136 miseris
1107 2068 1162 2154 qui
1191 2068 1338 2136 nuncin

157 2176 335 2245 oecodoxia
355 2176 443 2244 illius
464 2176 670 2264 decipiuntur
691 2178 835 2246 ludibria
853 2180 981 2264 exequi,
1019 2198 1103 2263 quae
1130 2177 1173 2243 ab
1195 2177 1260 2244 bac
1282 2177 1337 2245 de

157 2288 243 2356 cims
263 2285 438 2355 indictione
465 2287 569 2374 ipsius
597 2288 725 2375 imperii
753 2290 832 2356 anni
859 2289 956 2373 primi
983 2309 1087 2374 usque
1113 2287 1157 2356 ad
1183 2295 1338 2374 quartam

158 2397 318 2466 decimam
338 2396 545 2464 indictionem
566 2399 680 2467 mortis
700 2400 788 2467 illius
809 2399 909 2484 impie
929 2401 1042 2483 gessit

2 2501 150 2570 XXXIII
245 2509 306 2575 Hic
327 2509 414 2575 enim
435 2509 732 2594 perniciosissimus
753 2517 786 2576 et
807 2511 947 2595 agrestis
969 2511 1056 2577 ierus
1083 2507 1253 2594 tyrannice
1275 2528 1339 2575 nec
1354 2517 1386 2569 ιιι

158 2620 300 2704 legitime
321 2619 443 2686 abusus
463 2619 599 2704 imperio
614 2619 719 2705 primo
734 2619 863 2705 quidem
879 2618 976 2686 adeo
997 2628 1031 2686 et
1051 2619 1246 2686 intemerata
1267 2638 1338 2684 rna-

157 2736 207 2795 tre
237 2729 340 2814 ipsius
378 2748 417 2794 ac
448 2729 597 2795 omnibus
632 2731 754 2796 sanctis
782 2729 929 2797 abscedit
956 2730 1090 2813 magicis
1111 2728 1281 2796 maleficiis
1304 2737 1339 2795 et

158 2839 295 2906 luxuriis
324 2839 530 2924 cruentisque
558 2839 725 2907 sacrificiis
753 2846 786 2906 ct
818 2839 988 2906 caballinis
1016 2838 1211 2905 stercoribus
1235 2845 1338 2922 atque

158 2949 236 3016 lotio
258 2948 436 3016 delectatus
458 2949 655 3017 mollitiebus
678 2969 805 3035 quoque
832 2969 871 3015 ac
898 2949 1092 3016 daemonum
1120 2948 1337 3013 inuocationi·

157 3060 219 3127 bus
240 3058 388 3143 gaudens
417 3067 514 3144 atque
542 3059 691 3127 omnibus
719 3060 847 3127 animas
874 3058 1150 3145 corrumpentibus
1177 3056 1336 3123 adiuuen—
1352 3073 1384 3125 ut

157 3168 300 3235 tionibus
321 3189 343 3234 a
364 3175 475 3234 tenera
496 3177 603 3236 aetate
626 3170 811 3237 conuiuens.
855 3170 1030 3255 quieuere
1052 3174 1222 3253 paternum
1244 3167 1337 3252 prin-

156 3279 299 3364 cipatum
322 3296 393 3343 cum
415 3278 540 3345 malitia
561 3281 705 3366 suscepit
725 3300 791 3346 non
818 3278 978 3347 modicam
1006 3280 1039 3346 in
1067 3279 1158 3345 breui
1187 3285 1336 3361 tempore

158 3388 358 3458 demonstrat
378 3389 556 3473 nequitiam
578 3391 624 3457 ita
646 3399 681 3457 ut
702 3390 744 3456 ab
767 3390 916 3457 omnibus
937 3391 978 3455 ob
1001 3387 1234 3473 impudentiam
1259 3406 1335 3452 con-

157 3500 263 3568 festim
285 3498 360 3564 odio
381 3499 555 3566 baberetur
576 3508 609 3567 et
634 3500 818 3567 Artauasdo
839 3499 1027 3586 Curopalati
1049 3505 1081 3565 et
1102 3497 1208 3564 comiti
1230 3496 1335 3565 Obsc-

158 3612 225 3696 quii
252 3610 307 3695 qui
334 3610 461 3677 Annam
495 3631 637 3677 sororem
667 3630 759 3677 suam
787 3630 918 3677 uxorem
947 3609 1086 3676 duxerat
1113 3609 1164 3675 uis
1191 3627 1250 3692 pro
1281 3627 1334 3672 ea-
1351 3620 1384 3671 eo

157 3720 320 3805 pessendo
342 3720 477 3805 imperio
500 3720 726 3805 imponeretur.

242 3829 365 3894 Eodem
388 3849 514 3914 quoque
536 3850 623 3896 anno
637 3829 766 3896 Eluelid
788 3830 947 3898 interfecit
961 3828 1163 3896 Christianos
1185 3826 1334 3912 captiuos

358 4010 452 4019 --—-.—

226 4122 332 4177 2le
400 4122 618 4180 3klcctoer
693 4107 926 4180 tuehalabuil)
1004 4119 1228 4193 ltspoitabel)
1299 4124 1331 4174 12

158 4200 350 4271 cacodomdl)
420 4223 450 4271 15
470 4216 686 4287 conteplanteD
757 4221 785 4270 ιι
803 4216 903 4272 ludrbn
919 4216 1023 4284 exlequr
1039 4213 1066 4269 D
1150 4219 1183 4269 20
1200 4217 1330 4286 pmbolrl]

158 4305 278 4365 umaro
329 4317 503 4380 extyrnnurce
518 4313 544 4363 D
613 4313 645 4365 te
664 4309 813 4365 demonitat
830 4308 865 4364 θ’
942 4311 977 4362 29
992 4293 1330 4378 artaualdiflcuropalatu

157 4398 312 4454 aluid.li⁴
398 4402 589 4468 bouis1urI)
