2834 5394
483 1766 835 1844 PRAEFATIO

150 2020 328 2087 Historiam
360 2020 536 2086 miscellam
566 2021 608 2085 ad
639 2022 766 2088 codices
805 2044 904 2089 manu
933 2023 1070 2108 scriptos
1099 2034 1245 2093 exactam

67 2121 165 2186 cdere
187 2140 308 2207 operae
331 2122 470 2206 pretium
491 2122 631 2188 facturus
652 2123 732 2189 mihi
755 2124 892 2191 uidebar
914 2144 979 2189 non
1002 2125 1106 2191 solum
1135 2129 1245 2213 utqui

65 2221 217 2288 Orosium
246 2222 404 2289 Victorem
434 2223 622 2307 Eutropium
653 2226 862 2293 Anastasium
894 2226 977 2293 alios
1006 2246 1027 2292 a
1055 2236 1164 2295 nostro
1193 2250 1244 2297 cx-

66 2331 194 2407 ccrptos
224 2323 342 2390 edituri
374 2331 448 2391 sunt
478 2325 556 2409 quid
584 2327 693 2392 multis
723 2328 802 2394 locis
831 2333 907 2393 ante
935 2327 995 2395 bos
1022 2329 1111 2396 mille
1140 2350 1244 2398 annos

65 2425 193 2490 illorum
218 2427 410 2512 scriptorum
432 2425 596 2495 codicibus
617 2428 735 2494 lecturn
759 2429 802 2495 sit
822 2429 1049 2514 intellegerent
1073 2431 1243 2498 sedetiam

66 2536 199 2612 propter
228 2546 286 2595 eas
309 2547 362 2594 res
389 2547 472 2612 quae
501 2529 535 2594 in
563 2528 700 2595 historia
721 2530 867 2597 miscella
887 2532 958 2596 sola
987 2539 1124 2598 exstant.
1170 2541 1245 2601 sunt

65 2631 148 2693 enirn
183 2648 268 2713 quae
289 2629 323 2695 in
345 2629 397 2696 his
425 2630 543 2695 nostris
572 2631 730 2714 exemplis
752 2631 890 2715 primum
912 2641 1135 2719 compareant,
1170 2640 1246 2702 sunt

67 2751 149 2813 quae
172 2733 207 2796 in
230 2729 357 2796 Gruteri
379 2731 465 2796 notis
487 2731 681 2798 delitescant
702 2733 909 2798 aMuratorio
931 2754 1063 2818 prorsus
1085 2738 1243 2820 neglecta.

67 2831 190 2897 accedit
212 2831 298 2914 quod
326 2830 482 2898 Gruterus
504 2832 673 2898 Pithoeurn
703 2842 831 2901 secutus
864 2855 958 2901 suurn
983 2838 1150 2920 exemplar
1178 2859 1241 2903 non

68 2933 105 2997 sd
134 2955 233 2999 unam
264 2933 464 3018 eandemque
486 2934 650 3001 miscellae
676 2936 897 3002 recensionem
931 2937 1073 3020 exegerit
1106 2937 1164 3004 sed
1197 2940 1241 3005 acl

67 3036 199 3100 mixtum
223 3035 384 3120 quoddam
406 3055 445 3101 ex
467 3042 612 3120 utraque.
645 3036 772 3121 quade
794 3057 829 3104 re
855 3036 997 3103 breuiter
1022 3036 1128 3103 dicam
1159 3060 1242 3124 quac

69 3139 147 3203 satis
171 3146 254 3204 sunt.
660 3162 665 3166 ·

154 3240 241 3305 Vnus
270 3238 388 3323 aliquis
415 3237 510 3305 bomo
538 3239 609 3305 siue
638 3240 696 3304 luit
723 3240 856 3307 Paullus
878 3241 1043 3307 Diaconus
1072 3243 1142 3308 siue
1170 3244 1242 3329 quis

67 3342 147 3407 alius
175 3340 323 3424 Eutropii
351 3340 546 3406 breuiarium
574 3341 783 3426 interpolabit
818 3342 931 3426 paucis
954 3341 1074 3408 additis
1096 3360 1243 3425 quaeque

66 3463 128 3507 non
153 3443 263 3525 magni
284 3442 437 3507 momenti
458 3440 639 3522 uideantur,
667 3443 816 3527 ultraque
838 3444 1026 3527 Eutropium
1049 3461 1242 3527 progressus

68 3554 113 3609 est
146 3564 250 3627 usque
281 3542 325 3609 ad
357 3544 574 3610 Iustinianum
607 3550 657 3626 (p.
692 3547 764 3624 374,
800 3548 863 3620 21).
915 3543 1010 3611 huius
1043 3543 1242 3609 recensionis

68 3645 367 3730 praestantissimus
389 3643 490 3711 codex
512 3652 562 3711 est
582 3664 674 3711 meus
689 3645 722 3707 B
744 3645 839 3729 cique
864 3645 978 3711 similis
994 3645 1028 3710 V.
1050 3645 1133 3710 alter
1146 3644 1242 3709 homo

67 3749 163 3812 rnulto
191 3748 288 3832 plura
319 3754 351 3813 et
382 3746 469 3813 illius
500 3746 683 3813 recensioni
716 3745 845 3812 addidit
876 3765 1012 3831 eamque
1033 3746 1242 3813 uehementer

66 3849 248 3914 imrnutauit
294 3855 328 3913 et
357 3847 515 3933 pergebat
546 3868 650 3933 usque
683 3846 726 3913 ad
759 3847 879 3915 Leonis
906 3848 1049 3913 Armenii
1088 3853 1237 3913 aetatem.

67 3951 161 4017 huius
190 3956 291 4016 testes
319 3950 432 4034 optimi
461 3957 536 4016 sunt
578 3969 670 4016 meus
692 3947 728 4012 D
763 3955 795 4014 et
831 3946 959 4017 Gmteri
996 3947 1165 4015 Palatinus
1193 3948 1242 4013 illi

67 4053 258 4118 simillimus.
300 4050 453 4117 Pithoeus
491 4050 590 4136 igitur
618 4050 761 4117 codicem
795 4057 924 4118 secutus
961 4056 1011 4118 est
1053 4049 1243 4134 posterioris

67 4156 263 4220 recensionis
302 4152 360 4220 sed
389 4160 446 4217 aut
473 4171 545 4217 cum
566 4153 671 4218 altera
695 4152 948 4219 contaminatum
971 4157 1027 4217 aut
1063 4170 1142 4217 ase
1170 4153 1243 4235 ipso

67 4256 275 4322 uehementer
310 4255 510 4334 bremetum,
534 4252 690 4320 Gruterus
726 4253 853 4320 Pithoei
891 4253 1074 4338 exemplum
1113 4252 1243 4337 repetiit

66 4359 174 4423 multis
189 4354 374 4424 emendatis
396 4363 429 4422 et
450 4376 486 4422 re
507 4356 553 4420 ita
575 4353 803 4422 administrata
823 4362 860 4419 ut
881 4374 965 4439 quae
987 4373 1027 4420 ex
1049 4374 1108 4419 suo
1131 4353 1241 4420 codiee

66 4460 213 4526 Palatino
240 4478 328 4524 noua
357 4456 512 4523 accedere
541 4457 675 4523 uidebat
702 4476 742 4522 ea
770 4457 924 4521 maiorem
953 4456 1133 4540 partemin
1157 4456 1243 4522 notis

66 4562 219 4643 laudaret,
242 4558 576 4626 MuratoriusGruteri
587 4566 708 4626 textum
720 4558 882 4642 expressit
893 4556 1039 4623 additae
1058 4557 1243 4622 recentiori·

65 4664 121 4731 bus
136 4662 304 4729 codicibus
316 4661 541 4728 Ambrosianis
562 4659 656 4725 uaria
673 4660 811 4725 lectione
831 4659 911 4725 satis
933 4658 1049 4740 inutili,
1078 4678 1138 4742 cgo
1159 4678 1243 4742 quae

65 4766 190 4832 codices
219 4763 394 4849 ampliores
416 4763 485 4829 ΠΡ
507 4762 661 4829 exhibent
693 4760 936 4846 repraesentaui
970 4760 1046 4843 quia
1068 4759 1126 4824 illa
1147 4760 1242 4841 longe

65 4868 194 4934 maioris
209 4866 454 4933 momentiesse
469 4863 629 4944 uidebam,
645 4863 772 4928 adiecta
786 4864 820 4927 in
842 4860 1079 4927 commentariis
1095 4860 1242 4925 breuiore
