2834 5394
137 226 199 287 502
286 271 289 278 .
623 240 716 288 nrum
738 241 812 288 xru

137 393 322 478 patriarcha
345 392 702 478 Constantinopolitano
731 392 981 477 comprehensos
1009 391 1187 457 duxerunt
1220 392 1260 457 in
1292 411 1347 457 ea-

138 524 208 570 sam
235 504 370 570 Artenrii
399 511 431 570 et
458 523 567 569 eorum
596 504 650 588 qui
678 523 750 568 oum
780 504 851 589 ipso
879 509 981 568 erant.
1024 522 1127 587 porro
1159 502 1345 568 Artemius

136 613 188 681 bis
217 614 298 682 uisis
327 614 556 699 desperatione
585 615 635 680 sui
663 615 768 681 fessus
791 620 893 681 semet
913 613 1019 698 ipsum
1041 611 1188 677 tradidit
1215 613 1342 679 uerbo

136 744 198 808 que
227 725 427 809 impunitatis
456 731 587 809 accepto
616 725 794 791 monastico
824 723 955 790 indutus
977 729 1027 789 est
1047 721 1181 788 habitu.
1235 742 1340 808 quem

135 833 339 902 Theodosius
359 835 508 900 illaesum
530 854 703 901 reseruans
732 833 819 919 apud
842 834 1110 901 Thessalonicam
1140 833 1255 899 exilio
1287 847 1370 898 res

135 945 267 1028 legauit.
311 964 406 1029 porro
427 944 628 1030 Philippicas
650 945 823 1031 imperauit
843 946 938 1011 annis
968 943 1095 1029 quidem
1127 942 1272 1010 duobus
1302 950 1338 1009 et

137 1054 305 1121 mensibus
327 1074 454 1136 nouem,
476 1054 639 1123 Artemius
662 1076 738 1121 uero
762 1075 847 1121 anno
869 1076 933 1120 uno
956 1061 988 1120 et
1008 1054 1179 1121 mensibus
1206 1053 1334 1120 tribus.

136 1164 203 1229 Leo
225 1170 394 1248 praeterea
416 1185 487 1230 eum
509 1172 596 1232 esset
623 1173 753 1251 praetor
775 1166 978 1232 orientalium
1000 1164 1153 1248 quoniam
1179 1163 1333 1229 auxilia·

137 1272 232 1340 batur
252 1275 395 1341 Artemis
428 1296 492 1343 uon
527 1284 577 1343 est
610 1275 758 1343 subditus
791 1274 983 1341 Theodosio.
1028 1273 1171 1339 habebat
1207 1280 1328 1339 autem

138 1385 376 1471 conspirantem
422 1387 485 1454 sibi
522 1394 555 1453 et
591 1393 832 1452 concurrentem
867 1382 1085 1451 Artabasdum
1120 1382 1327 1449 Armenium
1346 1397 1373 1447 to

139 1501 319 1579 praetorem
341 1497 604 1563 Armeniaeorum
632 1496 682 1561 cui
712 1502 743 1561 et
772 1494 946 1581 spopondit
974 1495 1072 1560 liliam
1102 1514 1194 1561 suam
1224 1513 1265 1559 se
1287 1495 1325 1559 in

143 1626 276 1673 uxorem
298 1607 366 1674 fore
388 1607 548 1684 daturum,
571 1606 656 1691 quod
679 1612 712 1673 et
732 1606 816 1671 tecit.

14 1700 114 1771 {XVI
220 1717 315 1783 Anno
352 1717 394 1782 ab
436 1717 658 1783 incarnatione
701 1715 821 1781 domini
865 1714 1150 1800 septingentesimo
1195 1722 1320 1780 octauo

136 1829 357 1893 Tunonosrvs
379 1828 533 1894 Romanis
562 1828 700 1913 imperat
727 1847 814 1892 anno
836 1847 909 1892 uuo.
955 1826 1045 1892 ouius
1074 1831 1220 1908 tempore
1245 1825 1318 1889 bia·

138 1939 258 2004 salmas
288 1936 447 2004 aduersus
476 1936 788 2022 Constantinopolim
817 1937 919 2002 aciem
949 1936 1058 2020 dirigit
1087 1942 1120 2001 et
1139 1935 1317 2020 praemisit
1336 1943 1365 1993 ιε

137 2047 303 2114 Suleiman
324 2065 395 2110 oum
418 2046 560 2112 exercitu
582 2065 640 2132 per
663 2049 790 2128 siceum,
812 2047 1011 2112 Haumarum
1035 2066 1111 2113 uero
1133 2064 1193 2130 per
1208 2064 1313 2109 mare.

136 2176 232 2243 porro
254 2156 326 2242 ipse
348 2163 422 2242 post
443 2175 500 2223 eos
521 2177 593 2222 cum
615 2158 714 2222 multo
737 2164 897 2242 apparatu
925 2157 1035 2223 hostili
1062 2156 1160 2221 uenit.
1206 2153 1314 2220 Sulci-

136 2287 213 2333 man
245 2273 353 2333 autem
386 2274 419 2333 et
449 2267 606 2334 Baoarius
634 2266 798 2331 amorium
831 2267 1059 2352 pemenientes
1093 2266 1237 2332 scribunt
1270 2263 1313 2330 ad

136 2379 279 2445 Leonem
311 2384 491 2463 praetorem
525 2377 729 2443 orientalium
763 2376 809 2442 ita
836 2376 1001 2442 ‘nouimus
1035 2377 1112 2461 quia
1139 2375 1313 2460 imperium

136 2492 352 2555 Romanorum
375 2495 406 2554 te
428 2487 535 2554 decet:
566 2486 641 2553 ueni
668 2505 745 2570 ergo
774 2484 816 2552 ad
838 2507 897 2552 uos
920 2493 952 2552 et
971 2487 1140 2570 loquamur
1162 2505 1246 2570 quae
1269 2485 1314 2552 ad
1330 2495 1361 2547 to

138 2618 251 2684 paoem
274 2599 366 2665 sunt’
408 2599 536 2663 intuens
558 2596 642 2661 enim
665 2596 832 2661 Suleiman
853 2595 1018 2660 Amorium
1047 2596 1222 2663 exercitum
1245 2618 1315 2662 uon

138 2707 258 2773 habere
290 2714 323 2773 et
356 2707 525 2772 inimicitia
558 2725 658 2792 penes
692 2706 915 2789 magistratum
949 2707 1054 2771 iacere
1087 2708 1127 2771 ob
1155 2707 1313 2771 auxilium

137 2818 222 2902 qnod
244 2816 386 2882 Artemio
409 2816 604 2895 conterebat,
641 2815 767 2881 obsedit
794 2815 874 2881 illud
903 2817 1015 2883 uolens
1045 2817 1110 2881 illic
1140 2825 1172 2882 et
1193 2817 1315 2882 Masal-

137 2949 213 2993 man
228 2935 409 3013 expectare.
439 2947 514 2991 mox
529 2931 636 2991 autem
653 2933 687 2990 ut
701 2926 973 3010 appropinquarit
988 2926 1119 3010 ciuitati,
1136 2935 1314 3012 coeperunt

138 3037 293 3102 Saraceni
320 3035 471 3101 laudibus
499 3034 669 3102 diffamare
697 3042 886 3120 praetorem,
919 3038 1059 3104 Leonem
1082 3039 1312 3122 imperatorem
1331 3048 1362 3099 25

138 3149 290 3227 rogantes
327 3152 359 3209 et
386 3144 420 3208 hi
457 3145 510 3228 qui
540 3146 627 3211 intus
657 3151 749 3211 erant
781 3145 816 3210 id
843 3146 949 3231 ipsum
979 3148 1114 3213 efficere.
1160 3147 1312 3214 uidentes

138 3261 246 3322 autem
268 3253 355 3320 ethi
378 3253 432 3337 qui
454 3261 546 3320 erant
567 3254 689 3320 Amorii
719 3256 805 3340 quod
829 3257 981 3323 Saraceni
1005 3257 1089 3323 hunc
1111 3277 1219 3322 amore
1242 3258 1312 3323 lan·

138 3365 269 3448 darent,
306 3364 522 3431 laudauerunt
549 3371 581 3429 et
608 3364 681 3448 ipsi.
732 3385 931 3450 cognoscens
960 3387 1037 3432 uero
1067 3375 1196 3452 praetor
1224 3368 1313 3450 qnod

138 3476 257 3543 taxatis
286 3496 324 3541 ac
350 3474 551 3560 principibus
579 3494 644 3539 non
673 3474 887 3543 existentibus
914 3478 1090 3561 periturum
1112 3479 1193 3543 soret
1215 3477 1312 3544 Amo-

136 3588 230 3670 rium,
260 3586 422 3670 significat
443 3586 608 3653 Suleiman
632 3585 670 3651 ‘si
692 3584 749 3651 uis'
771 3585 921 3669 inquiens
945 3586 990 3652 ‘ut
1012 3588 1138 3652 ueniam
1161 3587 1203 3653 ad
1224 3594 1256 3653 te
1279 3595 1313 3654 et
1329 3602 1363 3653 to

138 3717 222 3782 quae
255 3696 345 3782 pacis
379 3703 453 3762 sunt
490 3697 659 3779 loquamur
691 3715 747 3760 cur
777 3695 907 3764 obsides
941 3696 1140 3763 ciuitateml’
1183 3705 1217 3764 at
1254 3699 1312 3765 ille

139 3808 225 3873 ‘ueni
276 3815 308 3871 et
343 3804 477 3873 recedo’
535 3811 566 3869 et
609 3812 740 3891 accepto
777 3814 906 3891 praetor
948 3808 990 3872 ab
1028 3829 1065 3874 eo
1104 3810 1202 3874 uerbo
1239 3827 1313 3874 oum

208 4090 393 4158 lpatnarcho
412 4090 439 4145 D
541 4091 621 4146 3lu1
638 4090 692 4174 lull
717 4092 847 4147 lellulll
956 4097 1119 4163 taceepto]
1144 4100 1262 4164 expetito
1286 4093 1313 4147 D

141 4183 171 4231 10
190 4181 356 4248 Armenium]
384 4170 495 4238 artemii
514 4184 540 4240 1)
626 4190 657 4239 to
675 4195 700 4239 et
721 4190 749 4239 tr
768 4191 795 4239 ct
811 4189 841 4239 21
862 4190 889 4238 et
906 4189 938 4239 30
956 4186 1086 4240 aulermon
1105 4188 1131 4243 1)
1211 4193 1241 4242 ta
1259 4188 1312 4242 ba-

138 4252 268 4327 ohardi)
342 4281 375 4329 22
394 4276 535 4344 poenelD
609 4282 641 4331 24
659 4285 691 4331 ut
708 4295 758 4332 om.
776 4276 803 4332 1>
854 4278 1027 4347 ceperuntD
1084 4285 1117 4335 28
1136 4284 1312 4351 cognoscente

138 4361 164 4417 Ι)
233 4368 265 4418 ³0
284 4367 439 4419 unrocus*
458 4370 491 4431 (il
507 4370 534 4422 iu
552 4385 611 4432 raa·
629 4375 753 4424 extremo
767 4371 885 4437 fueraut
901 4370 1002 4434 reniti)
