2834 5394
539 731 612 779 cac.
635 731 844 780 xxrrr-xxvr
1215 720 1279 785 439

99 890 150 947 tor
177 880 280 966 potuit
308 882 435 947 mittere
465 890 497 946 et
525 902 608 966 quae
637 884 721 948 circa
751 904 789 951 sc
818 892 910 951 erant
939 885 1048 951 omnia
1077 885 1222 954 indicare
1246 896 1277 953 et

102 994 218 1076 ingens
241 992 347 1057 lacere
368 991 523 1076 gaudium
546 993 679 1058 ciuitati.

186 1102 386 1168 Sarbarazas
409 1110 516 1167 autem
538 1105 658 1187 populo
681 1125 739 1170 suo
762 1104 817 1187 qui
838 1103 942 1169 iuerat
957 1102 1123 1196 dispersus
1139 1108 1271 1173 collecto
1294 1107 1387 1173 XXV

103 1212 346 1278 insurrexerunt
367 1211 402 1276 in
425 1213 525 1278 illum.
571 1215 705 1279 electam
734 1233 810 1279 uero
833 1214 1008 1300 imperator
1031 1216 1116 1280 alam
1139 1217 1276 1283 militum

66 1321 144 1386 aad
166 1321 395 1388 custodiendas
417 1323 507 1389 misit
528 1326 685 1405 clusuras,
708 1343 792 1405 quae
814 1324 856 1390 ad
880 1344 916 1391 sc
937 1324 1101 1391 ducebant
1121 1332 1153 1391 et
1167 1325 1275 1395 aditus

102 1433 156 1515 qui
189 1431 232 1496 ad
264 1433 420 1498 orientem
455 1441 559 1499 erant.
604 1435 676 1519 ipse
709 1433 894 1501 discurrens
926 1435 960 1500 in
993 1435 1105 1501 taciem
1141 1435 1278 1503 eflicitur

103 1540 313 1623 Sarbaranac,
351 1562 487 1627 cumque
510 1550 742 1611 transmeasset
764 1544 950 1629 Nymphiou
973 1565 1111 1627 amnem,
1147 1546 1190 1611 ad
1212 1547 1277 1611 llu-

103 1650 251 1736 phratem
274 1655 430 1738 peruenit,
468 1654 586 1738 inquo
610 1662 680 1719 erat
701 1676 783 1739 pons
805 1674 909 1721 nexus
933 1675 951 1721 e
974 1656 1103 1722 turribus
1126 1656 1277 1723 simulet

104 1763 253 1829 nauibus.
297 1771 332 1829 at
353 1784 429 1829 uero
452 1763 651 1830 Sarbarazas
679 1764 846 1832 dissolutis
875 1763 1005 1831 funibus
1034 1765 1139 1850 pontis
1167 1767 1209 1831 ab
1232 1766 1277 1846 al-

60 1881 175 1938 rosera
203 1875 276 1958 ripa
303 1875 337 1939 in
365 1876 501 1939 alteram
529 1882 629 1939 totum
652 1875 815 1941 transtulit
836 1881 975 1959 pontem.
1020 1895 1156 1960 cumque
1177 1876 1276 1961 impe·

104 1991 191 2049 rator
212 1985 358 2050 uenisset
379 2003 439 2049 nec
467 1985 623 2050 ualuisset
655 1986 793 2050 transire
825 2004 884 2068 per
915 1990 1055 2068 pontem,
1092 1985 1277 2053 discurrens

102 2093 226 2159 inuenit
254 2101 394 2159 meatum
424 2102 457 2160 et
488 2094 574 2159 hune
602 2094 769 2179 inopinate
791 2095 906 2159 Martio
934 2114 1046 2161 mense
1069 2095 1141 2161 sinc
1163 2094 1276 2162 discri-

103 2204 189 2269 mine
210 2204 432 2270 transiretarrit
453 2212 486 2269 et
508 2205 682 2271 Samosata
703 2204 861 2289 peruenit.
906 2225 1082 2289 rursusque
1104 2224 1176 2269 cum
1191 2207 1275 2270 'lau-

103 2334 173 2376 rrrrn
196 2315 413 2397 praeterisset,
444 2315 478 2379 in
500 2314 739 2381 Germaniciam
768 2320 818 2381 cst
840 2315 1002 2399 proiectus
1024 2320 1147 2380 etcum
1170 2321 1276 2381 trans·

55 2431 86 2479 15
102 2423 182 2489 isset
202 2423 327 2504 Adana,
364 2425 454 2489 rrcrrit
483 2424 525 2488 ad
554 2444 681 2489 annuero
706 2426 820 2491 Saron.
864 2424 1024 2492 barbarus
1047 2431 1155 2491 autem
1177 2432 1276 2509 ponta

102 2554 228 2599 rursrrrn
250 2534 283 2598 in
307 2535 468 2618 proprium
497 2536 602 2599 locum
631 2541 766 2599 extenso
789 2534 912 2618 absque
934 2535 1101 2601 obstaculo
1124 2536 1275 2602 transire·

100 2642 182 2707 tauit
204 2642 391 2726 Euphraten
415 2651 446 2708 et
469 2645 663 2728 sequebatur
692 2650 766 2726 post
795 2663 877 2709 eum.
920 2652 972 2710 ast
1001 2645 1173 2730 imperator
1203 2665 1273 2711 cum

99 2753 270 2818 transisset
291 2762 421 2834 pontem
437 2754 510 2819 Sari
527 2754 659 2818 inuenta
681 2753 791 2836 requie
814 2760 880 2817 tarn
903 2754 1063 2820 exercitus
1085 2776 1181 2837 quam
1205 2756 1274 2820 ani-

100 2862 231 2926 malium
253 2863 338 2927 circa
360 2863 465 2946 ipsum
488 2872 595 2927 castra
616 2870 754 2928 metatus
777 2870 827 2927 cst
849 2863 996 2928 reficiens
1019 2882 1084 2928 eos.

49 2984 82 3033 no
183 2973 335 3036 Peruenit
356 2980 472 3037 autum·
487 2979 519 3037 ct
542 2972 741 3038 Sarbarazas
763 2973 795 3037 in
819 2978 955 3056 partem,
993 2992 1076 3055 quac
1106 2973 1138 3037 in
1162 2979 1274 3038 contra
1298 2970 1407 3037 xxti

100 3100 140 3145 cx
168 3083 272 3147 altera
300 3102 373 3147 csse
402 3091 494 3165 parte
517 3081 696 3146 uidebatur.
741 3083 873 3146 inuento
903 3100 980 3145 nero
1008 3089 1106 3165 ponte
1136 3102 1175 3147 ac
1203 3103 1276 3167 pro-

100 3193 291 3275 pugnaculis
314 3212 396 3275 qnae
419 3193 545 3276 inipso
568 3199 659 3256 erant
686 3213 706 3256 a
728 3192 881 3257 Romanis
905 3192 1046 3258 obtentis
1075 3199 1182 3257 austra
1211 3211 1278 3257 me·

100 3308 185 3367 tatus
216 3308 274 3367 est.
319 3309 525 3368 excurrentes
553 3309 660 3367 autem
689 3303 778 3366 multi
809 3304 1025 3367 Romanorum
1056 3321 1114 3386 per
1142 3309 1273 3384 pontem

99 3410 281 3475 inordinate
304 3432 374 3474 crrrrr
393 3413 502 3477 Persis
517 3413 679 3477 contulere
695 3411 875 3476 conflictum
891 3413 992 3476 multa
1013 3412 1046 3476 in
1070 3412 1151 3495 ipsis
1173 3410 1272 3476 caede

50 3537 83 3586 25
100 3521 279 3586 commissa.
325 3541 436 3585 uerum
467 3522 640 3605 imperator
669 3521 728 3587 hos
766 3521 947 3587 inordinate
984 3520 1176 3604 prohibebat
1211 3519 1276 3588 dis-

99 3650 225 3696 currere
252 3651 293 3696 ne
323 3632 402 3695 forte
431 3633 491 3695 itcr
520 3632 610 3697 ficret
638 3632 836 3697 aduersariis
864 3650 936 3696 cum
965 3633 1031 3698 illis
1060 3631 1276 3697 conueniendi

98 3740 141 3804 ad
176 3748 307 3824 pontcrrr
344 3749 375 3806 ot
413 3741 532 3826 pariter
568 3741 785 3806 commeandi:
822 3744 960 3826 populus
995 3762 1061 3807 non
1089 3741 1276 3825 adquiesco-

100 3850 153 3914 bat
186 3850 382 3935 imperatori.
438 3871 533 3934 porr-o
567 3851 766 3917 Sarbarazas
801 3850 995 3935 quibusdam
1028 3852 1188 3917 exercitus
1220 3852 1271 3917 sui

100 3961 182 4024 clam
206 3961 238 4024 in
261 3961 339 4025 locis
362 3959 482 4026 abditis
505 3962 668 4027 collocatis
692 3961 831 4027 ostendit
859 3980 895 4027 se
923 3960 1014 4042 quasi
1038 3961 1212 4043 fugientem
1235 3979 1274 4024 ae

49 4082 82 4132 30
100 4070 147 4135 sic
169 4070 329 4135 abstraxit
350 4072 467 4135 multos
489 4072 653 4135 ltomanos
685 4078 814 4155 practer
847 4076 956 4135 uotum
989 4070 1194 4154 imperatoris
1230 4068 1272 4133 ad

98 4179 329 4244 insecutionem
365 4181 413 4244 srri
456 4186 678 4246 transeuntes:
723 4201 873 4247 reuersus
916 4185 949 4245 et
985 4180 1037 4245 bis
1083 4180 1117 4243 in
1162 4179 1270 4261 lugam

97 4290 270 4372 compulsis
294 4295 446 4371 quotquot
475 4298 568 4353 extra
596 4296 726 4374 pontem
756 4289 924 4374 occupauit
952 4288 1067 4354 occidit
1095 4287 1272 4353 uindictam

96 4417 269 4483 perpessos
292 4399 561 4465 inoboedientiae.
607 4400 781 4484 imperator·
803 4420 880 4466 uero
903 4419 973 4464 cum
995 4399 1152 4465 barbaros
1174 4398 1272 4465 uidis-

111 4579 337 4587 ———--.
354 4582 396 4587 ...-

165 4678 224 4728 bct
242 4680 257 4729 b
276 4686 301 4728 rr
320 4679 352 4728 ‘20
371 4682 396 4729 rt
415 4679 446 4728 ts
466 4674 631 4728 tarlrarutll
684 4674 820 4729 serati)
873 4676 1059 4731 rrarrrarob
1111 4674 1272 4729 eufratcnl)

96 4770 194 4835 Squo]
213 4767 331 4837 (1111th
400 4768 557 4832 inauribus]
577 4768 676 4825 urb:I)
749 4773 777 4825 16
796 4771 932 4822 cxtcnlum
951 4769 977 4823 ll
1057 4774 1085 4822 l'l
1105 4768 1273 4823 eufratenll

96 4863 125 4913 21
147 4860 258 4916 ciietl)
