2834 5394
623 46 629 61 s

8 38 1015 351 u

581 168 593 195 Ν

542 713 615 762 car.
637 712 799 762 vu-vnn
1189 706 1251 770 469

81 870 114 930 el
133 869 199 930 tres
221 862 305 930 lilios
328 883 404 931 sues
427 862 672 930 Constantinum
693 865 878 932 Heraclium
901 874 934 933 et
954 868 1129 936 Tiberium.
1157 892 1253 956 porro

80 973 230 1060 Byzantii
251 994 317 1039 non
339 973 531 1040 dimiserunt
552 994 618 1042 eos.

164 1083 260 1149 Anno
280 1083 409 1168 imperii
430 1082 618 1152 Constantis
640 1085 796 1152 uicesimo
817 1085 921 1170 primo
943 1054 1126 1154 exereitum*
1146 1111 1254 1157 moue·

80 1199 154 1259 runt
174 1193 301 1260 Arabes
328 1199 440 1260 eontra
465 1194 656 1260 Romaniam
686 1201 719 1260 et
749 1195 866 1263 multos
896 1195 1087 1280 depraedati
1117 1208 1192 1268 sunt
1219 1207 1253 1268 et

48 1303 152 1369 tleea
172 1322 238 1369 non
260 1304 350 1369 nulla
371 1303 568 1388 depopulati.

164 1413 259 1479 Anno
281 1412 408 1498 imperii
431 1412 618 1481 Constantis
639 1415 794 1481 uieesimo
815 1415 956 1482 seeundo
985 1417 1127 1501 praedae
1148 1419 1253 1504 patuit

80 1521 211 1589 Siciliae
232 1543 309 1608 pars
332 1530 364 1588 et
384 1523 614 1589 habitauerunt
634 1524 788 1590 Damasei
810 1525 976 1592 uoluntate
998 1547 1068 1595 sua.

163 1632 260 1698 Anno
288 1633 416 1717 imperii
437 1632 623 1701 Constantis
652 1633 807 1702 uicesimo
838 1635 931 1701 tertio
960 1637 1063 1705 iaetus
1092 1644 1141 1703 est
1164 1656 1253 1704 error

79 1741 276 1808 Ieiuniorum
303 1749 336 1808 et
364 1743 540 1809 exereitum
569 1743 669 1808 mouit
688 1742 950 1811 Habdirrahmen
972 1745 1108 1814 Chaledi
1136 1746 1273 1838 aduerj

31 1863 64 1915 ιο
80 1873 136 1920 sus
158 1853 347 1919 Romaniam
370 1860 403 1919 et
422 1853 457 1918 in
479 1872 520 1918 ea
540 1853 696 1918 hiemauit
718 1860 750 1919 et
778 1855 895 1922 multas
924 1854 1096 1924 demolitus
1125 1864 1177 1925 est
1203 1878 1251 1925 re·

78 1962 200 2046 gisnes.
244 1982 340 2048 porro
361 1962 505 2028 Selauini
528 1961 573 2028 ad
595 1961 679 2028 hune
701 1963 898 2033 confluentes
928 1985 1000 2031 eum
1022 1967 1095 2050 ipso
1118 1966 1251 2034 deseen-

79 2070 194 2137 derunt
224 2073 259 2137 in
281 2073 409 2157 Syriam
432 2092 565 2138 numero
587 2073 729 2156 quinque
760 2074 853 2140 milia
885 2082 917 2141 et
948 2076 1178 2143 habitauerunt
1212 2077 1247 2144 in

79 2181 324 2266 apamiensium
346 2182 509 2266 regionem
532 2182 566 2248 in
589 2182 724 2249 castello
746 2183 962 2251 Seleueubori.

164 2292 260 2357 Anno
281 2291 409 2377 imperii
424 2291 611 2359 Constantis
633 2293 787 2360 uicesimo
809 2300 923 2377 quartu
936 2295 1043 2362 Busur
1065 2300 1172 2361 autem
1194 2314 1250 2363 ex·
1273 2309 1372 2379 VIIII

33 2409 64 2461 15
80 2401 212 2467 ercitum
235 2402 269 2467 in
290 2401 481 2467 Romaniam
503 2402 604 2467 mouit
625 2408 658 2468 et
679 2409 823 2470 mortuus
850 2410 900 2471 est
921 2403 1158 2473 Thomariehus
1186 2406 1253 2490 epi-

79 2529 196 2595 seopus
216 2511 376 2596 Apamiae
398 2518 431 2577 et
452 2512 604 2579 incensus
626 2518 676 2579 est
697 2513 867 2598 episeopus
889 2514 1079 2582 Emesenus.

162 2619 257 2685 Anno
278 2641 356 2687 uero
379 2620 564 2688 Constantis
592 2622 720 2707 imperii
752 2623 906 2690 uicesimo
935 2624 1049 2708 quinto
1078 2624 1253 2691 exereitum

79 2750 189 2797 rursus
211 2730 349 2796 armauit
369 2731 475 2797 Busur
496 2738 607 2797 eontra
627 2734 819 2798 Romaniam
841 2740 874 2798 et
895 2733 1123 2800 exterminauit
1143 2742 1253 2818 partes

78 2840 282 2925 Hexapoleos
305 2847 338 2907 et
359 2839 526 2906 Phadalae
548 2841 678 2926 illioque
699 2841 863 2908 biemauit.

32 2953 65 3005 20
163 2949 257 3015 Anno
295 2950 423 3034 imperii
456 2949 643 3017 Constantis
679 2951 832 3017 uicesimo
862 2958 952 3018 sexto
984 2951 1250 3018 Armeniauemm

79 3066 209 3143 praetor
231 3060 387 3126 Saborius
403 3060 504 3126 Persa
524 3079 643 3143 genere
664 3061 875 3128 tumultuatus
897 3067 947 3128 est
968 3067 1079 3126 eontra
1095 3060 1253 3128 Constan-

78 3175 143 3236 tem
170 3170 397 3253 imperatorem
432 3170 592 3254 mittitque
627 3169 670 3235 ad
697 3170 850 3236 Maubian
879 3170 1028 3256 Sergium
1063 3171 1253 3256 magistrum

78 3279 216 3345 militum
245 3280 401 3364 pollicens
428 3279 580 3346 Mauhiae
609 3280 783 3364 subiugare
811 3282 1001 3347 Romaniam
1031 3281 1059 3347 si
1089 3282 1159 3366 ipse
1188 3281 1251 3348 sibi

78 3389 290 3455 auxiliaretur
317 3389 474 3456 aduersus
502 3390 738 3475 imperatorem.
782 3411 845 3474 quo
873 3397 1036 3476 comperto
1066 3389 1252 3455 Constanti·

31 3509 63 3560 25
79 3518 140 3565 nus
168 3499 253 3565 filius
281 3499 495 3585 imperaturis,
533 3500 629 3564 mittit
656 3507 689 3565 et
715 3499 786 3585 ipse
825 3500 867 3566 ad
894 3500 1059 3567 Mauhiam
1088 3498 1251 3565 Andream

80 3605 309 3674 cubicularium
332 3628 403 3673 eum
427 3609 623 3690 muneribus,
660 3630 702 3675 ne
724 3610 837 3676 rebelli
860 3609 996 3677 eederet.
1040 3628 1175 3694 eumque
1196 3629 1252 3676 ue·

79 3716 184 3783 nisset
204 3717 352 3785 Andreas
374 3720 579 3800 Damascum,
609 3719 750 3805 repperit
772 3720 920 3805 Sergium
948 3719 1169 3806 praeuenisse.
1218 3725 1253 3786 at

79 3846 157 3892 uero
179 3826 328 3895 Mauhias
351 3828 564 3895 simulabatur
585 3828 770 3914 imperatori
792 3830 941 3914 compati.
986 3829 1121 3897 sedebat
1143 3836 1251 3894 autem

79 3937 212 4020 Sergius
234 3944 309 4003 ante
331 3937 487 4003 Mauhian
509 3945 542 4003 et
563 3957 635 4003 eum
656 3938 824 4022 ingressus
845 3938 960 4006 fuisset
973 3937 1132 4019 Andreas,
1156 3937 1251 4002 intui·

30 4061 61 4112 eo
77 4053 129 4114 tus
152 4067 225 4113 eum
247 4047 380 4131 Sergius
404 4048 552 4114 surrexit.
596 4054 727 4113 aluere
749 4046 882 4113 Maubia
904 4047 1052 4131 Sergium
1079 4045 1252 4131 repreben-

77 4155 125 4221 dit
152 4154 264 4222 dieens
293 4155 380 4241 ‘quid
410 4156 627 4223 formidastil’
671 4158 724 4241 qui
755 4157 923 4242 respondit
950 4176 985 4223 se
1014 4156 1105 4221 iuxta
1127 4176 1249 4222 morem

78 4265 204 4332 fecisse.
228 4285 403 4333 conuersus
424 4274 595 4351 praeterea
615 4266 749 4331 Mauhia
770 4265 848 4331 dieit
867 4266 1020 4333 Andreae
1043 4264 1130 4351 ‘quid
1154 4286 1251 4351 quae·

148 4452 284 4536 ttyberui
301 4465 328 4520 b
396 4452 530 4520 tbmanti
600 4464 719 4535 bpreda
737 4465 763 4519 ll
831 4466 958 4520 8herror
975 4482 1047 4521 corr.
1065 4467 1094 4520 la
1110 4465 1207 4520 horror
1224 4464 1252 4521 D

80 4562 110 4613 13
129 4559 294 4614 leleneohorr
311 4563 342 4614 ut
358 4558 413 4613 uid.
431 4558 465 4613 b·
542 4562 574 4613 16
592 4557 724 4614 amulenul
739 4557 765 4613 D
843 4563 873 4613 19
891 4557 1074 4630 eupoleos&
1090 4557 1206 4628 phadale
1222 4555 1251 4613 ll

77 4655 110 4706 20
127 4651 251 4707 bueelrmo
268 4652 295 4707 Ι)
380 4655 413 4706 22
431 4651 584 4706 muhamam
601 4651 628 4706 b
712 4655 744 4706 23
762 4651 890 4706 mnhaure
908 4651 935 4706 o
1019 4655 1050 4706 25
1069 4631 1197 4707 marani
1219 4652 1250 4706 lu

76 4761 130 4799 ras.
149 4747 176 4799 iu
194 4745 221 4800 Ι)
307 4749 339 4800 28
358 4750 384 4800 et
401 4749 434 4799 30
451 4743 635 4800 muhauialll
737 4747 770 4798 29
787 4744 980 4799 muhauranll
1082 4748 1112 4799 31
1133 4743 1206 4815 quod
1222 4744 1250 4801 D

77 4842 109 4893 32
127 4838 164 4908 qd
181 4837 312 4909 quenlll
