2834 5394
472 688 579 736 INDEX
602 682 842 736 ttaelrvtottvtt

1175 668 1248 739 aru·
1266 653 1271 659 ’

81 844 113 893 ’3
148 837 248 892 bellum
266 836 481 892 Macedonicum.
516 836 624 892 Scordi·
675 851 736 890 rum
759 837 848 891 uictus
876 837 912 891 ad
929 836 1071 906 Tigranem
1096 839 1239 893 Armeniae

63 947 172 987 acorum
189 931 349 985 immanitas.
373 947 434 985 cum
452 930 490 985 eia
507 930 626 998 grauiter
676 944 764 997 regem
782 929 910 998 confugit.

64 1024 238 1080 conflictatur
261 1025 312 1093 Ap.
330 1022 466 1078 Claudius.
507 1023 532 1078 ei
555 1022 625 1079 bello
710 1026 726 1076 9
760 1022 1057 1078 LuculliMithridatem
1075 1008 1237 1093 peraequen-

64 1117 172 1172 tandem
203 1117 265 1171 finis
291 1117 432 1186 impositus
465 1131 483 1170 a
506 1115 535 1169 C,
553 1116 625 1172 Scri·
677 1116 711 1169 tis
730 1114 764 1170 de
780 1115 895 1184 Tigrane
912 1116 1035 1171 uictoria.
1066 1116 1237 1172 Mithridates

65 1210 146 1264 bonio
165 1209 288 1264 Curione.
326 1210 424 1265 bellum
441 1212 468 1264 in
486 1210 582 1266 Cilicia
599 1216 625 1264 et
677 1208 742 1262 data
776 1210 920 1264 occasione
952 1210 1049 1264 iterum
1070 1211 1098 1264 in
1121 1211 1239 1265 Pontum

65 1303 239 1372 Pamphylia,
258 1304 292 1357 ad
311 1304 382 1373 quod
399 1305 496 1359 missus
513 1305 544 1358 P.
563 1302 625 1359 Ser·
676 1302 806 1372 irrumpit.
841 1302 957 1357 Lucullo
973 1317 1116 1357 successor
1132 1304 1238 1358 missua.

64 1397 160 1460 uilius,
187 1396 232 1465 qui
255 1412 302 1451 eas
327 1398 450 1466 regiones
473 1413 559 1467 paene
578 1398 623 1453 de·
713 1400 744 1448 to
779 1395 880 1450 Metelli
889 1394 1238 1463 praetorisinSiciliaacta.

65 1491 132 1545 leuit
163 1495 301 1558 reportato
319 1490 432 1544 Isaurici
459 1490 624 1559 cognomine.
678 1488 777 1542 bellum
786 1495 890 1557 gestum
901 1504 961 1542 cum
970 1489 1061 1543 Bessis
1070 1490 1237 1559 praeclarae·
1289 1552 1292 1559 .

66 1583 203 1637 Dalmatia
229 1598 247 1636 a
273 1583 404 1637 Cosconio
429 1583 544 1637 subacta
581 1597 626 1637 ca·

66 1684 181 1745 piaeque
208 1676 330 1731 Salonae.
382 1675 480 1731 bellum
508 1676 587 1731 ciuile
609 1692 626 1730 1

65 1769 169 1838 Lepido
193 1777 310 1833 motum,
339 1769 431 1824 statim
465 1784 625 1839 repressum.

65 1862 142 1915 multi
160 1862 287 1931 triumphi
306 1863 384 1916 simul
401 1863 464 1917 acti.

99 1960 114 2007 4
150 1954 303 2010 Nicomedia
319 1956 626 2026 regiaBithyuiaemors.

66 2049 111 2117 qui
129 2049 258 2117 populum
275 2048 352 2103 Rom.
370 2055 531 2104 testamento
549 2049 625 2103 here-

65 2141 125 2194 dem
142 2141 274 2210 relinquit
305 2141 421 2197 Flaccus
437 2158 492 2196 cos.
509 2144 625 2210 alegate

66 2233 186 2288 Fimbria
209 2235 322 2289 occisus.
358 2235 493 2289 Fimbriae
515 2235 544 2289 iu
561 2236 626 2289 Asia

65 2335 142 2394 gesta
159 2334 254 2381 contra
262 2328 453 2394 Mithridatem,
472 2342 552 2397 quem·
565 2335 625 2383 tau-

63 2427 121 2474 tum
140 2436 194 2474 non
212 2421 290 2489 cepit.
317 2421 358 2475 Ilii
376 2421 521 2476 excidium:
545 2438 625 2491 quam

65 2514 140 2567 Sulla
163 2513 328 2568 reformauit.
363 2514 498 2569 Fimbriae
521 2515 624 2569 111Μί-

65 2606 209 2660 thridatem
250 2605 365 2661 detectio
408 2606 626 2677 Mithridatisque

65 2714 127 2752 cum
145 2699 264 2752 Sertorio
282 2699 388 2754 foedus.

100 2796 114 2842 5
140 2791 311 2845 Mithridates
320 2807 414 2861 pacem
425 2794 532 2862 rumpit.
547 2794 627 2848 Cotta

65 2884 100 2937 ab
118 2898 149 2937 eo
168 2884 264 2937 uictus.
299 2885 347 2939 sed
363 2885 477 2940 Lucullo
494 2900 542 2939 rex
559 2886 626 2940 mul-

65 2977 99 3030 tis
117 2977 224 3044 proeliis
242 2984 315 3031 terra
332 2978 453 3046 marique
467 2979 585 3033 uincitur
602 2986 628 3033 et

66 3070 138 3138 apud
162 3069 288 3140 Cyzicum
313 3071 457 3126 obsidetur.
499 3072 628 3126 uictoriae

65 3165 194 3218 Mamerci
212 3164 245 3218 de
262 3165 341 3233 regiis
358 3164 479 3218 ducibus.
512 3164 626 3234 Physae.

64 3257 194 3327 praefecti
210 3258 375 3312 Mithridatis
393 3273 410 3311 a
424 3257 553 3312 Deiotaro
570 3266 626 3312 tru-

64 3351 154 3405 cidati.

99 3452 114 3497 11
150 3445 320 3498 Mithridates
337 3445 464 3500 obsessus
491 3444 563 3499 lame
580 3461 626 3515 pe·

64 3538 234 3605 atileutiaque
251 3539 369 3604 grauiter
382 3546 498 3593 uexatus
525 3540 594 3593 clam
612 3555 627 3594 e

65 3631 161 3683 castris
179 3630 291 3698 aufugit.
327 3631 433 3686 Luculli
456 3632 485 3684 in
501 3633 568 3686 Asia
585 3631 625 3685 ie·

64 3722 129 3776 licea
152 3739 317 3791 progressus.
350 3723 513 3778 Mithridatia
531 3726 625 3779 classis

65 3821 223 3885 tempestate
250 3822 359 3870 uastata
389 3817 447 3885 ipso
472 3818 519 3872 uix
542 3833 626 3872 emer-

64 3915 150 3977 gente.
186 3909 301 3962 Catilina
313 3909 415 3963 Romae
432 3911 527 3965 incesti
546 3927 626 3966 accu-

66 4010 148 4056 satus.

99 4100 112 4147 1
150 4094 248 4149 bellum
276 4111 337 4149 cum
360 4095 568 4164 gladiatoribus,
599 4097 625 4150 iu

65 4205 118 4258 quo
136 4188 252 4242 Romani
276 4189 358 4244 duces
385 4189 526 4258 aliquoties
546 4191 626 4245 caesi.

65 4283 172 4337 tandem
190 4283 215 4337 ei
232 4282 293 4337 finis
310 4283 452 4351 impositus
469 4299 517 4351 per
534 4284 626 4339 MLi·

678 1597 730 1650 que
747 1597 791 1636 res
808 1587 900 1651 gestae
916 1581 1169 1637 abalteroLueullo
1188 1582 1236 1637 ad-

677 1691 773 1729 uersua
796 1690 842 1729 eas
860 1675 981 1744 aliasque
1004 1682 1097 1743 gentes
1121 1676 1241 1746 bellique

677 1768 847 1823 Macedonici
869 1768 943 1822 fluis:
973 1774 1000 1821 et
1022 1769 1163 1824 amborum
1181 1769 1237 1824 Lu·

677 1861 807 1915 collorum
824 1861 960 1930 triumphi.
993 1862 1092 1916 bellum
1103 1861 1238 1917 Creticum

677 1954 748 2022 quod
766 1970 782 2007 a
800 1954 908 2008 Metello
927 1953 1088 2018 confectum,
1112 1956 1158 2024 qui
1176 1953 1238 2009 inde

678 2047 799 2101 Creticus
817 2047 976 2118 appellatus.
1010 2046 1098 2117 Libya
1114 2031 1238 2102 itomauo

676 2140 787 2209 imperio
811 2157 860 2209 per
886 2146 1076 2195 testamentum
1095 2141 1164 2209 regis
1181 2143 1238 2209 Ap·

676 2233 763 2302 pionis
781 2233 893 2287 accedit.

714 2332 741 2381 11
779 2325 878 2381 bellum
901 2327 1045 2395 piraticum
1082 2328 1150 2381 mira
1177 2327 1238 2382 feli-

678 2422 759 2476 citate
791 2428 817 2474 et
850 2420 987 2474 celeritate
1011 2420 1093 2474 aCn.
1111 2420 1237 2490 Pompeio

676 2514 835 2568 coniectum.
862 2515 907 2581 qui
924 2520 1020 2583 postea
1034 2514 1238 2570 successorLu·

677 2607 746 2661 cullo
764 2607 880 2661 mittitur
903 2607 1034 2661 aduersus
1054 2606 1239 2662 Mithridatem

677 2701 787 2767 eiusque
811 2700 927 2754 uictoria
949 2700 983 2753 dc
1000 2699 1157 2754 Mithridate
1173 2701 1237 2755 iusi·

677 2793 736 2858 gnis
754 2793 876 2860 regisque
893 2791 957 2859 iuga
974 2793 1001 2845 in
1019 2794 1181 2846 Armeniam.

715 2889 744 2937 11
780 2884 924 2953 Pompeius
951 2884 1134 2937 Mithridatem
1168 2886 1239 2940 inae·

678 2977 777 3044 quitur.
811 2976 951 3045 Nicopolis
970 2977 1086 3031 condita.
1121 2977 1241 3048 Pompeii

680 3069 793 3124 uictoria
811 3068 844 3124 de
861 3069 968 3124 Herode
985 3070 1150 3124 Albanorum
1169 3086 1239 3141 rege.

679 3163 749 3217 idem
775 3164 902 3217 Artacem
928 3161 1054 3217 Hiberiae
1072 3179 1159 3230 regem
1175 3163 1238 3218 iun·

679 3256 717 3311 dit
749 3256 856 3325 aliaque
880 3256 914 3309 ab
942 3272 973 3310 eo
999 3257 1137 3323 insigniter
1153 3264 1237 3326 gesta.

679 3349 836 3404 Mithridate
852 3350 880 3403 iu
889 3348 1013 3415 Bosporo
1027 3348 1147 3403 Cerealia
1161 3366 1239 3406 sacra

679 3443 832 3498 celebrante
847 3441 936 3510 grauis
954 3448 1042 3495 terrae
1060 3449 1155 3497 motus.

715 3541 744 3590 13
780 3535 899 3590 Castoris
917 3535 1081 3589 Mithridatis
1108 3536 1237 3605 praefecti

677 3629 799 3684 deiectio.
835 3628 998 3683 Mithridatis
1016 3629 1119 3683 scelera
1137 3637 1164 3683 et
1176 3646 1238 3700 par·

677 3723 779 3777 ricidia.
814 3724 872 3777 eius
903 3737 919 3776 a
945 3722 1000 3776 filio
1024 3721 1165 3778 Pharnace
1190 3723 1238 3778 ob·

678 3817 744 3871 sessi
761 3816 883 3870 interitus
902 3821 929 3869 et
947 3815 1069 3884 elogium.

715 3913 743 3962 11
780 3909 899 3978 Pompeii
919 3924 980 3962 cum
998 3908 1113 3975 Tigrane
1131 3908 1239 3969 bellum,

677 4003 722 4073 qui
740 4017 770 4056 se
788 4002 879 4055 statim
897 4001 1025 4070 Pompeio
1043 4000 1123 4054 dedit.
1158 4002 1238 4056 Pom-

677 4095 730 4166 peii
748 4102 823 4164 gesta
849 4094 979 4148 aduersus
997 4092 1101 4147 Arabes
1118 4094 1239 4149 Ituraeos

678 4195 705 4243 et
728 4190 756 4242 in
781 4188 858 4257 Syria
883 4195 953 4241 acta.
995 4186 1094 4240 bellum
1121 4186 1240 4242 eiusdem

678 4298 740 4337 cum
764 4281 878 4335 ludaeis.
914 4279 980 4333 illud
1004 4280 1102 4334 bellum
1129 4280 1240 4336 orientis

66 4377 164 4431 ciuium
190 4376 316 4430 Crassum
350 4375 481 4444 Spartaco
508 4377 627 4445 ipsorum
679 4391 740 4429 curu
764 4380 830 4443 quot
847 4374 955 4442 regibus
979 4372 1141 4442 aPompeio
1157 4372 1240 4428 inerit

65 4470 209 4538 praecipuo
228 4469 296 4523 duce
320 4485 380 4523 cum
399 4469 519 4523 maximis
536 4469 627 4539 fugiti-
679 4474 790 4535 gestum.

65 4577 158 4615 trorum
177 4563 260 4630 copiis
279 4578 417 4631 oppresso.
714 4566 743 4614 15
780 4561 910 4614 Catilinae
945 4560 1094 4614 coniuratio
1130 4560 1240 4629 eiusque

99 4658 113 4704 8
147 4654 255 4708 Luculli
272 4656 501 4725 ielixprogressus
514 4658 541 4710 in
557 4657 626 4711 bello
677 4655 808 4708 interitus.
845 4660 933 4707 mutua
951 4653 980 4706 in
996 4653 1112 4721 Pelignis
1130 4668 1147 4707 a
1164 4653 1239 4707 Mar·

64 4754 160 4800 contra
171 4748 361 4802 Mithridatem.
390 4749 560 4804 Mithridates
578 4750 627 4803 ite·
678 4747 751 4801 cellis
770 4754 845 4801 ortus
863 4762 970 4815 quoque
983 4760 1161 4814 compressus.
1181 4746 1240 4802 Mc·

117 4841 231 4882 iliaroam
244 4852 362 4884 uracrrmu
1002 4853 1034 4901 10
