2834 5394
10 39 1028 371 u

567 132 617 163 ..ὓ

546 723 620 773 cun.
641 721 810 771 xx-xxm
1192 708 1254 773 479

167 877 252 958 Ergo
275 893 347 941 cum
369 875 403 942 in
424 874 477 942 his
498 873 626 940 dilatati
647 875 786 941 fuissent
812 874 890 941 elati
919 881 995 943 sunt
1025 882 1058 941 et
1079 884 1254 960 coeperunt
1274 879 1376 948 XXII

83 1006 123 1052 ea
144 1005 228 1071 quae
250 985 309 1051 sub
331 986 478 1050 Romana
498 1004 534 1050 re
555 983 686 1069 publica
713 991 807 1050 erant
833 991 940 1052 castra
967 1004 1024 1053 seu
1045 984 1181 1070 praedia
1203 985 1256 1052 de·

84 1104 208 1164 sunere
230 1102 327 1179 atque
348 1095 510 1180 praedari.
541 1094 627 1161 unde
649 1094 683 1159 ui
705 1101 836 1162 coactus
857 1095 1031 1180 imperator
1052 1114 1165 1180 paoem
1181 1095 1256 1161 lecit

84 1225 156 1272 cum
184 1205 233 1272 eis
263 1225 373 1271 annua
399 1204 463 1272 illis
491 1205 647 1290 praebere
675 1210 771 1289 pacta
797 1204 959 1290 pollicitus
980 1203 1014 1269 in
1036 1204 1255 1272 contusionem

53 1318 301 1382 oRonranorum
322 1315 364 1380 ob
386 1313 622 1382 multitudinem
643 1313 841 1380 delictorum.
877 1315 1026 1381 mirabile
1047 1315 1169 1400 quippe
1184 1315 1255 1400 ipso

85 1425 198 1493 auditu
219 1431 289 1491 erat
311 1425 363 1492 his
391 1426 448 1509 qui
469 1425 566 1509 longe
587 1432 620 1492 et
647 1423 698 1491 his
720 1426 775 1509 qui
797 1443 899 1510 prope
919 1423 1090 1508 degebant,
1119 1423 1255 1509 quodie

85 1538 140 1623 qui
168 1555 281 1603 omnes
309 1535 495 1603 tributarios
524 1534 587 1602 sibi
616 1541 786 1617 statuerat,
816 1541 882 1600 tam
904 1534 1026 1602 scilieet
1051 1535 1186 1618 eosqui
1213 1534 1256 1601 ad

86 1668 179 1715 eoum
201 1653 235 1713 et
262 1664 429 1728 oetaeum,
457 1665 554 1728 quam
582 1644 656 1711 illos
678 1645 733 1726 qui
754 1643 797 1710 ad
825 1651 947 1710 arctum
975 1650 1009 1711 et
1028 1644 1256 1712 mesembriam

86 1756 365 1823 commorabantur
392 1755 435 1820 ab
456 1755 521 1822 ista
541 1753 727 1821 detestabili
747 1761 844 1838 gente
871 1754 968 1820 fuerit
988 1760 1168 1840 superatus.
1203 1774 1262 1840 ue,
1393 1790 1397 1796 ·

42 1876 72 1927 re
88 1888 158 1932 rum
180 1868 354 1950 imperator
382 1866 431 1930 ita
456 1863 586 1948 quidem
609 1884 650 1931 ex
677 1863 883 1949 prouidentia
903 1863 958 1931 dei
978 1863 1040 1930 hoc
1061 1862 1257 1931 Christianis

87 1977 261 2060 contigisse
281 1973 426 2057 credens,
449 1974 637 2057 euangelica
652 1980 794 2041 tractans
808 1992 921 2058 pacem
936 1972 1011 2039 iecit
1029 1979 1063 2039 et
1076 1972 1135 2038 tuit
1155 1992 1258 2057 usque

86 2086 129 2152 ad
157 2086 279 2151 obitum
308 2104 401 2150 suum
431 2084 558 2168 quietus
585 2103 607 2148 a
633 2083 756 2150 cunctis
784 2082 948 2164 hostibus,
970 2082 1112 2150 studium
1133 2082 1258 2149 habens

85 2196 293 2281 praecipuum
316 2192 448 2260 uniendi
463 2193 633 2261 uniuersas
647 2193 802 2260 ecclesiae
825 2192 878 2260 dei
893 2212 977 2276 quae
992 2191 1111 2277 ubique
1131 2191 1258 2258 diuisae

88 2306 214 2372 fuerant
235 2325 256 2369 a
277 2303 475 2389 temporibus
504 2302 643 2369 Heraclii
670 2303 785 2387 proaui
813 2302 864 2369 sui
892 2308 925 2369 et
946 2302 1052 2386 Sergii
1078 2301 1194 2369 uesani
1219 2320 1259 2367 ac

42 2420 71 2471 15
87 2414 202 2500 Pyrrhi
232 2414 288 2499 qui
315 2414 449 2498 indigne
479 2412 594 2479 throno
617 2412 943 2496 constantinopoleos
970 2412 1140 2497 praefuere
1161 2432 1258 2476 unam

88 2526 284 2589 uoluntatem
313 2529 345 2588 et
371 2544 468 2588 unam
497 2523 717 2608 operationem
738 2521 773 2588 in
795 2520 925 2588 domino
954 2521 1015 2588 deo
1037 2540 1076 2587 ao
1097 2521 1259 2587 saluatore

87 2641 196 2700 nostro
219 2632 513 2716 dogmatizantium.
558 2653 691 2716 quorum
714 2650 852 2715 nequam
881 2631 1051 2716 opiniones
1072 2630 1259 2697 subuertere

89 2749 242 2824 satagens
270 2740 356 2806 idem
390 2741 678 2808 christianissimus
710 2740 885 2825 imperator
914 2740 1049 2807 concilio
1082 2739 1259 2806 uniuersali

89 2849 401 2934 Constantinopolim
434 2857 609 2915 conuocato
645 2849 853 2915 ducentorum
885 2864 917 2916 et
949 2850 1111 2933 octoginta
1142 2868 1258 2914 nouem

41 2960 313 3045 coepiscoporum
344 2966 410 3024 tam
442 2958 596 3042 dogmata
630 2978 713 3043 quae
748 2959 783 3024 in
818 2959 1082 3026 antecedentibus
1118 2958 1260 3043 quinque

91 3069 212 3137 sanctis
235 3077 267 3135 et
288 3068 527 3136 uniuersalibus
555 3068 700 3135 conciliis
726 3069 853 3135 fuerant
880 3068 1070 3135 confirmata
1096 3068 1260 3134 roborauit

90 3199 251 3263 quamque
273 3180 361 3264 pium
384 3178 520 3244 duarum
542 3178 742 3243 uoluntatum
764 3185 798 3245 et
818 3179 1040 3263 operationum
1062 3177 1259 3264 promulgari

89 3289 207 3372 dogma
229 3287 373 3354 decreuit
394 3307 453 3372 per
474 3286 612 3354 eandem
639 3294 786 3355 sanctam
814 3295 846 3353 et
867 3288 1114 3374 suptilissimam
1134 3287 1260 3353 uniuer-

91 3399 169 3465 salis
191 3398 318 3463 oonoilii
341 3397 509 3482 synodum.
543 3398 595 3463 oui
610 3404 785 3482 praeerant
806 3404 872 3463 tam
888 3397 959 3483 ipse
982 3397 1146 3482 piissimus
1161 3399 1259 3482 impe·

43 3515 74 3566 25
90 3514 176 3573 rator
198 3506 429 3574 Constantinus
451 3527 548 3591 quam
570 3507 617 3591 pii
639 3507 802 3592 principes
826 3507 1038 3574 secerdotum.

174 3617 237 3682 Per
258 3617 343 3683 idem
366 3624 492 3701 tempus
514 3615 598 3681 Azid
619 3618 725 3702 coepit
746 3635 819 3684 esse
847 3616 998 3701 princeps
1019 3616 1171 3700 Arabum,
1206 3618 1260 3701 qui

91 3724 194 3791 tribus
216 3726 268 3792 his
289 3727 428 3810 praefuit
449 3726 554 3792 annis.

175 3834 269 3900 Anno
297 3835 424 3919 imperii
451 3826 654 3901 Constantini
690 3833 878 3899 duodecimo
906 3836 1041 3901 collecta
1068 3843 1119 3902 est
1147 3844 1259 3902 sancta
1279 3834 1396 3903 XXIII

91 3950 124 4010 et
159 3944 352 4012 uniuersalis
389 3951 482 4011 sexte
525 3944 669 4028 synodus
705 3943 1017 4029 Constantinopolim
1053 3943 1260 4009 ducentorum

43 4064 73 4115 30
91 4054 253 4137 octoginta
274 4061 306 4120 et
328 4073 444 4119 nouem
467 4060 649 4119 sanctorum
671 4061 798 4137 patrum
820 4053 1047 4137 praeceptione
1075 4052 1122 4136 pii
1143 4052 1260 4137 princi-

88 4164 140 4248 pis
162 4160 377 4229 Constantini.

173 4273 267 4338 Anno
291 4293 368 4339 uero
390 4270 517 4356 imperii
540 4271 590 4337 sui
611 4271 705 4336 tertio
728 4271 851 4338 decimo
873 4271 1015 4357 reppulit
1028 4269 1260 4337 Constantinus

86 4491 394 4502 ---

160 4662 321 4727 lcepernnt
338 4658 365 4713 Ι)
449 4643 638 4727 erepublica»
658 4655 822 4726 tsur'tm)1)
890 4658 1018 4712 distruere
1036 4655 1069 4710 ll'
1166 4658 1262 4709 lcum

89 4747 185 4804 om.D
236 4751 394 4820 preuerel)
462 4738 593 4807 toedll
662 4755 692 4805 15
710 4749 828 4820 pymb
895 4754 929 4806 26
946 4754 1004 4820 per]
1022 4745 1149 4818 portel)
1199 4744 1261 4801 sard

90 4841 122 4907 P,
140 4841 212 4912 guard
231 4841 274 4915 Dp
327 4849 398 4914 ocprt
415 4842 442 4898 D
492 4844 613 4900 Arabum
629 4859 681 4901 om.
699 4841 727 4898 Il
795 4847 828 4899 30
845 4827 1065 4915 preceptionbll
