2834 5394
93 39 164 419 Ι
1079 156 1083 165 “

520 732 592 781 car.
615 735 888 782 xxvrrr-xxvurr
1247 720 1288 783 99

160 882 315 951 Gracchanis
336 884 523 952 interiectus
544 887 633 951 uelut
655 885 782 969 signum
804 886 882 952 belli
897 887 966 952 fuit.
1009 888 1146 954 Flaccus
1161 886 1287 953 duobus

160 992 211 1060 iliis
225 995 348 1062 armatis
370 995 493 1062 cinctus
521 997 694 1062 comitante
722 996 819 1061 etiam
843 996 989 1061 Graccho
1011 1003 1119 1080 togato
1143 998 1287 1063 breuem-

156 1120 199 1186 quc
218 1103 351 1186 gladium
383 1104 444 1170 sub
476 1105 610 1172 sinistra
640 1107 819 1172 occultante
852 1107 1001 1190 quamuis
1034 1114 1066 1172 et
1093 1125 1285 1191 praeconem

155 1212 239 1280 tnta
256 1214 487 1296 praemisisset,
517 1216 572 1298 qui
595 1234 707 1281 seruos
729 1215 772 1280 ad
793 1216 976 1281 libertatem
998 1222 1138 1298 uocaret,
1160 1216 1286 1281 lanium

134 1328 280 1406 rtanquam
300 1341 410 1389 arcem
432 1324 609 1408 occupauit.
655 1332 765 1391 contra
787 1325 907 1392 Decius
928 1326 1047 1392 Brutus
1069 1327 1120 1391 uir
1142 1325 1286 1390 consula-

152 1432 319 1513 riaaeliuo
340 1432 482 1517 publicio
504 1452 575 1497 cum
598 1433 722 1517 ingenti
745 1418 920 1501 certamine
942 1436 1043 1501 irruit.
1088 1435 1135 1500 ibi
1149 1434 1285 1498 Flaccus

150 1539 188 1605 liu
202 1541 445 1609 obstinatissime
467 1542 642 1608 dimicauit.
687 1542 853 1610 Gracchus
881 1551 1053 1629 postquam
1074 1545 1109 1609 iu
1130 1544 1285 1628 templum

149 1648 279 1716 llinorme
301 1659 491 1735 secesserat,
514 1652 626 1737 gladio
650 1654 835 1720 incumbere
858 1654 971 1719 uolens
998 1655 1180 1720 interuentu
1205 1653 1285 1718 Lae·

149 1761 198 1825 lorii
214 1768 351 1829 retentus
380 1769 438 1828 est.
482 1762 592 1846 itaque
619 1782 690 1827 cum
719 1761 774 1827 diu
802 1782 922 1847 anceps
951 1763 1070 1827 bellum
1098 1763 1284 1845 agitaretur,

122 1869 246 1936 tttaudcm
267 1871 427 1955 sagittarii
450 1870 492 1936 ab
508 1871 638 1956 Opimio
653 1872 744 1939 missi
767 1881 947 1938 consertam
964 1871 1201 1937 multitudinem
1222 1871 1286 1937 dis-

149 1979 335 2046 turbcuerunt.
378 1981 442 2046 duo
463 1981 571 2046 Flacci
600 1989 694 2066 pater
721 1981 872 2064 filiusque
899 2000 971 2045 cum
999 2001 1058 2065 per
1086 1980 1202 2046 aedem
1223 1982 1284 2045 Lu·

149 2089 233 2154 nain
252 2091 415 2174 priuatam
437 2089 567 2156 domum
589 2089 799 2158 desiluissent
826 2092 975 2174 foresque
1005 2091 1208 2171 obiecissent,
1238 2109 1285 2155 re·

149 2197 220 2263 sisso
248 2199 380 2264 craticio
412 2200 535 2283 pariete
562 2200 703 2266 confossi
737 2207 821 2266 sunt.
866 2199 1031 2266 Gracchus
1065 2199 1122 2264 diu
1154 2220 1213 2284 pro
1248 2218 1284 2265 se

149 2306 230 2373 micis
249 2308 469 2393 pugnantibus
492 2327 531 2373 ac
552 2309 761 2394 pereuntibus
784 2328 881 2392 aegre
903 2308 946 2373 ad
961 2315 1090 2394 pontem
1106 2309 1282 2375 Sublicium

121 2418 260 2496 canonic
288 2418 399 2500 ibique
428 2437 470 2483 ne
499 2419 594 2484 uiuus
622 2426 791 2503 caperetur
819 2419 975 2484 ceruicem
997 2439 1092 2485 seruo
1114 2440 1173 2485 suo
1194 2437 1286 2503 prae-

148 2520 200 2589 buit.
236 2535 332 2611 caput
353 2525 493 2591 Gracchi
514 2528 658 2593 excisum
685 2526 809 2593 consuli
838 2527 981 2593 adlatum
1009 2535 1067 2610 est,
1097 2548 1213 2613 corpus
1242 2527 1285 2592 ad

147 2629 295 2700 homeliam
332 2643 467 2702 matrem
503 2636 664 2702 Misenum
701 2636 853 2721 oppidum
891 2637 1059 2704 deuectum
1096 2645 1154 2703 est.
1204 2638 1286 2702 haec

147 2752 224 2808 auam
239 2744 398 2826 Cornelia,
421 2745 565 2810 Africani
588 2747 719 2812 maioris
741 2747 818 2829 tilia,
842 2748 1000 2812 Misenum
1023 2754 1058 2811 ut
1080 2747 1147 2812 dixi
1169 2747 1284 2830 prioris

147 2847 186 2917 filii
201 2862 295 2920 morte
318 2862 509 2922 secesserat.
554 2856 639 2920 bona
661 2855 799 2920 Gracchi
829 2857 993 2939 publicata
1023 2863 1105 2922 suut.
1150 2857 1284 2920 Flaccus

118 2959 304 3031 haddesoena
326 2965 361 3030 in
384 2965 499 3030 robore
521 2971 653 3032 necatus
676 2974 734 3031 est.
779 2985 819 3030 cx
842 2966 980 3029 factione
996 2964 1134 3029 Gracchi
1157 2962 1287 3028 ducenti

147 3073 349 3157 quinquaginta
370 3073 405 3137 in
426 3074 587 3140 Auentino
609 3086 717 3140 moute
738 3076 826 3141 caesi
855 3076 956 3140 luisse
978 3074 1166 3139 referuntur.
1211 3073 1287 3156 Opi-

149 3180 206 3247 uius
225 3184 331 3249 consul
355 3184 437 3249 sicut
459 3185 493 3249 in
515 3184 599 3249 bello
622 3185 712 3251 tortis
735 3186 803 3264 fuit,
833 3185 879 3250 ita
907 3185 941 3249 in
964 3185 1153 3268 quaestione
1176 3182 1285 3247 crude-

147 3285 180 3354 lis.
214 3312 283 3356 nam
306 3294 446 3377 amplius
476 3294 539 3359 tria
566 3294 657 3358 milia
683 3294 848 3360 homiuum
878 3295 1045 3379 suppliciis
1074 3293 1210 3375 uocauit,
1246 3312 1285 3356 ex

148 3398 232 3478 quibus
252 3403 383 3486 plurimi
406 3422 447 3467 rre
462 3402 548 3469 dicta
564 3402 693 3486 quidem
709 3424 808 3469 causa
824 3405 1011 3470 innocentes
1028 3402 1186 3468 interiecti
1201 3408 1284 3466 scrut.

119 3515 139 3567 ὅ
205 3510 305 3576 ladem
335 3511 533 3596 temporibus
562 3513 709 3579 Metellus
731 3514 885 3579 Baleares
916 3514 1039 3578 insulas
1062 3512 1147 3577 bello
1169 3530 1282 3595 perua-
1306 3517 1397 3584 XXV

148 3625 214 3694 gaus
233 3620 373 3686 edomuit
395 3628 427 3686 et
451 3622 617 3705 piraticam
641 3623 888 3704 infestationem,
912 3642 995 3704 quae
1017 3622 1059 3686 ab
1083 3621 1187 3689 isdeur
1209 3627 1284 3686 tunc

148 3729 325 3809 exoriebatur,
349 3730 489 3814 plurima
512 3732 687 3796 incolarum
709 3732 808 3798 coede
830 3732 1030 3816 compressit.

206 3837 331 3906 Gnaeus
360 3860 487 3923 quoque
515 3841 677 3907 Domitius
709 3863 765 3925 pro
795 3843 925 3907 consule
947 3839 1140 3923 Allobrogas
1171 3840 1283 3907 Gallos

146 3939 210 4011 iua
228 3949 380 4035 oppidum
403 3949 589 4015 Vindalium
611 3951 805 4034 grauissimo
835 3951 918 4016 bollo
942 3950 1019 4014 uicit
1045 3950 1186 4014 manime
1214 3969 1284 4014 cuur

116 4050 357 4138 hclcpbautorum
390 4079 475 4124 noua
508 4059 610 4124 forma
642 4060 717 4144 equi
748 4061 887 4127 hostium
916 4059 1091 4143 hostesque
1121 4059 1286 4124 conterriti

144 4158 327 4249 diffugissent.
373 4169 489 4251 uiginti
523 4170 613 4233 milia
646 4169 691 4233 ibi
723 4171 929 4254 Allobrogum
963 4190 1060 4235 caesa
1095 4169 1284 4250 referuntur,

142 4271 187 4337 tria
203 4278 286 4342 milia
307 4285 404 4361 capta
427 4284 510 4344 suut.

190 4477 350 4546 tbrcbemq.
368 4477 449 4545 gladu
469 4476 569 4547 lnp'I)
648 4481 664 4531 4
682 4477 871 4546 praemisisset]
895 4478 1017 4546 pemrllet
1041 4478 1067 4532 1)
1147 4492 1219 4530 ramu
1238 4475 1292 4530 BP

139 4565 182 4619 cod.
197 4567 307 4635 It'thoea',
328 4568 442 4625 orosius
528 4572 543 4621 5
562 4570 715 4637 occupauit]
742 4568 893 4623 uocamtI}
970 4570 1074 4624 habuc
1092 4569 1208 4637 publrcro
1228 4570 1287 4633 BP,

137 4656 205 4714 caloio
224 4663 314 4732 publio
333 4659 473 4717 codPitlr.
525 4661 615 4729 irruit]
632 4662 744 4716 rnimtll
818 4666 897 4714 1113
916 4663 1009 4716 recrllo
1028 4668 1141 4731 gratrcro
1157 4663 1288 4731 parcetis)

138 4755 161 4803 11
176 4743 336 4810 iubtdrcrirll
390 4758 422 4808 lo
440 4753 561 4822 capucii)
620 4757 653 4808 10
671 4752 865 4838 adolescenti)
916 4758 947 4806 25
966 4755 1028 4808 lude
1047 4757 1073 4810 Ι)
1124 4755 1290 4811 ualearelI)

134 4834 238 4902 111ιῐι1ὲ
254 4848 280 4903 Ι)
350 4851 383 4901 tl
402 4846 591 4901 exornabantur
608 4846 634 4901 I)

1046 4950 1083 4999 ἶ*
