3252 5078
278 295 341 358 390
782 307 876 354 urnas
896 305 995 354 xvmr

276 482 351 547 genn
373 463 543 529 Persarum
566 457 742 526 secundum
771 477 893 524 morem
921 478 1014 525 suurn
1042 457 1196 524 nuntians
1217 456 1449 540 promotionem

278 592 382 639 suam.
424 591 488 656 quo
517 589 631 655 pacem
659 590 725 636 non
753 567 943 635 admittente
971 567 1122 634 Tiberius
1149 587 1286 651 magnas
1314 567 1449 633 uirtutes

278 680 487 766 congregauit
508 687 541 746 et
562 678 783 748 disseminatis
813 677 911 763 regiis
940 676 1102 744 thesauris
1125 677 1241 742 multos
1264 676 1338 742 iecit
1359 695 1451 742 exer-

276 791 368 872 citus,
392 811 507 858 creans
528 789 718 875 magistrum
739 787 875 855 orientis
897 786 1138 872 supradictum
1159 786 1385 852 lastinianum.

362 902 473 968 Tertio
495 900 622 986 imperii
643 899 767 966 Tiberii
788 918 874 964 anno
896 917 953 964 rex
974 898 1146 964 Persarum
1169 875 1307 981 sumpthe
1329 895 1480 962 uirtuti-5

277 1013 339 1080 bus
366 1011 435 1078 suis
463 1011 498 1076 in
518 1009 705 1078 Armeniam
734 1014 896 1095 properat.
940 1007 1077 1075 audiens
1104 1015 1212 1073 autem
1234 1009 1450 1072 Romanorum

276 1122 342 1188 dux
364 1140 473 1205 regern
495 1122 667 1187 Persarum
696 1140 754 1205 per
782 1125 885 1186 semet
916 1118 1022 1203 ipsum
1044 1117 1201 1201 proelium
1223 1117 1378 1182 initurum
1398 1136 1451 1182 ex-

274 1230 405 1316 peditus
438 1230 571 1297 effectus
603 1237 662 1296 cst.
707 1229 803 1296 timor
835 1229 923 1295 enim
956 1228 1125 1312 ingressus
1154 1232 1206 1294 est
1234 1227 1268 1292 in
1298 1227 1450 1310 populum

276 1343 494 1408 Romanorum
517 1347 550 1407 et
571 1341 690 1406 idcireo
711 1337 912 1406 lastinianus
934 1338 977 1404 ad
1000 1337 1134 1404 uirtutes
1157 1336 1359 1404 sermonibus
1373 1356 1450 1402 usus

278 1450 474 1537 compescuit
496 1450 678 1517 formidinis
699 1469 854 1535 pugnam.
897 1467 970 1514 oum
1002 1454 1110 1514 autern
1142 1446 1263 1513 bellum
1295 1445 1387 1511 lieret
1419 1451 1451 1512 et
1468 1453 1498 1501 1⁰
1594 1487 1595 1500 ,

278 1561 444 1647 sagittatio
466 1562 638 1628 Persarum
660 1561 747 1626 iacta
775 1559 876 1626 multa
904 1558 1019 1626 luisset
1049 1558 1096 1623 ita
1128 1563 1163 1622 ut
1195 1555 1293 1623 etiam
1327 1555 1451 1622 solares

278 1670 361 1738 radii
385 1672 576 1756 celarentur,
600 1670 677 1735 dum
699 1668 851 1736 uidelicet
871 1669 1009 1735 Romani
1032 1667 1155 1754 clypeis
1177 1667 1283 1733 iacula
1306 1685 1390 1752 quae
1412 1685 1453 1734 ex

279 1781 419 1848 arcubus
440 1781 663 1862 mittebantur,
692 1780 888 1847 continuatis
917 1779 1063 1863 proicere
1085 1779 1279 1859 niterentur,
1304 1796 1376 1841 curn
1399 1795 1454 1842 an·

278 1898 344 1958 tem
366 1889 528 1974 protunda
549 1890 739 1957 consisteret
760 1891 977 1956 Romanorum
1000 1889 1097 1970 acics,
1127 1889 1246 1955 Persae
1274 1887 1358 1952 ferre
1388 1905 1453 1950 non

280 2005 429 2085 poterant
451 1998 509 2066 sed
531 1999 566 2064 in
588 2000 698 2083 lugam
720 1999 856 2065 uertitur
876 1998 1129 2083 Babyloniorum
1151 2005 1282 2064 caterua
1303 2003 1337 2062 et
1358 1995 1453 2062 inter·
1470 2001 1497 2050 ¹⁵
1594 2009 1595 2052 ἑ

283 2115 360 2174 eunt
380 2091 603 2175 multitudines
625 2109 785 2193 copiosae.
831 2109 992 2193 accipiunt
1013 2108 1137 2174 interea
1160 2115 1192 2172 et
1206 2108 1377 2174 Persarum
1400 2127 1454 2172 su·

279 2219 474 2306 pellectilem
497 2224 530 2285 et
551 2217 673 2302 regium
695 2219 937 2284 tabernaculum
965 2225 1129 2302 totumque
1159 2217 1373 2284 clarissimum
1396 2236 1454 2300 an

281 2334 438 2415 paratum.
484 2333 594 2394 oenent
623 2335 730 2395 autem
765 2327 955 2415 elephantes
984 2328 1119 2394 Romani
1154 2333 1185 2392 et
1217 2325 1260 2392 ad
1289 2326 1452 2392 Tiberium

280 2439 410 2504 mittunt
437 2437 583 2523 insignes
611 2444 644 2505 et
671 2439 779 2522 regias
808 2439 883 2506 illas
911 2439 1056 2504 exuuias.
1100 2437 1209 2522 itaque
1237 2438 1342 2520 legem
1363 2435 1454 2519 ponit

280 2550 452 2616 Persarum
473 2568 531 2615 rex
552 2550 772 2616 confusionem
794 2569 860 2614 non
882 2549 989 2616 ferens
1011 2568 1185 2632 numquam
1201 2546 1265 2611 iam
1282 2547 1454 2612 Persarum
1468 2549 1498 2600 2⁰

282 2677 387 2741 regem
419 2657 453 2723 in
487 2659 645 2742 proelium
676 2679 891 2744 egressurum.
936 2665 970 2723 at
997 2677 1073 2724 nero
1102 2659 1266 2723 Romanus
1295 2655 1452 2723 exercitus

280 2774 354 2852 post
366 2767 516 2834 Persicas
538 2789 712 2835 aerumnas
734 2770 833 2835 etiam
855 2767 898 2834 ad
920 2767 1035 2833 intima
1049 2766 1193 2834 Persidis
1214 2765 1400 2851 properauit
1421 2771 1454 2830 et

280 2877 412 2942 multum
450 2875 515 2942 illic
551 2877 710 2943 excidium
746 2885 778 2943 et
814 2877 1034 2961 captiuitatem
1070 2876 1221 2960 patrauit,
1259 2875 1454 2960 perueniens

280 2987 377 3054 etiam
398 2986 433 3053 in
455 2987 594 3052 medium
617 2987 790 3072 Hyrcanici
813 2986 921 3054 maris.
965 3006 1036 3052 cum
1058 2993 1165 3052 autem
1188 2985 1292 3052 hiems
1322 2985 1453 3052 adesset

148 3177 158 3194 ι
279 3118 345 3164 non
375 3103 559 3162 remearunt
581 3096 723 3175 Quirites
756 3096 798 3162 ad
831 3095 964 3181 propria
994 3095 1054 3164 sed
1084 3096 1119 3163 in
1146 3095 1280 3164 Perside
1314 3095 1453 3160 hiemem
1470 3104 1499 3154 25
1537 3119 1541 3130 ·
1594 3083 1595 3112 ³

278 3212 514 3291 hansegerunt.
1594 3199 1595 3208 ’

216 3315 260 3380 Vl
367 3317 467 3380 Porro
501 3312 615 3380 eodem
648 3335 735 3380 anno
769 3315 875 3400 coepit
905 3313 1078 3382 aedificare
1111 3315 1261 3382 'liberius
1292 3313 1455 3398 publicum

280 3425 532 3491 Blachernarum
554 3431 587 3490 ct
608 3426 776 3491 renouauit
804 3427 922 3492 multas
951 3425 1105 3492 ecclesias
1134 3433 1166 3492 et
1193 3423 1395 3492 xenodochia
1423 3431 1457 3490 et
1594 3445 1595 3512 l

279 3535 484 3618 hierocomia,
523 3535 679 3618 iussitque
710 3554 745 3603 sc
767 3534 864 3603 scribi
886 3535 921 3601 iu
942 3534 1129 3620 phoeniceis
1151 3535 1267 3602 litteris
1289 3533 1456 3600 Tiberium
1594 3615 1595 3626 ἵ

281 3645 538 3714 Constantinum.
1471 3651 1501 3701 ao
1594 3629 1595 3690 7

363 3757 493 3822 Interea
526 3755 702 3838 imperator
733 3754 884 3821 Tiberius
918 3754 1035 3838 emptis
1068 3753 1255 3837 corporibus
1288 3753 1454 3838 gentilium

283 3867 449 3934 constituit
469 3865 617 3930 militiam
637 3865 673 3930 in
694 3884 812 3932 nomen
826 3863 1006 3948 proprium,
1029 3863 1184 3930 amiciens
1206 3869 1238 3929 ct
1251 3883 1382 3929 armans
1398 3883 1454 3927 eos

280 3977 315 4041 in
336 3975 426 4041 milia
447 3975 639 4058 quindecim,
669 3974 752 4041 dans
775 3976 806 4041 ci
829 3975 942 4040 ducem
964 3973 1153 4040 Mauricium
1176 3974 1325 4040 comitem
1346 3972 1455 4038 foedo-

279 4165 317 4171 -.
328 4164 579 4181 ..-.,.-„...-..-

346 4249 735 4322 tettiettltyherrulll
786 4248 960 4321 stybsmb
1013 4249 1212 4318 lttyberuiD
1272 4246 1456 4304 tlertlnrlD

281 4349 314 4398 34
336 4341 518 4398 hircumch
603 4347 635 4398 tl
655 4342 774 4414 ceprtll
875 4345 908 4396 28
926 4341 1131 4397 blacernarilD
1218 4345 1251 4396 29
1266 4338 1456 4412 phenourb

275 4434 450 4506 tybenumD
519 4439 551 4492 33
570 4435 732 4493 adserenti)
799 4439 833 4491 33
849 4433 1005 4491 lederatoru
1024 4434 1051 4490 1>
