2834 5394
526 110 534 127 P
599 98 605 111 ι

576 152 582 167 ι

571 745 644 795 cnr.
667 746 814 794 vr-vnu
1208 733 1265 796 531

99 919 155 964 sus
178 898 212 963 in
233 896 364 963 ciuitate
387 897 541 963 saluatur.
570 906 742 982 praeterea
763 918 874 965 mense
887 900 1032 982 Augusto
1054 899 1199 966 eiusdem
1214 919 1271 966 un-

98 1009 243 1075 decimae
263 1007 448 1075 indictionis
469 1008 601 1077 Nioetas
623 1016 881 1094 monostrategus
902 1010 989 1075 filius
1002 1009 1178 1075 Artauasdi
1200 1029 1271 1075 eum

98 1120 261 1186 intulisset
276 1118 487 1185 Constantino
503 1119 590 1203 apud
604 1120 784 1186 Modrinenr
807 1139 846 1185 ac
861 1119 1019 1206 Oysseum
1041 1119 1160 1185 bellurn
1180 1127 1273 1204 terga

98 1239 228 1297 uertens
250 1230 382 1314 aufugit,
407 1235 439 1296 et
461 1229 622 1313 quendam
645 1230 824 1296 Tiridatem
845 1230 1033 1296 Armenium
1062 1230 1272 1295 fortissimum

67 1356 82 1405 5
99 1342 232 1406 militem
255 1349 287 1406 et
308 1339 536 1407 consobrinum
550 1341 725 1407 Artauasdi
743 1360 815 1406 curu
837 1342 912 1409 aliis
928 1341 1036 1406 multis
1059 1341 1171 1407 electis
1185 1341 1296 1426 prin.

99 1453 225 1536 cipibus
247 1451 415 1517 interfecit.
459 1452 626 1535 utriusque
656 1471 732 1517 uero
761 1453 863 1537 partis
892 1470 987 1518 casus
1016 1450 1104 1516 haud
1125 1449 1271 1516 ruodious

97 1563 200 1629 taetus
222 1568 271 1629 est
292 1561 516 1626 Armeniorum
538 1562 662 1628 seilicet
684 1569 715 1627 et
729 1563 992 1627 Armeniaeorum
1014 1560 1272 1645 impugnantium

98 1673 257 1740 aduersus
273 1672 448 1737 orientales
462 1679 560 1756 atque
575 1671 770 1738 'Phracesios
786 1671 991 1738 Constantini
1006 1678 1273 1755 propugnatores.

98 1790 237 1849 ceterum
261 1783 412 1866 antiquus
435 1782 538 1849 hostis
561 1782 710 1849 diabolus
732 1791 844 1848 contra
859 1782 1061 1848 Christianos
1076 1781 1292 1864 temporibus

51 1906 81 1954 10
99 1894 170 1960 istis
192 1894 290 1959 talern
313 1892 468 1958 excitauit
489 1893 660 1958 saeuitiam
684 1901 715 1960 et
738 1893 965 1958 mactationem
981 1892 1139 1956 alternam
1164 1897 1200 1954 ut
1213 1889 1272 1954 tilii

100 2004 197 2069 ctiaun
220 2011 331 2068 contra
352 2009 503 2087 parentes
525 2012 557 2069 et
579 2003 694 2069 tratres
717 2011 828 2068 contra
850 2003 964 2069 tratres
995 2006 1273 2067 commonerentur

98 2134 163 2179 nou
193 2120 363 2198 parcentes
392 2134 413 2178 a
441 2112 541 2178 caede
569 2119 602 2179 et
629 2112 926 2180 immisericorditer
952 2111 1200 2177 incenderentur
1229 2108 1274 2175 al·

97 2231 209 2289 ternae
232 2223 387 2289 stationes
409 2242 447 2287 ae
469 2221 593 2290 domus.

181 2334 271 2399 Inter
292 2332 373 2399 haee
395 2339 504 2399 autem
526 2342 557 2399 et
579 2333 821 2399 huiuscemodi
844 2333 1030 2418 Stephanus
1052 2351 1140 2417 papa
1155 2331 1271 2395 Itoma-
1293 2318 1374 2386 VIII

51 2457 79 2504 15
98 2465 158 2510 nus
180 2445 281 2509 multa
302 2445 389 2508 mala
411 2443 452 2508 ab
474 2443 600 2509 Astullo
623 2463 699 2527 rege
721 2443 1008 2528 Langobardorum
1031 2460 1207 2527 perpessus
1229 2440 1272 2505 ad

96 2554 240 2620 Francos
263 2553 403 2636 confugit
425 2553 485 2620 sub
507 2554 623 2638 Pipino
652 2554 707 2637 qui
730 2555 833 2620 rrraior
861 2553 975 2621 domus
1005 2559 1075 2619 erat
1097 2559 1129 2619 et
1149 2552 1272 2636 primas

98 2664 131 2729 in
155 2665 297 2729 omniurn
320 2663 533 2747 dispositione
561 2682 667 2728 rerum
690 2664 887 2729 Francorum
915 2664 1023 2749 gentis
1045 2662 1161 2746 quibus
1184 2660 1272 2726 uide·

98 2774 172 2838 licet
195 2773 270 2837 olirn
293 2774 391 2838 moris
414 2779 484 2837 erat
505 2771 668 2836 doruinuur
698 2773 731 2836 id
763 2781 813 2839 cst
840 2793 949 2856 regem
979 2792 1071 2840 suum
1095 2770 1272 2837 secuudum

98 2902 201 2964 genus
224 2882 400 2966 principari
415 2886 448 2946 et
461 2881 507 2945 nil
524 2900 621 2964 agere
637 2883 690 2945 uel
706 2880 878 2966 disponere
892 2903 989 2965 quarn
1009 2879 1273 2945 irrationabiliter

49 3008 82 3059 20
99 2991 194 3055 edere
217 2998 249 3057 et
270 2990 382 3056 bibere
404 2990 554 3074 domique
587 2991 705 3055 morari
738 2998 770 3056 et
798 2990 950 3058 kalendis
978 2990 1056 3055 Maii
1085 2987 1273 3073 praesidere

99 3122 206 3166 coram
230 3109 297 3166 tota
318 3108 415 3184 gente
438 3107 470 3166 et
492 3100 633 3166 salutare
655 3100 728 3166 illos
761 3111 793 3166 et
814 3101 949 3167 salutari
970 3101 1012 3166 ab
1040 3100 1107 3166 illis
1130 3106 1163 3165 et
1183 3098 1273 3164 obse·

98 3213 174 3296 quia
196 3212 292 3277 solita
319 3212 470 3295 impensa
497 3213 664 3295 percipere
691 3217 724 3276 et
752 3211 818 3277 illis
846 3210 933 3276 dona
962 3208 1141 3296 rependere
1170 3208 1275 3274 etsie

98 3343 206 3389 securu
231 3342 333 3405 usque
355 3320 397 3386 ad
413 3322 532 3385 Maium
555 3322 654 3386 aliurn
671 3321 828 3403 habitare,
852 3320 973 3386 habere
996 3328 1104 3386 autern
1120 3319 1274 3383 maiorem

98 3432 212 3498 doinus
235 3432 370 3497 consilio
394 3451 451 3497 suo
475 3440 507 3497 et
528 3432 635 3514 gentis
657 3431 767 3496 omnia
789 3430 991 3497 ordinantem
1014 3430 1153 3514 negotia.
1191 3428 1275 3493 diee-

50 3562 80 3612 25
98 3542 215 3606 bantur
238 3560 316 3607 sane
338 3561 519 3624 exgenere
541 3542 596 3606 illo
626 3539 862 3608 descendentes
887 3541 1048 3607 Cristatae
1070 3538 1156 3625 quod
1179 3536 1275 3604 inter·

100 3658 242 3735 pretatur
275 3650 535 3731 'trichorachati‚
572 3651 657 3733 pilos
686 3652 773 3717 eninr
802 3651 965 3717 habebant
992 3656 1085 3717 natos
1113 3649 1147 3714 in
1180 3648 1277 3733 spina

98 3761 198 3825 ueluti
220 3760 319 3844 porci.

184 3869 372 3935 Praedictus
385 3869 493 3953 itaque
505 3868 689 3952 Stephanus
711 3870 743 3934 ui
760 3888 892 3953 pressus
907 3877 939 3934 et
953 3868 1143 3934 crudelitate
1157 3868 1273 3934 Astulfi
1297 3858 1395 3925 VIIII

99 3987 228 4045 coactus
259 3980 354 4045 simul
383 3979 481 4044 etiarn
509 3979 551 4044 ab
581 3979 651 4063 ipso
680 3978 870 4045 adhortatus
898 3979 946 4045 ire
978 3980 1012 4043 in
1041 3978 1214 4043 Franciam
1245 3983 1276 4042 et

50 4090 205 4160 adiacere
241 4089 464 4173 quodcumque
500 4096 611 4171 posset
644 4089 779 4155 ueniens
801 4088 951 4173 Pipinmn
974 4087 1137 4173 prouehit,
1170 4087 1275 4151 uiruru

98 4201 131 4265 in
162 4200 311 4266 omuibus
341 4199 622 4284 probatissimum,
653 4198 708 4283 qui
736 4205 886 4284 praeerat
914 4204 990 4263 tunc
1019 4217 1146 4282 quoque
1178 4196 1276 4263 rebus

97 4318 171 4395 post
193 4330 302 4393 regem
325 4317 357 4375 et
379 4309 600 4375 debellauerat
613 4308 739 4376 Arabes
755 4309 810 4390 qui
832 4309 874 4374 ab
896 4308 1007 4374 Atrioa
1027 4309 1062 4374 in
1082 4307 1276 4392 Hispaniam

168 4606 287 4658 lunense
302 4608 306 4671 l
321 4605 410 4658 mense
427 4590 523 4673 audi)
614 4601 793 4656 artabasdrll
897 4589 1012 4656 tertled
1029 4601 1056 4656 Ι)
1157 4585 1276 4670 equini

97 4683 211 4764 patrrcrd
232 4682 386 4752 terlatdl)
489 4665 719 4753 tarthauddrl)
824 4698 854 4749 tt
880 4695 916 4749 ad
940 4694 1049 4749 cedell
1144 4696 1174 4747 14
1192 4696 1274 4761 papa]

97 4774 139 4858 pp
157 4788 183 4843 Ι]
279 4795 309 4844 16
327 4791 430 4860 prunus
444 4790 471 4845 l)
563 4794 595 4842 20
613 4789 640 4842 lrl
658 4773 757 4842 mail)
851 4792 883 4842 tt
902 4786 1079 4843 descendente
1097 4782 1276 4841 christete-D

99 4887 130 4936 32
152 4882 289 4938 aur-reah

1015 4985 1072 5038 tt*
