2834 5394
622 704 696 752 css.
719 704 740 751 1.
764 704 790 750 11
1248 691 1286 751 71

99 910 101 921 .
160 856 361 923 conditionibus
393 855 429 920 in
462 856 556 923 fidem
589 856 729 940 aceepit,
769 856 892 939 ingenti
929 857 1034 940 gloria
1068 856 1288 941 triumphauit.
1337 840 1342 849 ’

99 1024 102 1035 ,
159 967 221 1032 dnrit
244 974 316 1033 ante
348 985 477 1031 ourrurn
509 965 730 1032 nobilissimos
762 966 894 1033 obsides
923 966 1122 1032 Demetrium
1145 966 1289 1051 Philippi

99 1074 101 1079 ’
159 1078 227 1143 tbn
244 1086 274 1142 et
294 1077 468 1142 armenem
490 1075 639 1142 Nabidis.
683 1077 820 1141 Romani
843 1077 973 1160 captiui,
1002 1078 1058 1160 qui
1085 1078 1146 1144 sub
1168 1076 1289 1141 Hauni-

157 1189 206 1253 btle
221 1206 272 1273 per
291 1184 466 1252 Graeciam
487 1184 610 1252 nenditi
638 1187 774 1267 luerunt,
804 1186 946 1252 uniuersi
976 1188 1097 1270 reoepti
1129 1186 1289 1271 capitibus

130 1298 214 1363 ansis
229 1297 267 1362 ob
288 1296 450 1363 detersam
473 1297 660 1362 semitutem
682 1315 808 1362 currum
831 1295 1061 1380 triumphantis
1082 1296 1184 1362 secuti
1205 1301 1289 1361 sunt.

213 1407 326 1473 tndem
347 1413 493 1491 tempore
515 1406 667 1473 Insubres
689 1413 720 1472 et
741 1406 825 1489 Boii,
857 1427 878 1471 a
900 1407 1019 1489 quibus
1040 1406 1191 1470 Ticinum
1214 1405 1290 1469 oiui·

152 1524 189 1583 las
203 1517 321 1583 tendito
342 1523 403 1601 est,
432 1523 530 1600 atque
551 1514 771 1582 (laenomanni
795 1517 968 1583 contractis
990 1516 1024 1581 in
1046 1537 1145 1581 unum
1167 1516 1292 1582 uiribus

152 1626 303 1693 Hamilcare
316 1629 498 1692 Poenorum
514 1625 604 1708 duee,
627 1626 680 1710 qui
704 1626 851 1692 initalia
866 1634 1074 1709 remanserat,
1098 1625 1290 1691 Cremonam

152 1737 381 1822 Phaestiamque
404 1744 579 1817 uastantes,
602 1736 792 1802 dillioillimo
815 1737 899 1802 bello
921 1737 1055 1801 aLuoio
1070 1736 1185 1801 Fuluio
1200 1754 1291 1820 prae·

110 1856 137 1903 ¹⁰
152 1856 202 1912 tore
223 1848 360 1933 superati
391 1853 476 1914 sunt
519 1848 632 1912 oonsul
654 1846 826 1914 Marcellus
854 1847 889 1911 in
916 1847 1046 1911 Etruria
1077 1867 1097 1910 a
1118 1846 1208 1911 Boiis
1232 1824 1292 1908 ob-

152 1976 255 2041 possm
276 1977 428 2042 magnam
449 1965 572 2041 partem
595 1959 754 2023 exereitus
775 1956 927 2042 perdidit.
972 1957 1021 2020 oui
1045 1962 1160 2040 postea
1173 1955 1291 2020 Furius

153 2066 213 2131 alter
229 2069 334 2134 consul
357 2067 479 2133 anxilio
501 2068 639 2134 aooessit
660 2076 757 2154 atque
780 2069 826 2132 ita
848 2067 1035 2132 uniuersam
1051 2065 1201 2131 Boiorum
1215 2082 1292 2145 gen-

151 2183 200 2240 ten
220 2178 281 2261 igni
309 2178 457 2261 ferroque
492 2184 658 2244 uastantes
687 2177 919 2263 propemodum
948 2194 1050 2259 nsque
1084 2173 1127 2240 ad
1155 2173 1290 2239 nibilum

152 2284 318 2352 deleuerunt.

117 2403 141 2452 tt
215 2395 339 2478 <Postea
360 2396 538 2463 Flaminius
560 2399 732 2483 prooonsul
754 2397 940 2483 Philippum
967 2416 1075 2480 regem
1104 2401 1229 2460 etcum
1253 2412 1291 2458 eo
1313 2390 1347 2457 11

152 2503 268 2573 Thracas
288 2506 483 2573 blaeedonas
505 2507 636 2592 Illyrios
658 2508 840 2591 multasque
862 2514 1033 2593 praeterea
1054 2514 1178 2588 gentes,
1209 2521 1293 2588 quae

151 2614 297 2682 maurilio
320 2618 350 2683 ei
374 2624 539 2698 uenerant,
569 2617 653 2682 bollo
683 2619 819 2700 subegit.
865 2618 940 2682 uioti
963 2616 1156 2682 Macedones
1186 2621 1294 2680 eastra

151 2727 307 2793 amiserunt
351 2735 422 2793 ooto
450 2727 540 2792 milia
567 2727 706 2793 bostium
736 2746 773 2792 oo
804 2727 858 2793 die
886 2746 997 2810 oaesa,
1033 2727 1174 2810 quinque
1202 2723 1294 2788 milia

150 2844 223 2919 mpla
235 2839 385 2922 Polybius
409 2838 529 2905 scribit.
574 2837 724 2903 Valerius
746 2837 825 2902 dicit
847 2836 1064 2921 qnadraginta
1087 2836 1177 2900 milia
1198 2833 1294 2898 truoi-

116 2942 217 3026 adra,
237 2948 389 3014 Claudius
411 2967 488 3013 uero
510 2947 644 3031 triginta
666 2946 730 3012 duo
752 2948 843 3012 milia
866 2947 1033 3012 interiecta
1054 2950 1294 3010 commemorat.

150 3055 193 3120 sed
220 3058 295 3124 haee
327 3059 470 3124 uarietas
502 3059 692 3142 scriptorum
734 3058 843 3141 utique
883 3058 1013 3122 lallaoia
1042 3062 1100 3122 est.
1145 3052 1296 3119 lalluoiae

149 3180 233 3232 autem
253 3188 352 3234 eausa
373 3169 514 3253 proieoto
536 3166 680 3233 adulatio
703 3174 753 3234 est
773 3167 850 3233 dum
871 3168 1003 3233 uictoris
1019 3165 1134 3232 laudes
1150 3183 1297 3230 aooumu·

148 3275 200 3342 laro
217 3280 428 3362 uirtutemque
450 3279 576 3363 patriae
599 3280 753 3345 extollere
776 3280 829 3343 uel
850 3277 1078 3362 praesentibus
1107 3277 1159 3340 uel
1191 3282 1297 3359 poste-

148 3385 183 3451 ris
199 3389 328 3455 stmlent.
373 3389 517 3473 alioquin
551 3389 578 3455 si
613 3389 786 3472 inquisitus
819 3410 884 3454 non
914 3389 1028 3454 luisset
1056 3405 1208 3451 numerus
1239 3402 1298 3448 noo

114 3498 366 3584 squamamque
388 3500 503 3566 luisset
524 3518 708 3583 expressus.
753 3497 839 3581 quod
872 3499 900 3564 si
932 3498 1109 3582 gloriosum
1143 3502 1194 3562 est
1225 3492 1299 3558 duoi

149 3610 300 3690 ttpatriae
322 3609 478 3694 plurimos
500 3608 640 3675 hostium
669 3609 856 3693 peremisse,
895 3616 1016 3692 quanto
1045 3607 1151 3690 magis
1179 3606 1300 3670 laetum

150 3718 249 3796 patriae
270 3726 301 3785 et
323 3718 459 3786 duoibus
483 3718 611 3784 beatum
633 3725 741 3802 potest
763 3718 867 3784 uideri
890 3739 1022 3785 suornm
1048 3718 1101 3782 uel
1117 3717 1223 3782 nullos
1247 3715 1298 3779 uel

150 3830 337 3905 pertissimus
359 3828 565 3914 perdidisse?
609 3828 656 3893 ita
676 3828 878 3896 lucidissime
900 3835 993 3913 paret
1015 3828 1093 3911 quia
1121 3827 1221 3893 simili
1243 3826 1301 3889 im-

150 3935 279 4015 pudentia
300 3937 487 4021 mentiendi,
523 3959 587 4022 qua
615 3939 793 4004 occisorum
822 3939 964 4004 hostium
993 3958 1126 4002 numero
1152 3935 1298 4014 adicitur,

114 4047 283 4114 noeriorum
320 4068 447 4133 quoque
483 4048 675 4114 amissorum
711 4048 832 4114 damna
875 4049 1062 4113 minuuntur
1107 4045 1159 4110 uel
1204 4045 1301 4108 etiam

150 4158 255 4223 onnino
277 4160 459 4225 reticentur.

199 4435 441 4499 toondurombd)
510 4434 701 4505 tphrllpprl)
771 4441 904 4489 tanmem
922 4430 1031 4488 nautdri
1046 4432 1087 4496 b,
1105 4430 1202 4485 deinde
1219 4429 1304 4484 fibum

147 4525 233 4583 alul)
332 4534 347 4583 5
372 4528 408 4584 ob
433 4527 537 4582 detersa
554 4527 737 4583 fermtudell
840 4533 855 4582 6
883 4528 979 4582 ciuitas
1002 4525 1119 4596 sampsi:
1146 4522 1304 4579 crustatriD

146 4620 315 4677 irenomannr
339 4621 392 4677 ab
460 4621 659 4676 Shamdohare
676 4620 715 4685 l),
738 4618 928 4674 amrlchareB
981 4620 1075 4673 ducem
1093 4617 1119 4671 Ι)
1207 4621 1237 4670 lb
1255 4633 1303 4687 op·

145 4714 270 4777 statuta
341 4713 561 4769 1anrteruntll
631 4718 662 4767 lo
681 4711 841 4783 polypmsI)
914 4718 942 4767 21
964 4711 1111 4766 lallatral)
1162 4711 1305 4766 fallatrel)

145 4805 169 4858 li
182 4807 383 4864 rmbudentrall
434 4811 467 4860 ‘29
486 4806 609 4876 quaml)
661 4822 771 4860 numero
791 4806 930 4862 (berturi)
