2834 5394
503 664 576 713 cae.
598 667 864 715 xxxva-xxxin
1212 656 1273 719 583

100 815 239 882 sabbato
262 835 356 880 mane
378 823 535 880 uenerunt
556 815 600 881 ad
622 817 733 883 urbem
756 825 787 883 et
808 818 1006 886 incluserunt
1028 839 1101 885 eum
1122 820 1156 886 iu
1179 820 1274 887 domo

101 927 276 1010 Purpurea,
300 926 334 990 in
356 932 474 1009 quaet
495 932 591 993 natus
614 935 678 1009 est,
709 935 741 994 et
768 929 854 994 circa
882 930 999 996 horam
1022 950 1142 995 nonam
1165 929 1275 995 crude·

102 1036 174 1100 liter
196 1042 229 1100 et
255 1035 479 1100 insanabiliter
506 1035 614 1101 oculos
646 1037 716 1102 eius
745 1039 888 1104 eucllunt
923 1041 970 1104 ita
1000 1046 1034 1105 ut
1067 1039 1152 1104 hunc
1187 1059 1273 1106 mors

104 1145 305 1229 subsequens
334 1146 501 1211 confestim
524 1146 728 1229 extingueret
748 1148 883 1215 oonsilio
904 1149 1018 1215 matris
1040 1149 1111 1215 eius
1141 1156 1173 1214 et
1201 1167 1273 1214 con·

66 1256 295 1321 osiliariorum
317 1255 430 1339 ipsius.

185 1364 423 1431 obtenebratus
445 1370 494 1429 est
515 1369 622 1430 autem
651 1366 698 1430 sol
728 1384 786 1450 per
807 1365 878 1432 dies
900 1364 1010 1432 decenn
1033 1373 1065 1432 et
1086 1377 1210 1453 septem
1233 1374 1266 1434 et
1279 1362 1413 1432 XXXX

100 1495 164 1541 non
193 1474 283 1539 dedit
310 1474 419 1539 radios
442 1493 532 1554 suos,
570 1473 616 1538 ita
645 1479 679 1538 ut
707 1474 895 1542 oberrarent
921 1497 1024 1543 naues
1054 1483 1086 1544 et
1113 1478 1272 1544 ferrentur

100 1604 276 1668 omnesque
298 1583 441 1649 dicerent
461 1589 558 1667 atque
580 1583 814 1667 confiterentur,
838 1585 1075 1672 quodpropter
1102 1587 1273 1671 imperato·

99 1696 144 1760 ris
177 1693 434 1759 obcaecationem
468 1693 516 1758 sol
550 1692 742 1761 obcaecatus
774 1693 884 1762 radios
915 1715 991 1762 suos
1012 1698 1192 1763 retraxerit.
1237 1705 1273 1763 et

54 1804 207 1868 totaliter
229 1800 270 1868 de
292 1809 398 1868 cetero
420 1802 558 1885 imperat
579 1801 697 1868 Eirene
719 1809 821 1868 mater
842 1804 922 1871 eius.
1345 1798 1348 1804 ’

184 1911 307 1977 Eodem
340 1911 437 1977 etiam
469 1930 555 1975 auno
588 1918 621 1976 et
641 1913 762 1978 Romae
798 1914 927 1997 cognati
959 1915 1076 1981 beatae
1097 1915 1272 1981 memoriae

99 2021 257 2087 Hadriani
278 2039 384 2105 papae
406 2028 643 2087 commonentes
664 2022 819 2106 populum
846 2025 1029 2089 tumultuati
1057 2032 1132 2091 sunt
1159 2030 1272 2090 uonna

99 2133 240 2198 Leonem
261 2149 380 2215 papam
403 2137 435 2194 et
455 2135 602 2196 tenentes
624 2139 838 2197 caeoauomnt
859 2152 941 2214 eum,
965 2141 1162 2200 nontamen
1184 2134 1272 2219 peni·

99 2248 151 2307 tus
172 2241 280 2306 lumen
302 2240 373 2305 eius
395 2239 583 2322 extinguere
605 2247 786 2326 potuerunt.
831 2242 942 2308 atille
970 2243 1112 2326 confugit
1139 2242 1183 2308 ad
1206 2243 1271 2308 Ka·

53 2367 81 2415 15
98 2352 200 2416 rolum
221 2350 419 2414 Francorum
441 2368 560 2431 regem,
590 2351 645 2434 qui
666 2351 752 2417 ultus
774 2357 824 2417 est
845 2351 991 2417 inimicos
1014 2353 1083 2419 cius
1105 2372 1217 2419 amare
1239 2359 1272 2418 et

97 2461 212 2526 iterum
234 2459 374 2525 restituit
396 2459 486 2524 illum
509 2459 643 2525 insede
671 2481 740 2526 sua.
784 2467 924 2526 ceterum
947 2461 1051 2527 uicem
1072 2461 1194 2528 Karolo
1221 2481 1269 2526 re

98 2588 311 2653 compensans
350 2567 515 2632 coronauit
541 2568 576 2632 in
603 2569 827 2654 imperatorem
856 2571 890 2635 in
919 2572 1038 2655 templo
1067 2573 1171 2638 sancti
1193 2590 1271 2654 apo·

98 2679 173 2744 stoli
195 2677 280 2742 Petri
303 2690 488 2760 perungens
510 2677 580 2742 oleo
603 2697 624 2741 a
645 2679 750 2763 capite
771 2698 874 2762 usque
897 2679 940 2743 ad
961 2680 1063 2765 pedes
1085 2686 1118 2746 ct
1139 2681 1270 2745 circum-

98 2788 181 2854 dans
210 2784 418 2870 imperatoria
447 2793 537 2850 ueste
564 2793 661 2869 atque
688 2806 806 2853 corona
835 2793 948 2852 octauo
970 2787 1131 2854 kalendas
1153 2788 1271 2853 Ianua-

47 2916 81 2966 20
98 2899 174 2977 rias,
197 2894 381 2960 indictionis
404 2912 519 2959 nonae.
564 2895 661 2978 igitur
680 2896 835 2962 Romanis
856 2897 970 2961 iterum
993 2896 1132 2980 imperat
1152 2895 1270 2961 Eirene

98 3006 193 3072 annis
217 3005 367 3088 quinque.

182 3116 276 3181 Anno
299 3112 341 3177 ab
356 3112 577 3178 incarnatione
597 3112 718 3178 domini
739 3114 1025 3197 septingentesimo
1047 3112 1256 3197 nonagesimo
1273 3116 1406 3183 XXXX

96 3226 199 3311 primo
222 3224 339 3288 Eirene
371 3241 441 3286 cum
475 3221 617 3287 secundo
650 3223 810 3306 imperare
841 3224 1002 3307 coepisset
1033 3222 1067 3288 id
1095 3229 1146 3289 est
1166 3223 1270 3307 primo

99 3356 185 3401 anno
207 3333 352 3424 imperii
385 3331 435 3398 sui
471 3332 640 3398 confestim
679 3332 790 3415 dirigit
827 3332 1025 3397 Dorotheum
1069 3333 1269 3415 Egomenum

48 3458 81 3508 25
100 3442 414 3528 Chrysopolitanum,
452 3447 485 3506 et
516 3440 761 3507 Constantinum
790 3440 1082 3527 Chartophylacem
1115 3440 1270 3507 ecclesiae

99 3571 236 3636 magnae
259 3550 301 3615 ad
315 3549 503 3615 Abimelcclr
525 3558 635 3635 partes
652 3549 879 3636 Cappadociae
900 3551 1150 3636 depopulantem
1172 3557 1269 3634 atque

99 3662 249 3729 Galatiae
270 3659 473 3744 intercedens
502 3679 561 3744 pro
591 3679 681 3744 pace,
719 3660 804 3744 quod
832 3668 941 3726 tamen
969 3661 1086 3725 factum
1114 3680 1180 3725 nou
1210 3665 1269 3726 est.

100 3779 131 3835 et
153 3769 302 3836 Octobris
324 3787 436 3834 mense
457 3767 588 3849 quidam
610 3768 748 3836 rebelles
777 3771 810 3834 in
833 3769 979 3836 custodia
1006 3771 1121 3854 positis
1149 3769 1184 3836 in
1215 3788 1272 3853 pa·

98 3880 177 3945 latio
192 3883 258 3941 τιῐν
277 3880 471 3960 (asportatae
486 3876 563 3944 filiis
578 3877 799 3961 impugnantis
815 3879 910 3944 deum
925 3877 1128 3945 Constantini
1143 3876 1186 3941 ad
1202 3897 1270 3942 ma·

48 4001 81 4051 ao
98 4010 196 4072 gnam
219 3986 390 4069 confugere
412 3984 608 4070 persuadent
636 3988 805 4053 ecclesiam
835 3987 929 4070 quasi
950 3993 1097 4072 petentes
1119 3986 1271 4052 securita-

97 4108 161 4164 tem
191 4095 416 4179 subsequentis
444 4094 666 4163 indemnitatis
695 4115 775 4163 suae
803 4096 956 4180 quatinus
985 4115 1045 4180 per
1065 4095 1162 4162 huius
1183 4093 1271 4160 modi

97 4209 298 4274 occasionem
321 4204 525 4289 appellarent
539 4223 580 4270 ex
595 4204 642 4271 eis
658 4225 850 4289 quemquam
865 4206 1101 4291 imperatorem.
1125 4211 1158 4271 et
1172 4205 1271 4270 multo

167 4413 197 4462 ¹0
215 4413 242 4461 et
259 4409 291 4459 23
309 4402 461 4458 herrenel)
548 4407 578 4456 12
597 4403 743 4459 adriaml)
811 4403 980 4459 multuatrl)
1068 4409 1097 4458 15
1116 4407 1218 4459 amatre
1236 4401 1270 4459 D⁴

100 4507 130 4556 tc
148 4496 348 4567 recopensatll
409 4499 440 4549 19
455 4496 483 4548 kl
501 4479 599 4550 raia-D
650 4502 683 4550 2⁰
700 4497 809 4551 herrene
827 4512 890 4550 anm
907 4496 934 4551 Ι)
985 4501 1017 4551 ta
1036 4496 1143 4567 ceptis&
1160 4496 1187 4551 1)
1237 4499 1271 4550 nt

98 4605 275 4661 eugumeuum
293 4588 337 4655 (Dr
372 4592 404 4641 25
424 4568 660 4656 erritopolrtanu‘l)
703 4575 936 4658 chartoplulaodI)
997 4593 1029 4645 26
1047 4589 1227 4657 habdrltmelrc
1244 4589 1271 4644 D

97 4691 130 4740 ao
149 4686 205 4733 τῶν
223 4680 374 4751 θεραπείας
392 4679 587 4751 Theophanes.-
613 4685 660 4736 tou
678 4681 799 4751 Herapru
819 4680 1123 4752 P,touthera1p1a·D
1181 4681 1270 4747 deum]

99 4757 178 4830 dil)
246 4778 277 4828 tt
297 4758 475 4842 rnddpmtatri
492 4773 518 4827 1)
