2834 5394
138 269 200 331 268
654 284 746 331 maru
769 283 805 331 11

139 443 172 502 et
193 455 367 520 purpuram
391 434 597 513 deferentem,
620 435 809 500 Mercurium
826 442 858 500 ct
872 434 1008 500 Martem
1030 433 1065 499 in
1085 453 1122 501 sc
1140 435 1312 519 respicien-

140 553 190 611 tes
212 547 301 611 uelut
323 566 381 631 pro
403 545 587 611 testimonio
610 546 768 630 sapientis
790 552 822 609 et
844 544 944 610 tortis.
988 549 1021 609 et
1042 542 1102 608 hoc
1131 545 1253 628 agebat
1280 547 1305 610 in

139 654 335 739 imaginibus
358 661 393 719 ut
414 653 474 720 sub
502 654 671 720 occasione
699 655 828 738 imperii
859 655 998 720 latenter
1025 653 1242 720 adorarentur
1268 654 1305 720 dii

140 774 173 832 et
201 766 261 831 boc
291 764 385 829 rrrodo
408 764 544 831 subiecti
566 765 713 829 clanculo
736 765 935 830 fallerentur.
982 764 1206 830 arbitrabatur
1228 766 1304 830 enim

139 876 216 960 quia
238 875 266 942 si
287 875 348 940 hoc
370 882 485 959 sponte
507 875 555 941 eis
577 875 766 959 imponeret,
788 884 904 959 postea
925 894 1009 958 quae
1031 875 1131 941 uellet
1147 875 1303 961 impleret:

139 986 167 1053 si
196 1005 273 1050 uero
301 991 491 1069 respuentes
519 993 718 1067 agnosceret,
758 984 856 1050 uenia
883 984 1012 1051 sublata
1040 992 1208 1069 torqueret
1236 992 1305 1050 tam·

140 1115 236 1177 quam
259 1095 345 1159 eirea
366 1095 514 1159 Bourana
536 1095 708 1161 sollemnia
729 1095 923 1160 reluctantes
946 1095 1033 1159 etin
1055 1114 1091 1161 re
1112 1095 1249 1180 publica
1268 1103 1307 1161 at·

140 1225 202 1290 que
224 1206 257 1269 in
281 1205 352 1288 ipso
375 1205 510 1288 imperio
531 1204 767 1287 delinquentes.
812 1206 906 1288 pauci
928 1205 956 1271 si
979 1204 1109 1289 quidem
1125 1207 1226 1271 etiam
1240 1227 1307 1291 poe-

139 1315 192 1380 nis
215 1314 335 1381 subditi
359 1322 579 1397 cognouerunt
594 1315 712 1396 dolum,
736 1315 812 1398 quia
835 1315 918 1380 sicut
945 1316 1043 1381 moris
1072 1323 1152 1397 erat,
1175 1316 1309 1381 adorare

140 1425 320 1490 noluerunt.
364 1426 459 1490 turba
486 1445 563 1490 uero
592 1432 627 1491 ut
654 1426 775 1491 assolet
803 1444 862 1509 per
884 1426 1101 1509 ignorantiam
1123 1426 1309 1511 simpliciter

140 1535 299 1619 imagines
322 1535 502 1600 adorabant
524 1535 608 1618 quod
631 1542 740 1600 tamen
763 1535 949 1619 imperatori
972 1535 1017 1601 nil
1039 1537 1168 1620 proluit.

0 1643 151 1710 XXVII
233 1646 376 1729 Cumque
398 1645 499 1710 multa
521 1645 717 1727 excogitaret
739 1645 856 1729 quibus
877 1646 1080 1728 Paganorum
1111 1647 1193 1713 ritus
1216 1648 1311 1712 extol·

141 1755 231 1836 leret,
259 1756 385 1821 inuenit
412 1755 541 1820 modum
564 1756 619 1838 qui
640 1755 788 1840 pluribus
809 1755 965 1822 militibus
988 1754 1184 1822 Christianis
1207 1757 1311 1822 clarae

141 1865 270 1931 uirtutis
294 1884 445 1930 coronam
467 1864 566 1930 dedit.
611 1883 683 1929 cum
705 1865 850 1931 uenisset
871 1866 982 1948 itaque
1009 1872 1137 1951 tempus
1164 1887 1231 1949 quo
1257 1867 1311 1931 im·

140 1974 278 2059 perialia
299 1975 418 2040 milites
441 1975 546 2041 solent
567 1975 654 2039 dona
674 1975 841 2060 percipere
861 2008 904 2021 -
925 1975 987 2040 hoc
1009 1976 1095 2041 euim
1118 1976 1228 2058 agitur
1246 1977 1311 2060 ple·

43 2147 48 2157 ,
140 2104 274 2167 rumque
303 2084 356 2149 dic
385 2084 599 2149 kalendarum
628 2084 852 2150 Ianuariarum
881 2090 913 2149 et
939 2086 1040 2149 natali
1071 2085 1254 2169 principum
1281 2092 1311 2149 et

139 2192 265 2259 urbium
288 2195 449 2276 regiarum
472 2230 514 2240 -
537 2195 712 2279 exquisierit
734 2202 891 2279 quatenus
914 2214 971 2260 eos
999 2195 1191 2279 simpliciter
1219 2201 1252 2261 et
1273 2214 1312 2260 ex

140 2305 249 2389 prisca
271 2303 503 2369 consuetudine
525 2305 637 2371 fallere
658 2305 817 2389 potuisset
838 2304 997 2385 iussitque
1019 2311 1055 2369 ut
1076 2325 1159 2371 unus
1175 2306 1311 2390 quisque

138 2414 182 2479 ad
204 2435 334 2480 manum
357 2415 562 2499 imperatoris
585 2414 806 2479 accedentium
822 2414 1005 2480 admonitus
1019 2414 1062 2480 ab
1078 2414 1194 2480 officiis
1208 2414 1310 2499 primo

139 2523 307 2591 incensum
329 2525 441 2590 offeret
456 2532 579 2590 -erat
601 2525 686 2588 enim
709 2530 785 2589 ante
808 2544 880 2589 eum
903 2525 1043 2609 positum
1066 2531 1118 2591 tus
1140 2531 1174 2590 et
1195 2545 1255 2589 ara
1269 2559 1309 2569 -

141 2634 315 2700 seeundum
338 2636 504 2719 antiquam
520 2637 698 2699 Romanam
714 2635 971 2701 sollemnitatem.
1016 2642 1092 2699 tunc
1108 2634 1165 2699 alii
1181 2633 1309 2716 quidem

140 2745 274 2809 licenter
297 2765 387 2809 suam
411 2744 628 2810 fortitudinem
652 2743 861 2810 ostenderunt
889 2752 922 2810 et
949 2763 1054 2828 neque
1076 2744 1246 2811 incensum
1268 2745 1310 2809 oi·

141 2854 224 2920 terre
254 2874 359 2938 neque
389 2853 507 2918 donum
535 2855 681 2938 accipere
710 2852 752 2918 ab
780 2854 973 2938 imperatore
1003 2862 1078 2920 sunt
1106 2855 1210 2939 passi.
1253 2854 1309 2919 alii

141 2985 217 3030 uero
240 2965 409 3030 occasione
431 2964 513 3048 legis
542 2970 573 3028 et
600 2964 802 3048 antiquitatis
830 2983 935 3048 neque
963 2971 1070 3029 mente
1098 2971 1312 3048 perceperunt

140 3074 225 3158 quod
253 3074 442 3140 commisere
469 3080 645 3159 peccatum.
690 3093 802 3138 uerum
830 3073 887 3138 alii
914 3081 1045 3158 propter
1071 3074 1195 3138 lucrum
1224 3071 1311 3157 capti

139 3191 194 3248 aut
216 3185 329 3246 timore
352 3183 528 3266 perturbati
559 3203 615 3248 seu
645 3182 789 3249 iussione
817 3184 987 3267 repentina
1008 3184 1146 3260 confusi,
1166 3183 1244 3249 licet
1266 3184 1311 3249 in-

138 3292 331 3373 tellexerint,
353 3300 461 3357 tamen
484 3293 709 3375 Paganitatem
733 3292 896 3359 declinare
924 3293 1148 3377 nequiuerunt.
1181 3294 1311 3378 plurimi

140 3402 167 3469 si
191 3401 320 3485 quidem
344 3421 402 3486 per
423 3403 638 3485 ignorantiam
662 3402 789 3487 decepti
811 3402 887 3468 dum
909 3404 993 3469 iuter
1015 3404 1105 3469 cibos
1127 3410 1161 3467 ut
1190 3404 1311 3469 assolet

140 3520 172 3579 et
204 3513 319 3597 pocula
352 3513 540 3576 inuocarent
572 3512 656 3577 iuter
687 3514 858 3578 alterutros
891 3510 1070 3594 Christum,
1107 3510 1311 3597 respondens

139 3622 271 3707 quidam
300 3622 382 3688 dixit
411 3622 498 3706 ‘quid
526 3622 674 3707 patimini
702 3622 891 3688 inuocantes
920 3620 1082 3688 Christum
1109 3640 1206 3705 quem
1235 3629 1311 3687 ante

139 3733 316 3818 parrllulum
345 3733 533 3815 denegastis
561 3733 638 3797 dum
665 3731 783 3797 donum
811 3731 853 3795 ab
884 3732 1064 3816 imperante
1093 3731 1312 3816 percipientes

138 3850 190 3909 tus
224 3844 257 3908 in
291 3843 397 3926 igneus
421 3841 621 3907 mitteretis?⁸
664 3860 798 3925 euntque
831 3840 892 3905 hoc
925 3841 1044 3907 milites
1075 3839 1248 3908 audissent
1281 3850 1313 3907 et

207 4132 221 4175 5
239 4129 313 4195 quab
330 4129 381 4180 hoc
400 4126 426 4180 Il
521 4130 534 4177 t
555 4125 680 4193 iollipma
697 4125 842 4178 reluctates
857 4125 884 4180 D
977 4128 992 4178 a
1010 4125 1085 4195 pqmi
1099 4124 1126 4179 D
1215 4130 1246 4179 lb
1265 4143 1314 4195 per

137 4234 189 4271 orrr.
211 4220 233 4273 Il
306 4225 334 4271 ltl
353 4220 442 4273 rurtalc
462 4217 623 4287 pnrrtrprill
695 4222 723 4270 ltl
741 4218 875 4271 dmourtus
890 4217 916 4271 b
983 4221 1016 4270 20
1034 4216 1138 4271 thulD
1194 4221 1229 4273 26
1248 4236 1313 4274 cou-

137 4310 189 4364 fusi
207 4313 321 4383 scripsi:
339 4313 455 4366 com-iub
476 4312 500 4367 b
585 4316 616 4365 'll
636 4317 791 4379 paganrtate
811 4310 835 4363 I)
916 4314 947 4365 at
967 4309 1121 4378 paululriD
1199 4315 1232 4366 32
1251 4314 1317 4368 thui

136 4420 164 4457 m
183 4420 243 4471 igue
269 4405 291 4458 ll
