2834 5394
552 736 625 784 oar.
647 734 845 783 xvi-xvim
1215 720 1278 784 435

104 888 304 955 commorari.
350 887 425 952 dum
453 907 529 953 uero
558 889 632 952 illue
654 888 770 955 abiens
792 888 854 954 iter
875 893 987 972 ageret
1021 886 1147 953 habens
1170 905 1278 952 secum

105 1001 268 1086 copiosam
292 1000 461 1066 Persarum
485 999 649 1083 praedam,
672 998 759 1063 haud
783 1018 902 1082 paucos
923 999 1072 1064 incursus
1095 1016 1116 1061 a
1136 997 1276 1063 Persicis

104 1111 215 1176 erineis
244 1110 384 1192 pertulit,
423 1110 494 1193 ipse
521 1129 598 1174 uero
627 1108 740 1174 diuina
771 1108 996 1199 cooperatione
1017 1106 1213 1191 triumphum
1235 1105 1277 1172 de

105 1221 254 1286 omnibus
275 1220 357 1285 tulit.
401 1228 573 1303 praeterea
594 1240 665 1284 enm
688 1219 863 1285 uehemens
885 1227 1012 1303 tempus
1034 1217 1204 1283 cecidisset
1226 1237 1278 1282 su·

74 1364 89 1414 5
107 1351 165 1415 per
185 1348 257 1395 eum
280 1330 313 1394 in
336 1331 391 1394 uia
412 1338 445 1396 et
465 1330 550 1396 bunc
572 1331 647 1414 gelu
670 1338 938 1414 praeoccupasset
958 1329 993 1393 in
1008 1327 1158 1409 Albania,
1181 1326 1279 1392 lrabe-

107 1448 218 1525 retque
242 1441 476 1524 quinquaginta
498 1441 590 1505 milia
611 1441 854 1521 uinculatornm,
877 1438 1083 1524 compatienti
1105 1436 1201 1502 corde
1216 1456 1274 1503 suo

107 1551 257 1618 misertus
279 1551 387 1615 uincla
409 1550 559 1617 dissoluit
580 1550 782 1635 diligentiam
805 1549 917 1615 tribuit
945 1557 976 1613 et
997 1548 1141 1633 requiem
1163 1547 1279 1631 imper·
1352 1616 1358 1629 ,

107 1663 184 1727 titus
213 1667 262 1727 cst
291 1661 337 1724 ita
366 1669 400 1725 ut
428 1682 539 1728 omnes
561 1681 633 1727 cum
655 1662 796 1728 lacrimis
819 1666 991 1728 exorarent
1012 1659 1111 1725 etiam
1134 1656 1278 1724 Persidis

106 1791 178 1836 eum
203 1771 272 1837 fieri
296 1766 500 1838 liberatorem
524 1770 635 1836 mundi
657 1771 937 1838 exterminatorem
952 1768 1164 1835 trucidantem
1181 1766 1280 1852 Chos-
1360 1818 1364 1823 .

58 1905 89 1953 ro
107 1900 194 1946 rocn.

190 1982 284 2056 Anno
313 1992 440 2075 imperii
467 1992 608 2058 Heraclii
638 1999 751 2076 ‹prarto
780 1992 905 2057 decimo
927 1986 1087 2056 Chosroo's
1110 1988 1281 2072 Sarablag-
1302 1976 1412 2045 XVIII

106 2121 171 2185 gan
194 2109 375 2185 praetorem
404 2103 575 2184 constituit,
613 2102 716 2167 uirum
746 2102 962 2169 facinorosum
994 2106 1026 2166 et
1053 2098 1153 2185 typho
1182 2099 1280 2163 multo

108 2213 236 2294 elatum,
274 2212 469 2296 tradensque
502 2214 532 2278 ei
567 2214 741 2279 exercitum
775 2232 831 2280 eos
863 2212 1014 2277 uidelicet
1046 2209 1100 2294 qui
1133 2208 1281 2273 dicuntur

112 2319 350 2406 Chosroegetae
373 2343 411 2387 ac
433 2323 610 2406 Peroaitae,
633 2325 667 2388 in
690 2323 864 2388 Albaniam
887 2342 960 2387 eum
982 2320 1101 2386 direxit
1121 2318 1280 2385 aduersus

60 2455 90 2503 15
107 2431 300 2497 Heraclium.
345 2452 479 2515 cumque
511 2433 649 2518 ingressi
688 2440 798 2500 essent
830 2434 864 2498 in
897 2432 977 2497 fines
1009 2430 1178 2509 Albaniae,
1216 2448 1281 2492 non

108 2550 182 2607 sunt
203 2542 274 2608 ausi
298 2543 339 2607 ad
362 2543 548 2608 bellandum
571 2554 646 2610 ante
670 2545 784 2611 taciem
807 2544 1011 2628 imperatoris
1034 2549 1121 2608 stare
1144 2537 1201 2606 sed
1217 2539 1280 2603 elu-

106 2670 198 2717 suras
222 2659 355 2717 tenuere
377 2674 460 2736 quae
483 2653 603 2719 ducunt
632 2656 665 2719 in
688 2654 863 2735 Persidem,
901 2652 1109 2720 aestimantes
1137 2651 1168 2715 ei
1196 2649 1280 2715 obsi-

106 2760 213 2825 dendo
236 2761 394 2826 insidiari.
439 2772 472 2828 at
495 2784 572 2829 uero
595 2765 764 2830 Heraclius
787 2785 861 2830 mox
885 2772 919 2828 ut
940 2783 998 2829 uer
1026 2760 1172 2840 accessit,
1210 2778 1280 2843 pro·

107 2869 208 2936 fectus
231 2871 271 2936 de
294 2872 435 2938 Albania
457 2894 515 2958 per
537 2876 652 2958 thios
675 2894 804 2956 campos
833 2883 866 2939 ct
888 2874 971 2939 escis
993 2871 1126 2955 largiter
1147 2866 1279 2933 affluen-

57 3003 89 3053 20
106 2985 155 3046 tes
184 2984 352 3048 transitum
383 2984 417 3047 in
449 2983 613 3049 Persidem
644 2984 781 3049 faciebat
809 2984 883 3048 licet
911 2982 1131 3065 longinquitas
1160 2978 1279 3042 multae

107 3092 247 3174 spatium
277 3095 349 3158 uiae
380 3094 583 3177 transegerit.
635 3094 854 3178 Sarablaggas
889 3112 965 3158 uero
999 3112 1058 3175 per
1085 3098 1189 3155 artum
1218 3088 1279 3153 iter

105 3208 215 3284 utpote
238 3204 499 3286 corripendiosum
524 3205 693 3288 satagebat
716 3213 749 3268 ut
771 3210 1023 3289 praeoccuparet
1051 3222 1123 3266 eum
1146 3201 1180 3265 in
1202 3199 1278 3264 Per·

105 3310 185 3377 sidis
207 3313 349 3395 regione.
393 3312 561 3380 Heraclius
591 3323 697 3380 autem
721 3316 872 3380 monebat
900 3316 1053 3400 populum
1075 3312 1186 3377 dicens
1209 3309 1279 3373 ‘no-

105 3422 212 3488 uimus
235 3423 351 3489 iratres
374 3425 458 3508 qnod
482 3426 597 3490 militia
619 3426 790 3492 Persarum
810 3427 842 3491 in
867 3425 971 3491 deuiis
999 3423 1078 3489 locis
1106 3438 1279 3507 pererrans

56 3553 87 3601 aa
107 3535 170 3595 tam
202 3552 318 3613 equum
349 3554 456 3599 eorum
488 3536 644 3603 dissoluat
674 3558 768 3620 quam
792 3537 881 3621 ipsos
904 3540 1045 3602 eneruet.
1090 3552 1150 3596 nos
1171 3536 1277 3595 autem

106 3641 293 3709 festinemus
327 3652 437 3709 eontra
460 3646 625 3712 Cirosroen
658 3668 833 3733 properare
865 3646 960 3712 ualde
993 3644 1140 3711 celeriter
1172 3649 1206 3705 ut
1237 3659 1277 3706 ex

104 3752 279 3836 improuiso
302 3754 460 3821 irruentes
483 3758 516 3820 in
540 3778 611 3822 eum
635 3758 798 3823 turbemus
820 3757 927 3823 illum’
970 3762 1003 3821 at
1033 3774 1109 3819 uero
1137 3750 1275 3836 populus
1297 3754 1388 3818 XVII
1416 3764 1417 3805 l

104 3861 199 3929 larius
223 3864 307 3927 modi
332 3866 505 3948 spernebat
537 3869 702 3933 consilium
727 3876 758 3933 et
780 3868 919 3932 maxime
941 3868 1098 3932 lia-norum
1123 3868 1154 3926 ct
1175 3860 1277 3926 Abas·

103 3994 215 4053 porrum
231 3982 326 4056 atque
341 3975 532 4041 Hiberorum
548 3986 792 4043 concertatores.
838 3978 912 4042 hinc
934 3995 1106 4041 aerumnas
1121 3971 1276 4037 incidunt.

55 4104 86 4152 ao
105 4085 251 4163 peruenit
275 4094 381 4150 autem
406 4095 437 4151 et
459 4087 659 4153 Sarbarazas
681 4108 752 4152 eum
776 4089 894 4171 populo
918 4107 985 4169 suo,
1016 4106 1096 4169 quos
1119 4081 1204 4146 omni
1229 4099 1277 4144 ar·

103 4194 204 4257 ruanit
234 4196 351 4259 uirtute
380 4196 539 4263 Clrosroes
570 4206 601 4262 et
629 4198 803 4273 ‹lestinauit
832 4217 891 4280 per
912 4196 1097 4261 Armeniam
1120 4191 1277 4257 aduersus

102 4301 296 4368 Heraclium.
343 4306 563 4390 Sarablaggas
586 4328 662 4372 uero
685 4307 879 4392 sequebatur
900 4314 974 4392 post
995 4314 1119 4388 tergum
1133 4299 1275 4367 Heraclii

172 4505 357 4560 thabreusll
426 4507 630 4562 tercrdrlsdcl)
703 4509 898 4577 'ldrlrgentram
917 4506 950 4575 P,
968 4506 1186 4578 Bonqarsr'aarm,
1203 4502 1277 4556 Arra·

100 4598 216 4650 straus:
245 4599 379 4668 drlrgeutra
405 4600 443 4665 J),
476 4598 659 4671 liutpaldus·
684 4601 827 4670 μετεδίδου
853 4600 1055 4673 Theophanes),
1083 4594 1276 4664 indulgentiam

100 4688 185 4760 rrrrlpb
259 4697 286 4746 12
305 4693 529 4749 fannotorumlr
597 4682 802 4764 stremonii)
879 4699 912 4749 28
930 4694 1084 4763 spernebat]
1102 4684 1277 4761 prebebatD

100 4786 133 4835 30
152 4785 312 4840 sarbaraaas
331 4787 389 4841 cod.
407 4786 515 4842 Pr'tlroer'
525 4809 533 4838 .·
558 4787 679 4842 iubatos
695 4788 736 4855 b,
756 4789 881 4844 sarbaras
896 4786 935 4852 P,
960 4785 1096 4843 sairbuzas
1114 4781 1277 4840 alrrastasr'as

100 4882 131 4930 ,Ὢ
152 4877 195 4931 ted
215 4879 357 4950 rablapgas
373 4896 437 4935 uero
458 4880 483 4934 a
533 4882 656 4950 posterga
675 4881 701 4937 Ι)

1015 4985 1070 5039 25*
