2834 5394
158 270 219 333 300
650 286 742 333 oraru
764 287 828 333 xm

155 438 221 505 tius
243 436 353 502 diuino
376 456 485 502 sumre
508 456 673 503 succensa.
717 437 866 502 beneficii
890 456 1029 518 natuque
1052 437 1241 521 magnitudo
1263 460 1329 504 ma-

156 548 207 614 ius
227 548 258 613 ei
279 546 475 613 desiderium
498 547 712 613 benefactoris
735 547 922 613 adhibebat.

124 653 157 718 X
243 659 388 742 Repente
408 677 549 740 namque
570 665 606 722 ut
627 658 715 723 uenit
737 657 780 722 ad
801 678 987 742 purpuram,
1017 658 1202 723 claudorum
1232 666 1330 742 atque

154 766 309 834 debilium
332 768 507 833 maximam
528 767 670 833 habebat
696 787 815 850 curam,
852 788 918 833 non
946 768 1060 844 seruis,
1097 788 1162 833 non
1191 769 1328 850 ancillis,

155 897 221 944 non
248 878 322 945 aliis
351 878 506 944 ministris
535 884 627 943 utens
656 877 714 944 sed
742 897 801 962 per
831 885 933 943 semet
961 878 1065 963 ipsam
1095 898 1196 962 agens
1224 885 1256 943 et
1285 879 1364 943 ada

154 1006 264 1054 eorum
292 986 478 1053 habitacula
506 989 642 1054 ueniens
670 994 702 1053 ot
731 990 786 1052 uni
820 988 935 1072 cuique
968 988 1054 1072 quod
1082 1009 1164 1073 opus
1193 988 1329 1055 haberet

155 1099 327 1183 praebens.
372 1099 418 1163 sic
447 1099 544 1163 etiam
575 1118 633 1183 per
669 1099 877 1164 ecclesiarum
913 1098 1116 1163 xenodochia
1143 1098 1328 1165 discurrens

155 1208 223 1274 suis
252 1208 402 1274 manibus
431 1208 636 1273 ministrabat
663 1208 815 1290 infirmis,
852 1209 935 1274 ollas
963 1229 1070 1273 corum
1099 1217 1239 1293 tergens,
1278 1211 1327 1276 ius

153 1326 298 1401 gustans,
314 1318 453 1385 offerens
468 1319 636 1399 coclearia,
659 1338 776 1404 panem
792 1319 945 1402 frangens
961 1319 1113 1402 cibosque
1128 1320 1326 1400 ministrans,

155 1427 288 1493 calicem
311 1427 441 1495 diluens
464 1437 495 1495 et
517 1430 583 1494 alia
605 1436 720 1494 cuncta
741 1429 873 1511 faciens,
897 1448 981 1513 qliae
997 1430 1100 1496 seruis
1115 1450 1153 1494 ac
1169 1430 1327 1496 ministris
1347 1436 1379 1485 lt>

155 1558 225 1605 mos
247 1544 297 1604 est
320 1540 515 1605 sollemniter
537 1558 682 1624 operare.
726 1539 778 1605 bis
809 1545 926 1621 autem,
961 1539 1016 1622 qui
1050 1558 1120 1604 eam
1154 1539 1194 1604 de
1228 1539 1325 1605 rebus

152 1649 272 1715 talibus
294 1649 479 1714 nitebantur
500 1649 682 1733 probibere,
718 1649 847 1715 dicebat
875 1648 998 1712 ‘aurum
1027 1647 1220 1714 distribuere
1243 1670 1325 1732 opus

152 1759 280 1843 imperii
303 1766 361 1825 est.
406 1778 466 1841 ego
489 1766 596 1824 autem
619 1778 677 1842 pro
701 1759 772 1843 ipso
794 1758 930 1842 imperio
952 1758 1013 1823 boc
1028 1779 1110 1842 opus
1125 1758 1224 1823 offero
1239 1759 1327 1824 bona

151 1869 230 1934 mibi
253 1869 362 1933 omnia
384 1868 578 1933 conferenti.¹
621 1888 697 1934 nam
726 1869 795 1933 uiro
823 1888 882 1934 suo
912 1888 1011 1953 saepe
1039 1868 1170 1933 dicebat
1192 1868 1326 1952 ‘oportet

153 1999 282 2062 semper
305 1978 419 2042 marite
441 1978 582 2060 cogitare
606 1979 660 2062 qui
683 1976 802 2042 dudum
826 1977 923 2056 luisti,
948 1980 1002 2062 qui
1025 1978 1120 2042 modo
1142 1978 1198 2045 sis.
1242 1978 1325 2043 hacc
1345 1984 1376 2032 ¹⁵

151 2088 179 2154 si
211 2107 338 2171 semper
367 2088 571 2171 cogitaueris,
605 2088 752 2172 ingratus
781 2088 916 2153 creatori
945 2088 1142 2153 benefactori
1172 2108 1238 2153 non
1259 2089 1325 2155 eris

153 2196 209 2264 sed
233 2198 403 2282 imperium
426 2197 512 2281 quod
536 2197 715 2282 suscepisti,
749 2198 898 2281 legaliter
924 2198 1122 2281 gubernabis
1149 2206 1181 2263 et
1209 2198 1324 2263 barum

152 2327 257 2374 rerum
280 2308 427 2392 placabis
449 2308 631 2373 auctorem!
673 2307 725 2374 bis
747 2328 825 2391 ergo
847 2308 1050 2375 sermonibus
1066 2309 1154 2374 uelut
1168 2310 1323 2392 optimam

150 2417 325 2503 quamdam
347 2419 517 2484 utilitatem
541 2418 733 2503 uirtutisque
760 2418 992 2484 abundantiam
1015 2419 1160 2501 coniugis
1184 2419 1233 2485 sui
1256 2438 1323 2483 ser·

148 2527 298 2595 monibus
321 2528 485 2594 offerebat.
1340 2533 1375 2584 ²⁰

76 2632 126 2698 XI
238 2639 340 2722 igitur
370 2638 599 2722 grammaticus
634 2638 764 2721 quidam
797 2638 925 2704 nomine
947 2638 1113 2722 Eugenius
1145 2639 1323 2702 litterarum

149 2747 337 2812 Latinarum
360 2747 479 2830 doctor,
503 2749 689 2832 relinquens
713 2749 840 2814 scholas
863 2750 896 2812 in
919 2749 1041 2833 palatio
1065 2748 1225 2813 militabat
1240 2754 1322 2812 erat-

147 2877 210 2941 que
231 2857 266 2921 in
288 2857 401 2942 primis
423 2858 627 2941 imperatoris
642 2858 861 2923 Valentiniani
883 2857 1115 2943 antigrapbeus
1138 2864 1170 2922 et
1191 2863 1322 2941 propter

144 2967 360 3052 eloquentiam
383 2988 403 3032 a
425 2967 533 3033 multis
555 2968 739 3034 honoratus.
782 2974 858 3032 tune
880 2987 956 3052 ergo
986 2969 1084 3034 fertur
1112 2988 1177 3032 non
1199 2965 1319 3032 medio-

145 3080 241 3144 criter
269 3080 415 3161 cogitans
444 3084 682 3162 cooperatorem
706 3077 930 3160 adsumpsisse
952 3077 1164 3161 arbogastem
1193 3076 1233 3141 de
1261 3077 1320 3140 mi·
1337 3087 1371 3137 25

146 3189 279 3254 noribus
302 3187 407 3252 Gallis
430 3194 542 3268 ortum,
572 3186 722 3252 militaris
751 3187 874 3254 ordinis
901 3187 1024 3270 ducem,
1055 3188 1157 3251 uirum
1186 3205 1319 3252 saeuum

145 3305 178 3365 et
205 3297 340 3364 necibus
370 3303 595 3382 praeparatum
626 3297 842 3381 cultoremque
870 3297 1128 3364 sordidissimum
1151 3297 1319 3362 idolorum.

146 3427 208 3492 quo
238 3407 322 3472 lacto
350 3406 526 3471 declinauit
554 3405 594 3470 ad
623 3406 828 3491 tyrannidem
859 3415 890 3472 ct
917 3416 1029 3472 eontra
1056 3407 1318 3472 Valentinianum

145 3536 259 3584 necem
284 3516 561 3598 machinabantur,
592 3516 805 3582 cubicularios
827 3517 913 3600 apud
936 3519 1094 3583 Viennam
1117 3516 1246 3582 Galliae
1269 3538 1317 3581 ur·

146 3629 218 3693 beru
254 3634 494 3711 corrumpentes
527 3625 700 3691 eunuchos.
744 3634 778 3692 at
815 3626 862 3691 illi
896 3626 1106 3693 dormientem
1139 3627 1316 3711 principem
1334 3635 1369 3685 ec

146 3734 361 3818 suffocarunt>
383 3743 479 3818 atque
501 3742 536 3799 ut
557 3735 772 3801 uoluntariam
797 3736 860 3804 sibi
882 3738 1080 3804 consciuissc
1102 3743 1235 3801 mortem
1258 3758 1317 3820 pu-

144 3852 276 3919 taretur,
299 3846 414 3928 laqueo
438 3865 616 3930 strepensus
639 3855 697 3913 est.
742 3868 804 3932 quo
827 3849 968 3912 extincto
990 3847 1188 3930 arbogastes
1210 3853 1317 3931 tyran·

144 3976 220 4022 num
243 3957 366 4021 creauit
387 3957 578 4040 Eugenium,
608 3958 732 4040 eligens
761 3957 923 4023 bominem
952 3958 1003 4022 eui
1030 3957 1156 4021 titulum
1179 3957 1316 4041 impera-

346 4128 448 4135 ———

212 4226 227 4273 4
245 4237 299 4275 non
318 4222 420 4274 ancillis
436 4238 486 4275 ora.
508 4223 531 4277 D
637 4228 666 4276 10
684 4222 795 4277 deluens
810 4222 836 4277 1)
941 4228 967 4276 11
991 4222 1151 4292 toslepmter
1169 4222 1235 4291 (suit
1253 4222 1270 4274 lt
1290 4221 1316 4275 D

143 4316 173 4367 21
194 4312 327 4381 quadan
396 4317 427 4367 22
447 4315 573 4370 tcolalll
623 4319 655 4369 25
674 4314 855 4383 unumpate
904 4314 1092 4384 arbogastuD
1143 4319 1175 4370 26
1192 4314 1317 4383 galhrld

143 4410 175 4459 27
195 4406 307 4475 cultorq.
327 4406 491 4460 tordrdrslrm'
511 4406 536 4461 l)
604 4410 637 4461 29
654 4407 798 4463 biennali
