2834 5394
129 289 191 350 ato
435 302 529 348 ninur
550 302 573 348 r
596 302 669 349 car.
693 302 821 349 xxxxv.
865 302 958 349 nunu
980 302 1017 347 ru

137 455 243 521 uisere
278 454 392 519 holera
426 455 546 520 nostris
574 454 724 520 manibus
752 454 908 537 instituta,
945 453 1088 538 profecto
1125 472 1301 536 numquam

132 565 217 631 istud
240 564 462 649 temptandum
486 565 682 631 iudicaretis.
727 563 810 629 uixit
841 583 945 630 annos
977 564 1150 647 sexaginta
1181 568 1252 627 octo
1285 581 1303 626 e

131 674 247 758 quibus
269 674 430 739 communi
453 674 566 739 habitu
587 694 689 759 prope
710 694 826 739 nouem
849 676 925 758 egit.
969 682 1072 740 morte
1094 682 1303 758 consumptus

131 791 189 866 ost,
212 792 247 849 ut
268 785 349 851 satis
378 785 491 869 patuit,
525 804 583 869 per
614 783 816 849 formidinem
844 784 1037 850 uoluntaria
1081 786 1204 869 quippe
1232 801 1304 847 cum

131 916 152 959 a
174 894 385 961 Constantino
408 903 505 979 atque
527 894 652 959 Licinio
676 903 809 961 uocatus
831 894 874 960 ad
901 895 986 961 festa
1012 895 1209 979 nuptiarum,
1246 912 1304 978 per

131 1011 293 1071 senectam
315 1026 377 1088 quo
401 1005 507 1070 minus
529 1005 688 1071 iuteresse
711 1005 844 1087 ualeret,
868 1006 1108 1072 excusauisset:
1137 1004 1304 1089 rescriptis

132 1114 312 1181 minacibus
334 1115 485 1199 acceptis,
522 1114 639 1196 quibus
670 1115 897 1199 increpabatur
919 1116 1082 1181 Maxentio
1111 1115 1236 1181 fauisse
1268 1133 1304 1179 ac

131 1224 329 1290 Maximiano
352 1226 470 1305 fauere,
508 1232 700 1310 suspectans
723 1245 834 1290 necem
864 1225 1105 1307 dedecorosam,
1142 1244 1305 1290 uenenum

132 1334 249 1399 dieitur
277 1334 427 1402 hausisse
454 1336 610 1401 inusitata
638 1337 756 1401 uirtute
784 1355 863 1403 usus
892 1343 928 1401 ut
954 1337 1043 1402 solus
1064 1335 1209 1400 omnium
1233 1342 1304 1419 post

132 1444 293 1511 conditum
314 1446 494 1510 Romanum
517 1446 687 1531 imperium
711 1465 751 1511 ex
773 1452 863 1511 tanto
885 1446 1015 1530 fastigio
1039 1453 1155 1530 sponte
1177 1444 1220 1509 ad
1244 1445 1304 1530 pri·

132 1563 227 1621 uatae
250 1556 337 1621 uitae
359 1564 476 1623 statum
500 1555 752 1640 ciuilitaternque
773 1565 940 1622 remcaret.
985 1556 1118 1639 contigit
1147 1556 1248 1640 igitur
1277 1558 1305 1620 ei

132 1665 219 1748 quod
240 1668 320 1731 nulli
342 1672 416 1751 post
438 1672 531 1732 natos
553 1665 701 1733 homines
724 1672 758 1731 ut
785 1685 857 1731 cum
885 1666 1032 1750 priuatus
1060 1667 1193 1748 obisset,
1225 1666 1304 1730 inter

130 1775 224 1841 diuos
245 1783 353 1843 tamen
376 1778 556 1842 referretur.

491 2022 637 2087 LIBER
668 2019 946 2087 VNDECIMVS

96 2212 113 2277 l
218 2221 279 2288 His
301 2222 398 2305 igitur
419 2224 612 2292 obeuntibus
641 2225 953 2292 administrationem
983 2224 1204 2309 reipublicae
1226 2223 1300 2288 Con·

135 2332 274 2399 stantius
296 2339 328 2397 et
350 2334 500 2401 Galerius
521 2337 659 2419 Augusti
687 2338 787 2401 creati
816 2342 891 2401 sunt
919 2334 1109 2418 diuisosque
1137 2335 1300 2401 intereos

135 2443 182 2508 ita
201 2444 367 2510 Romanus
390 2445 478 2511 orbis
499 2454 534 2510 ut
556 2446 683 2513 Gallias
704 2447 833 2511 Italiam
855 2445 996 2510 Africam
1020 2444 1240 2526 Constantius,
1268 2444 1302 2508 11·

135 2553 270 2637 lyricum
303 2554 416 2621 Asiam
450 2556 606 2622 orientem
635 2556 785 2622 Galerius
818 2556 977 2641 optineret
1008 2555 1146 2640 sumptis
1181 2554 1302 2619 duobus

136 2661 332 2729 Caesaribus
359 2663 498 2748 <Seuero
527 2686 585 2752 per
606 2667 744 2749 ltaliam,
773 2666 914 2731 Maximo
937 2664 1059 2730 Calerii
1090 2665 1213 2731 sororis
1242 2664 1304 2729 titio

133 2791 192 2856 per
206 2774 372 2839 orientem.
406 2775 584 2859 eodemque
599 2783 742 2861 ternpore
758 2776 990 2843 Constantinus
1005 2774 1129 2841 Caesar
1144 2772 1304 2858 efficitur.)

138 2883 346 2952 Constantius
378 2892 486 2950 tamen
519 2893 687 2953 contentus
720 2886 876 2970 dignitato
898 2885 1035 2969 Augusti
1061 2884 1178 2950 Italiae
1211 2893 1304 2968 atque

135 2993 262 3059 Africae
291 2995 568 3061 administrandae
597 2996 845 3061 sollicitudinem
874 2995 1051 3078 recusauit,
1080 2994 1132 3059 uir
1159 2995 1304 3079 egregius

137 3114 169 3169 et
190 3106 489 3189 praestantissimae
512 3106 688 3181 ciuilitatia
719 3105 843 3171 diuitiis
872 3104 1118 3191 prouincialium
1142 3124 1181 3170 ac
1203 3105 1304 3189 priua·

138 3218 240 3278 torum
264 3212 406 3295 studens,
436 3215 506 3281 fisci
534 3215 789 3280 commodanon
811 3214 985 3281 admodum
1008 3215 1163 3281 affectans
1185 3214 1304 3280 dicens·

138 3343 200 3407 que
222 3323 338 3389 molius
371 3325 518 3408 publicas
551 3345 629 3410 opes
662 3325 801 3410 priuatis
833 3324 947 3391 haberi
977 3344 1073 3409 quam
1102 3324 1189 3389 intra
1211 3306 1304 3390 unum

138 3433 311 3499 claustrum
333 3435 503 3500 reseruari.
547 3435 629 3501 adeo
653 3442 761 3501 autern
783 3435 887 3501 cultus
909 3434 1027 3500 modici
1049 3441 1084 3499 ut
1105 3433 1231 3501 feriatis
1246 3433 1304 3499 die

202 3689 265 3744 tlx
283 3692 368 3745 annos
384 3696 445 3745 octo
466 3690 499 3755 Ι),
517 3691 602 3745 annos
617 3689 746 3744 11va
786 3703 820 3743 ex
836 3690 896 3758 qmt
913 3689 939 3742 Β
991 3687 1206 3743 tuoluntanam
1224 3686 1304 3743 DBP

136 3782 239 3837 emend.
259 3781 389 3837 Pithoeus
459 3798 520 3837 cum
538 3784 687 3837 constantio
705 3781 739 3845 D,
758 3797 820 3836 oum
837 3796 854 3834 a
872 3783 1023 3836 coustantio
1042 3780 1069 3835 B
1155 3784 1169 3832 ’1
1188 3796 1304 3851 increpa

136 3875 237 3930 bantur
253 3874 308 3929 DB
374 3874 496 3930 turneb
582 3880 759 3929 tmaxrmmo
779 3875 806 3930 B
875 3873 1053 3943 suspectare
1137 3872 1304 3929 Canidia}

140 3974 167 4023 11
187 3976 299 4024 temeret
319 3968 345 4022 Β
398 3984 429 4023 eo
448 3968 475 4023 B
555 3973 585 4022 13
602 3969 784 4039 subscnptom
801 3982 933 4021 ammom
950 3982 1213 4021 amaamuscrrm·
1230 3984 1304 4022 nram

144 4063 262 4131 bxi-in
279 4061 736 4132 o‚Jrcnmr1mueemus-a
755 4060 782 4115 Β
868 4064 898 4114 15
917 4059 1077 4115 abeuntrbuf
1093 4058 1148 4114 DB
1199 4059 1236 4115 ad
1248 4075 1304 4133 pos

138 4155 300 4210 obeuntibus
317 4170 355 4209 cor
371 4153 507 4227 Eutropio
525 4154 586 4209 add
608 4154 742 4210 Gruterus
798 4155 1069 4223 ammmrtttratronem
1089 4150 1116 4206 B
1204 4157 1236 4206 t't
1254 4154 1304 4223 yllr·

138 4251 193 4302 mei
212 4248 247 4314 D,
264 4248 414 4318 hyllmeum
432 4247 460 4302 B
550 4251 578 4301 18
596 4252 743 4317 occuparet
760 4245 788 4300 B
883 4252 914 4301 19
931 4244 1118 4300 maxrmrnoI)
1196 4250 1228 4298 21
1249 4261 1304 4301 con

137 4341 254 4407 temptui
269 4340 304 4405 Β,
321 4339 419 4395 deinde
436 4339 592 4409 drgmtatem
609 4339 664 4395 DB
731 4341 764 4392 21
783 4338 997 4394 ammmrrrande
1014 4338 1041 4394 D
1118 4340 1152 4393 23
1169 4336 1304 4394 duam}

137 4433 169 4483 21
188 4429 327 4486 ΞίιιιοᾱῐιΙ)
395 4436 427 4486 25
446 4448 576 4489 cumam.
595 4431 648 4487 DB
