3142 5056
518 325 626 371 ruosx
649 322 887 372 oaerrvuoavu
1228 307 1290 372 667

111 493 164 533 nos
190 474 385 545 expeditionem
410 473 532 543 suscipit.
568 471 673 528 damnis
759 476 792 526 tt
827 471 883 526 odii
900 477 926 526 et
944 469 1139 526 discordiarum
1157 470 1227 524 inter
1243 471 1291 524 Ei·

112 571 186 626 ultro
205 569 327 636 citroque
344 567 425 622 illatis
444 565 642 635 etquibusdam
660 580 676 620 e
726 580 814 620 renem
825 571 938 619 matrem
955 563 1075 618 etlilium
1085 562 1292 618 Constantinum

112 662 268 733 praecipuis
286 660 411 730 palatinis
430 661 526 729 captis.
544 675 598 728 pax
615 665 675 713 ton·
726 659 799 714 iacta
819 659 930 713 semine.

112 756 175 810 dem
200 756 269 808 inita
293 755 365 808 inter
392 751 543 807 Saracenos
569 758 597 808 et
620 751 675 807 Ro·
762 756 794 806 25
821 759 909 806 terroe
922 757 1011 806 motus
1028 750 1174 806 horribilis.
1193 749 1293 804 Eirene

112 865 216 904 manos.
730 845 900 900 Constantini
927 843 1097 900 consiliarios
1127 850 1155 898 et
1182 842 1293 897 comites

151 946 181 996 it
216 939 376 996 stauracius
394 937 537 994 Sclauinos
564 937 676 1007 imperio
729 938 798 994 male
819 937 949 992 multatos
975 937 1003 990 in
1028 936 1136 992 diuersa
1162 935 1223 990 loca
1250 951 1292 992 re·

111 1035 224 1090 subiicit
241 1033 343 1102 ingenti
359 1031 461 1101 praeda
478 1031 570 1086 relata.
599 1031 677 1086 Eire-
728 1032 813 1100 legat,
838 1031 922 1084 filium
945 1045 1103 1100 percussum
1127 1035 1154 1083 et
1169 1029 1293 1098 increpa·

114 1128 221 1196 nopolis
239 1126 357 1182 condita.
392 1123 468 1178 Medi
485 1131 591 1178 mortuo
615 1138 677 1178 sue·
729 1130 786 1180 tam
803 1125 933 1188 includit,
958 1123 1056 1178 milites
1081 1123 1111 1178 in
1136 1137 1187 1178 sue
1210 1121 1294 1177 uerba

113 1221 187 1276 cedit
203 1221 275 1274 iilius
292 1219 391 1273 Moses.
729 1218 820 1288 adigit.

154 1318 182 1368 13
217 1312 328 1368 Paullus
346 1310 501 1380 patriarcha
524 1310 550 1364 ei
573 1309 678 1364 muneri
763 1317 796 1366 td
822 1311 918 1366 classis
936 1310 1113 1366 saracenicae
1130 1309 1159 1364 in
1175 1307 1294 1380 Cyprum

114 1405 252 1460 renuntiat
269 1404 501 1472 monasticumque
523 1402 606 1456 sumit
628 1402 677 1456 lsa-
728 1405 879 1476 expeditio,
898 1405 942 1460 cui
960 1419 989 1459 se
1005 1403 1122 1459 Romani
1145 1407 1294 1471 opponunt.

115 1499 227 1554 bitum·
245 1497 344 1552 Eirene
360 1496 419 1551 ideo
438 1496 598 1552 contristata
620 1495 677 1548 iru-
729 1497 873 1567 Theophili
890 1497 1087 1554 cibioretorum
1104 1494 1292 1566 principissa·

113 1599 173 1646 stra
191 1591 216 1645 ei
233 1589 395 1659 persuadere
413 1593 527 1644 conatur
544 1595 575 1642 ut
592 1589 678 1658 digni·
729 1591 842 1661 ptiuitas
861 1597 889 1646 et
906 1591 1010 1647 caedes.

113 1689 199 1740 tatem
219 1689 346 1739 resumat.
381 1681 468 1736 Paulli
486 1682 544 1736 eius
562 1682 661 1737 obitus.
765 1689 797 1739 ti
823 1685 1047 1740 Armeniacorum
1064 1683 1154 1738 thema
1171 1679 1295 1736 iuuerba

153 1783 184 1832 tt
218 1777 318 1832 Eirene
352 1774 386 1830 de
420 1790 492 1830 nouo
524 1775 680 1844 patriarcha
729 1779 844 1834 Eirenes
871 1779 960 1834 iurare
984 1782 1105 1841 recusat,
1130 1776 1294 1843 missumque

113 1871 232 1927 creando
251 1869 382 1926 deliberat
405 1884 466 1924 oum
492 1867 592 1938 populo
621 1869 679 1939 pla·
730 1872 766 1928 ad
783 1887 813 1926 se
822 1871 951 1926 Alesiam
967 1876 1118 1940 praetorem
1133 1884 1211 1923 suum
1230 1883 1294 1922 con·

113 1971 212 2034 cetquo
247 1963 386 2018 masmae
413 1961 574 2017 Therasiam
597 1977 614 2017 a
637 1977 679 2017 se·
730 1965 856 2020 stituunt.
880 1965 920 2019 sic
938 1963 1292 2032 etreliquathemataprae·

113 2058 206 2114 cretis.
730 2058 835 2114 toribm
853 2057 971 2127 expulsis
990 2055 1196 2110 Constantinum
1210 2055 1294 2123 impe-

153 2156 182 2205 it
205 2155 234 2206 16
256 2155 283 2203 it
313 2155 341 2206 te
376 2149 503 2205 Tharasii
529 2165 616 2206 sermo
642 2149 677 2206 ad
727 2157 845 2207 retorem
871 2151 958 2206 solum
989 2163 1134 2220 agnoscere
1158 2163 1187 2202 se
1210 2145 1293 2216 proli·

114 2244 256 2314 populum.
728 2249 828 2300 tentam

155 2341 184 2392 19
210 2335 359 2391 Therasiae
377 2335 532 2405 patriarcha
545 2334 678 2390 constan·
763 2342 796 2392 til
831 2337 930 2392 Eirene
955 2337 1059 2405 cogitur
1082 2335 1289 2390 Constantinum

114 2430 311 2498 tioopolitanus
335 2433 517 2484 consecratus.
561 2427 679 2497 synodus
731 2431 872 2486 dimittere.
907 2430 931 2484 is
955 2428 1122 2484 Armeniacis
1152 2428 1180 2482 in
1214 2441 1292 2482 suam

114 2522 220 2578 indicta
236 2521 414 2592 accersitique
431 2519 551 2590 undique
563 2521 616 2575 uiri
625 2521 682 2590 pio·
732 2524 820 2580 solum
843 2522 923 2578 fidem
948 2521 1053 2576 adactis
1072 2521 1199 2576 Alexium
1216 2533 1293 2588 prae-

113 2621 173 2670 tate
199 2615 326 2669 illustres.
366 2614 457 2668 Moses
485 2613 681 2669 Saracenorum
731 2623 817 2672 torem
843 2615 992 2672 coufirmat.
1027 2614 1165 2670 Stauracii
1183 2613 1296 2668 exilium

117 2709 243 2778 princeps
260 2708 382 2772 moritur,
408 2707 452 2762 cui
470 2706 592 2762 succedit
609 2707 681 2762 lilius
733 2716 763 2766 ut
781 2715 808 2764 et
816 2709 888 2764 Astii
906 2707 1132 2777 protospatharii,
1150 2706 1251 2760 Eirene
1267 2704 1296 2759 in

117 2801 222 2857 Aaron.
668 2875 669 2880 η
731 2803 862 2872 palatium
879 2801 1031 2858 Eleutherii
1053 2799 1195 2856 collocata.

152 2899 185 2949 20
220 2893 339 2964 synodus
357 2893 487 2949 celebrari
504 2900 615 2964 coepta:
634 2893 681 2948 sed
767 2899 800 2950 29
825 2894 980 2949 incendium
998 2894 1026 2948 in
1044 2893 1110 2948 urbe
1127 2893 1207 2962 regia.
1226 2891 1295 2946 Con·

114 3004 136 3044 a
153 2989 255 3058 populo
272 2987 468 3042 scholariorum
496 2994 523 3042 et
540 2987 681 3043 excubito-
732 2988 846 3044 stantioi
864 2987 999 3056 expeditio
1017 2986 1148 3042 aduersm
1159 2984 1297 3053 augeres,

118 3096 178 3134 rum
188 3088 214 3134 et
226 3079 350 3135 ordinum
361 3087 511 3135 ceterorum
529 3095 596 3149 quos
610 3079 681 3136 Con·
733 3081 969 3150 Romanorumque
984 3080 1098 3148 ingloria
1115 3077 1187 3146 luga.

116 3174 255 3228 staulinus
273 3173 419 3242 imperator
445 3173 507 3228 olim
525 3174 681 3229 instituerat
766 3179 799 3228 30
835 3174 1028 3229 Comtantinus
1055 3188 1116 3226 oum
1145 3180 1231 3226 matre
1248 3170 1296 3225 Ei-

117 3265 281 3320 disturbata.
733 3284 797 3324 rene
819 3267 1011 3322 reconciliatur
1029 3273 1056 3320 et
1073 3265 1180 3333 utrique
1199 3265 1295 3318 iterum

155 3361 186 3412 21
222 3357 322 3414 Eirene
350 3373 403 3427 quo
432 3365 494 3412 estu
529 3359 683 3415 turbatores
733 3366 855 3430 regnant.
890 3359 1115 3414 Armeniacorum
1139 3359 1229 3412 thema
1253 3372 1295 3412 re-

116 3466 213 3508 omnes
237 3465 252 3506 e
275 3449 387 3506 ciuitate
409 3453 531 3506 remouit.
565 3452 683 3522 synodus
734 3455 816 3511 bellet
834 3453 1015 3520 Alexiumque
1032 3457 1183 3521 praetorem
1207 3450 1296 3518 requi·

118 3544 208 3600 denuo
223 3543 352 3598 Nicaeam
368 3543 479 3598 indicta.
699 3525 707 3540 ⁹
733 3548 784 3612 rit,
819 3563 898 3617 quem
932 3545 1124 3600 Constantinus
1157 3542 1297 3598 custodiae

155 3640 188 3690 ti
223 3635 342 3706 synodus
376 3635 536 3692 uniuersalis
570 3637 685 3707 septima
734 3638 852 3695 mandat.

118 3729 239 3785 Nicaeae
256 3728 400 3784 celebrata,
769 3739 799 3787 31
826 3730 997 3788 Consentini
1013 3729 1112 3785 bellum
1130 3727 1299 3785 contraBul-

157 3827 189 3877 23
224 3837 280 3891 pax
298 3837 359 3876 oum
376 3821 491 3877 Francis
511 3829 538 3877 et
555 3823 684 3893 nuptialis
735 3841 812 3896 geres
829 3825 899 3880 falso
917 3824 950 3880 de
967 3823 1083 3878 uictoria
1102 3821 1299 3891 praesumentis

120 3922 280 3972 contractus
297 3915 409 3970 solutus.
434 3915 534 3971 Eirene
552 3917 685 3973 Constan-
736 3935 770 3976 ex
787 3918 970 3989 praedictione
983 3913 1299 3983 cuiusdampseudopro·

121 4010 179 4064 tino
213 4009 269 4064 lilio
304 4009 421 4078 puellam
450 4025 484 4063 ex
517 4011 686 4066 Armeniacis
736 4013 843 4082 phetae.
876 4011 1038 4080 grauissima
1070 4010 1127 4066 eius
1157 4006 1247 4062 clades
1283 4021 1300 4061 a

122 4101 238 4157 Mariam
256 4101 351 4170 iungit.
386 4101 468 4158 ducos
487 4119 548 4157 cum
560 4103 686 4174 adelgiso
737 4103 899 4174 Bulgarihns
917 4104 983 4160 uicti
1005 4104 1110 4158 amissis
1135 4101 1225 4154 multis
1243 4099 1299 4169 pri·

124 4193 687 4264 LongobardorumregeabEirenecontra
737 4197 830 4254 mariis
848 4198 923 4261 uiris,
941 4198 1032 4254 occiso
1050 4198 1079 4251 in
1091 4195 1134 4250 his
1146 4197 1298 4269 ctpseudo·

122 4285 250 4341 Carolum
259 4287 387 4356 Magnum
404 4288 481 4344 missi
497 4303 627 4346 successu
644 4291 686 4345 in·
737 4289 871 4361 propheta
888 4290 942 4344 illo.

122 4378 205 4434 felici.
772 4388 805 4438 32
840 4382 948 4440 ordines
971 4385 999 4438 in
1017 4385 1084 4440 urire
1107 4383 1210 4454 agitem
1234 4399 1299 4440 con·
