3142 5056
289 311 350 376 668
684 327 793 374 runnx
814 323 1055 375 castranenvu

288 474 349 530 silis
366 474 399 528 de
417 473 605 529 comdtnendo
623 475 784 544 imperatore
801 473 849 529 Ni·
935 483 965 532 41
1002 476 1101 531 Eirene
1118 476 1171 530 iam
1189 473 1249 529 sela
1265 481 1375 541 regnat.
1416 491 1483 530 cum

288 567 414 638 caphera.
433 581 486 635 quo
504 575 641 636 comperto
657 567 850 623 Constantinus
900 569 1055 625 abimelech
1081 575 1172 639 partes
1207 567 1407 637 Cappadociae
1453 581 1483 622 et

288 661 471 730 Nicephorum
481 667 616 724 excaecat,
627 660 850 730 Christepherum
901 663 1025 718 Galatiae
1042 662 1222 732 depopulante
1239 660 1345 714 trumba
1358 661 1396 714 de
1404 677 1483 731 pace

288 755 412 810 Nicetam
422 751 581 808 Autbimum
590 753 850 822 Eudociumcogna·
900 763 999 812 actum.
1033 755 1147 811 rebelles
1170 753 1278 823 qnidam
1302 754 1481 823 persuadent
1556 749 1557 758 ’

288 855 332 904 tos
351 854 379 902 et
387 847 486 902 iratres
498 861 563 901 sues
580 847 677 916 linguis
686 847 786 916 ptiust,
803 862 851 903 ex·
901 849 1070 905 Constantini
1087 848 1149 903 filiis
1167 847 1312 916 confugere
1324 846 1363 900 ad
1382 848 1479 902 eccle-

289 949 400 997 caecato
419 947 447 994 et
461 939 569 994 Alexio.
901 944 969 998 siam
985 957 1117 1010 magnam,
1135 940 1207 996 uude
1225 939 1316 994 educti
1333 939 1372 992 ab
1391 941 1479 994 Aetio

325 1039 357 1090 ³³
399 1033 592 1088 Constantinus
626 1029 851 1089 Armeniacorum

291 1128 381 1183 thema
406 1127 504 1195 subigit
529 1126 660 1195 uariaque
687 1127 721 1182 de
746 1127 850 1182 rebelli·

288 1222 340 1278 bus
358 1222 439 1276 sumit
456 1220 596 1290 supplicia.

325 1320 358 1370 ³4
392 1313 520 1370 Saraceni
559 1313 670 1383 capiunt
704 1313 849 1369 Thebasan

290 1415 418 1464 casuum.
436 1407 630 1462 Constantinus
640 1406 783 1476 repudiata
791 1407 850 1460 hla-

289 1504 331 1558 ria
348 1517 407 1558 eam
425 1501 452 1556 in
470 1502 660 1555 monasterium
677 1499 771 1554 trudit.
793 1500 851 1554 eius

290 1596 405 1652 uictoria
438 1594 472 1649 de
499 1594 648 1648 Saracenis.
694 1593 853 1648 Theodeteu

290 1689 483 1744 cubiculariam
501 1694 614 1742 coronat
630 1688 658 1741 in
674 1687 832 1755 Augustam.

324 1787 356 1838 36
391 1782 559 1852 imperatoris
576 1797 636 1836 cum
645 1781 783 1836 Theodete
800 1796 849 1834 nu-

290 1878 372 1948 ptiae.
407 1885 496 1930 terrae
512 1883 601 1930 motus
618 1875 758 1930 terribiles.
785 1874 850 1928 Bul-

290 1970 348 2039 gari
370 1969 469 2024 bellum
487 1968 636 2032 minantur,
661 1975 757 2023 eontra
781 1983 850 2036 qnos

288 2063 434 2131 imperator
459 2061 639 2130 proficiscitur
664 2076 712 2116 nec
740 2077 786 2117 ees
815 2059 851 2116 ad

290 2170 407 2226 pugnam
426 2155 522 2209 elicere
540 2155 620 2209 umet.

325 2253 358 2304 36
393 2247 590 2303 Saracenorum
616 2249 737 2319 irruptio.
772 2251 850 2307 Plato

290 2341 376 2397 abbas
402 2357 430 2396 se
465 2357 483 2398 a
511 2343 696 2398 communnione
727 2343 851 2400 Therasil

290 2436 462 2506 patriarchae
486 2435 626 2504 seiungere
644 2435 719 2491 iussu
736 2439 851 2507 impera-

289 2530 357 2584 toris
370 2527 508 2584 custodiae
520 2530 672 2591 mandatus,
681 2532 789 2602 reliquis
797 2548 853 2587 mo·

290 2622 385 2677 naehis
403 2637 465 2676 cum
482 2623 626 2692 nepotibus
644 2625 701 2679 eius
721 2626 852 2695 relegatis.

326 2719 356 2768 ³7
382 2715 537 2783 imperatori
550 2715 619 2771 lilius
629 2715 684 2772 Leo
699 2725 787 2774 natus.
806 2719 852 2773 Ei-

290 2821 353 2862 rene
377 2807 464 2862 denuo
488 2808 624 2878 principes
650 2810 685 2865 ad
714 2827 743 2866 se
768 2813 853 2867 trahit

290 2898 396 2974 illisque
418 2900 502 2958 illium
524 2902 635 2971 imperio
662 2906 850 2976 deponendum

291 2997 442 3067 persuadet.
477 2998 615 3056 Hadriano
632 2999 851 3069 pepaettomano

291 3091 413 3145 succedit
433 3092 496 3147 Leo.

326 3187 359 3236 36
394 3183 562 3252 imperatoris
591 3187 689 3241 alacris
720 3186 853 3255 expeditio

290 3275 421 3330 aduersus
440 3277 590 3332 Saracenos
616 3293 684 3348 quiae
708 3295 757 3349 per
775 3280 854 3336 Stau-

290 3369 395 3423 raeinm
429 3375 456 3424 et
491 3377 594 3425 ceteros
626 3371 727 3428 amicos
761 3375 855 3429 matris

292 3461 376 3532 ipsius
399 3461 526 3518 inefficax
548 3465 661 3520 reddita.
696 3466 744 3520 filii
769 3467 854 3536 ipsius

290 3555 390 3612 Leonis
407 3573 487 3612 mers.

325 3656 357 3704 36
393 3651 526 3720 quomodo
551 3654 743 3710 Constantinus
776 3656 852 3710 iussu

290 3743 402 3798 Eireues
421 3746 630 3815 comprehensus
647 3747 729 3804 luerit
755 3755 782 3804 et
806 3764 851 3804 ex·

291 3844 425 3900 caecatus,
445 3841 598 3909 quistatim
616 3842 691 3896 obiit.

325 3936 358 3987 te
383 3933 489 4002 eclipsis
507 3934 579 3988 solis.
604 3935 733 3989 tumultus
751 3934 853 3989 Romae

291 4033 387 4080 contra
405 4025 523 4081 Leonem
546 4043 654 4097 papam,
681 4029 727 4097 qui
753 4028 853 4082 eiectus

290 4119 325 4174 ad
342 4119 468 4174 Carolum
492 4119 659 4176 Francorum
676 4135 765 4190 regem
789 4131 866 4175 eon:

290 4227 358 4296 fugit
382 4225 416 4278 ab
441 4234 525 4290 eoque
548 4216 705 4272 restituitur.
742 4214 854 4270 Carolus

291 4323 407 4387 Magnus
430 4315 576 4383 imperator
598 4309 782 4364 Romanorum
808 4323 853 4362 co·

290 4421 403 4468 renatus
421 4423 469 4478 per
486 4405 603 4460 Leonem
621 4417 727 4472 popam.

901 1037 1016 1106 patricie
1034 1041 1062 1090 et
1079 1035 1156 1090 exilio
1169 1033 1289 1088 damnati
1297 1031 1375 1102 apud
1384 1033 1479 1086 Athe-
1557 1027 1558 1092 l

902 1145 958 1184 nas.
987 1129 1216 1184 inimicitiaeinter
1227 1126 1480 1181 AetiumetStau·

901 1223 1011 1279 racium.

934 1320 968 1370 ta
999 1315 1155 1370 abimelech
1172 1314 1378 1384 imperatorium
1397 1315 1479 1383 equi·
1558 1296 1559 1388 l

901 1417 988 1464 tatum
1005 1410 1078 1480 capit
1095 1415 1122 1464 et
1140 1409 1250 1462 multam
1267 1408 1402 1478 praedam
1423 1409 1475 1463 ab·

902 1503 983 1558 ducit.
1021 1501 1189 1557 Constantini
1213 1501 1274 1556 filiis
1297 1501 1373 1556 oculi
1391 1503 1476 1556 iussu

901 1597 1014 1651 Eireues
1032 1596 1108 1650 eruti.

936 1695 968 1744 43
1004 1689 1103 1744 Eirene
1125 1687 1268 1756 magrdtica
1284 1701 1389 1756 pompa
1409 1705 1478 1758 pro-

901 1783 979 1838 cedit.
1015 1783 1072 1837 eius
1089 1781 1206 1836 morbus.
1242 1781 1382 1835 conantio
1401 1781 1481 1836 inter

901 1877 1008 1930 hedum
1025 1881 1052 1930 et
1069 1874 1238 1930 Staumcium
1256 1879 1346 1928 aucta.

935 1974 968 2023 tt
996 1967 1129 2024 stauratii
1146 1967 1315 2037 tyrannidem
1333 1967 1480 2022 molientis

902 2079 981 2118 mors.
1018 2063 1113 2117 seditio
1136 2061 1171 2115 ab
1190 2077 1222 2115 ee
1246 2066 1342 2114 conus
1360 2061 1480 2114 Aetium

901 2155 928 2209 in
938 2155 1110 2225 Cappadocia
1127 2155 1263 2209 concitata
1279 2153 1307 2206 in
1325 2167 1383 2222 qna
1398 2169 1480 2208 eom-

902 2249 1027 2318 prehensi
1045 2249 1115 2304 male
1132 2247 1245 2302 multati.

936 2347 968 2397 45
1005 2343 1118 2396 Carolus
1141 2341 1258 2408 Magnus
1293 2338 1402 2408 legates
1443 2341 1481 2394 ad

902 2437 1020 2491 Eirenen
1037 2435 1119 2489 mittit
1136 2435 1193 2490 eius
1212 2433 1416 2487 matrimonium
1428 2449 1481 2504 pe-

905 2535 972 2584 tens.
1007 2529 1121 2584 Eirenes
1138 2527 1288 2596 benignitas
1306 2532 1333 2581 et
1352 2527 1481 2582 liberali·
1561 2518 1562 2566 l

904 2629 946 2678 tas
964 2637 1027 2691 erga
1044 2623 1126 2677 ciues.

936 2721 970 2770 lo
1005 2717 1075 2770 Aetli
1101 2715 1227 2785 superbia
1258 2714 1303 2782 qui
1326 2713 1482 2782 imperium

902 2809 937 2864 ad
948 2809 1058 2864 fratrem
1070 2807 1217 2863 transferre
1230 2807 1336 2876 satagit,
1355 2806 1482 2876 ideoque

901 2904 957 2958 suis
984 2901 1100 2957 consiliis
1124 2901 1235 2971 impedit
1261 2914 1296 2954 ne
1319 2899 1426 2954 Eirene
1450 2901 1481 2954 in

903 2997 1101 3051 matrimonium
1111 3011 1172 3051 cum
1183 2993 1280 3048 Carolo
1291 2993 1394 3062 Magne
1408 3009 1482 3049 con-

905 3091 1009 3145 sentiat.

940 3189 971 3238 tl
1000 3182 1146 3251 Nicepheri
1163 3179 1269 3251 patricii
1278 3185 1306 3236 et
1314 3179 1484 3249 logothetae

906 3277 1056 3332 coniuratio
1073 3275 1203 3330 aduersus
1216 3273 1342 3337 Eirenen‚
1363 3289 1484 3343 quaque

902 3370 1002 3426 fraude
1018 3371 1158 3438 imperium
1178 3373 1361 3438 consequutus
1380 3365 1482 3420 luerit.

938 3467 972 3517 ts
1006 3464 1106 3517 Eirene
1125 3463 1153 3515 in
1170 3461 1265 3515 maiori
1281 3459 1386 3529 palatio
1407 3475 1484 3514 con·

905 3556 989 3621 clusa,
1006 3555 1177 3624 Nicephorus
1195 3559 1348 3609 coronatus.

938 3653 971 3703 49
1005 3650 1082 3702 arama
1098 3647 1198 3702 loadicia
1223 3663 1304 3716 super
1323 3647 1378 3701 hac
1396 3663 1483 3702 com-

903 3742 1052 3797 mutatione
1069 3741 1173 3810 imperii
1196 3755 1340 3809 omnesque
1358 3747 1484 3810 stupore

903 3833 964 3890 ideo
985 3834 1083 3889 allecti.

938 3931 971 3981 66
1005 3927 1151 3996 Nicepheri
1177 3926 1212 3980 ad
1236 3925 1354 3979 Eireneu
1390 3925 1481 3982 blau·

905 4020 1003 4086 ditias,
1028 4022 1105 4090 quasi
1123 4026 1233 4074 coaetus
1257 4017 1404 4086 sumpserit
1425 4020 1480 4074 im·

904 4114 1025 4184 perium,
1045 4129 1156 4183 eamque
1173 4129 1207 4167 ne
1225 4113 1367 4166 thesauros
1385 4111 1484 4182 impe·

905 4207 985 4262 riales
1003 4208 1054 4261 sibi
1071 4207 1189 4262 occultet
1205 4211 1304 4260 menet.

940 4306 971 4354 51
990 4301 1103 4356 Eirenes
1122 4299 1158 4354 ad
1175 4298 1358 4367 Nicephorum
1376 4299 1482 4353 uerba

939 4399 971 4450 62
1007 4393 1176 4464 Nicephorus
1201 4391 1298 4446 Eirene
1322 4397 1387 4459 post
1414 4391 1486 4448 the-
