2834 5394
582 679 655 729 ear.
679 681 787 728 vir-x
1210 666 1272 728 567

96 837 311 897 uenustatnm.
356 832 516 916 promouit
538 839 646 897 autem
668 832 855 918 Helpidium
883 839 1063 918 praetorem
1092 833 1126 896 in
1149 832 1271 914 Sicilia,

98 943 152 1027 qui
176 948 206 1006 ct
228 947 303 1006 ante
326 941 390 1005 illie
412 950 543 1025 practer
565 943 723 1008 extiterat.

181 1052 280 1116 Porro
317 1052 453 1136 septimo
490 1052 614 1118 decimo
650 1051 864 1119 kalendarum
900 1053 1058 1118 Maiarum
1095 1058 1265 1119 accusatus
1288 1038 1388 1105 VIIII

96 1163 182 1230 idem
203 1162 384 1246 Hclpidius,
408 1160 493 1245 quod
515 1182 587 1227 enm
611 1163 806 1230 Caesaribus
829 1163 972 1245 sentiret,
996 1170 1027 1228 et
1048 1162 1148 1229 misso
1170 1163 1273 1228 Theo·

63 1275 186 1360 ophilo
201 1273 373 1358 Spathmio
395 1273 560 1358 praecepit
581 1279 615 1337 nt
637 1273 826 1357 compendio
848 1279 977 1359 raperet
998 1281 1030 1340 et
1044 1272 1176 1338 duceret
1189 1293 1272 1355 cunr,

97 1385 151 1469 qui
174 1403 245 1448 cum
267 1383 480 1468 perrexisset,
509 1404 574 1449 non
596 1382 755 1450 dederunt
776 1384 867 1450 illum
889 1384 999 1450 Siculi.
1044 1391 1078 1449 at
1099 1384 1158 1449 illa
1178 1382 1274 1449 huius

97 1514 229 1560 uxerem
253 1500 285 1558 et
306 1493 390 1559 filios
413 1512 526 1559 caeses
554 1499 586 1558 et
607 1501 717 1561 tonsos
739 1494 904 1560 Praetorio
927 1494 1014 1561 misit
1035 1491 1273 1561 custodiendos.

96 1604 188 1669 Iunio
211 1610 317 1668 autem
341 1622 453 1669 mense
476 1603 585 1669 omnia
607 1604 760 1669 ulteriora
781 1604 925 1670 themata
946 1603 1123 1670 destinauit
1146 1602 1189 1668 ad
1211 1603 1275 1668 clu·

97 1735 190 1781 suras
219 1712 421 1778 custodiendi
450 1719 482 1778 et
509 1714 706 1780 obseruandi
735 1716 855 1780 exitum
877 1715 1038 1795 Arabum,
1067 1733 1274 1800 praeponens

50 1842 79 1890 to
98 1827 146 1891 eis
168 1829 265 1908 eaput
285 1823 462 1888 Iohannem
485 1825 707 1908 sacellarium,
737 1826 885 1910 quierat
912 1823 1078 1891 eunuchus
1107 1831 1139 1890 et
1167 1823 1273 1890 doure·
1331 1830 1335 1837 '

97 1936 195 2002 stieus
223 1933 303 2000 cius.
348 1940 381 1998 at
410 1953 488 1999 uero
510 1933 598 1999 Medi
629 1936 716 2001 misit
746 1934 842 2000 Cebir
870 1954 941 1999 enm
970 1935 1087 2000 uirtute
1114 1935 1216 1999 multa
1244 1940 1276 1999 et

97 2050 266 2111 occurrunt
287 2043 445 2108 inlocum
467 2050 686 2129 nuncupatum
708 2044 819 2109 blilnm
851 2052 884 2111 et
912 2044 991 2109 inito
1014 2044 1098 2111 bello
1120 2063 1274 2129 superan-

97 2165 148 2221 tur
169 2154 294 2220 Arabes
324 2159 356 2219 et
382 2152 569 2219 occiduntur
597 2175 638 2221 ex
660 2155 708 2221 eis
730 2155 822 2220 multi
857 2162 888 2220 et
918 2155 964 2219 ita
991 2174 1063 2220 cum
1087 2153 1275 2221 confusione

99 2265 220 2334 reuersi
242 2271 325 2333 sunt.
356 2272 530 2350 coeperunt
552 2270 723 2350 praeterea
744 2264 883 2350 piissimi
897 2265 1060 2350 principes
1082 2263 1275 2330 fiducialiter

52 2396 196 2460 reagere
224 2382 256 2440 et
277 2374 410 2441 uerbum
433 2374 555 2440 domini
577 2375 707 2442 dilatari
738 2383 770 2442 et
797 2375 852 2459 qui
880 2375 1034 2440 uolebant
1059 2374 1181 2442 saluari
1203 2374 1274 2441 sine

97 2485 315 2573 prohibitione
344 2483 464 2550 mundo
493 2485 721 2552 abrenuntiare
757 2492 789 2552 et
821 2485 1012 2569 glorificatio
1048 2483 1102 2551 dei
1137 2484 1275 2550 exaltari

94 2618 134 2664 ac
161 2594 359 2661 monasteria
386 2595 525 2661 recreari
553 2603 650 2679 atque
677 2614 772 2660 omne
810 2595 929 2660 bonum
959 2594 1169 2662 manifestari.
1214 2592 1276 2659 hoc

96 2708 194 2774 etiam
216 2725 301 2770 anno
323 2705 357 2769 in
377 2704 484 2788 longis
507 2704 633 2771 Thrace
656 2706 755 2771 muris
783 2705 878 2769 hemo
908 2704 1040 2788 quidam
1070 2703 1197 2771 fodiens
1226 2703 1276 2769 in-

99 2818 190 2884 uenit
217 2813 379 2900 lapideam
409 2833 533 2896 arcam,
573 2835 670 2898 quam
699 2834 769 2878 cum
798 2820 1011 2899 expurgasset
1039 2820 1070 2878 et
1098 2814 1278 2880 releuasset

50 2951 82 2999 20
99 2924 240 3011 repperit
268 2924 372 2988 uirum
400 2922 559 2988 iacentem
594 2932 626 2989 ot
655 2924 778 2990 litteras
807 2923 1046 3007 conglutinatas
1076 2942 1172 2989 arcae
1201 2942 1276 2988 cou-

98 3038 239 3102 tinentes
261 3033 342 3099 haec
365 3031 523 3099 ‘Christus
557 3041 707 3100 nascetur
729 3054 769 3099 ex
791 3033 895 3098 Maria
916 3032 1043 3117 uirgine
1071 3040 1103 3099 et
1124 3031 1220 3100 eredo
1242 3033 1277 3097 in

98 3168 181 3229 eum,
205 3143 265 3211 sub
289 3141 499 3210 Constantino
515 3150 547 3207 et
560 3144 679 3209 Eirene
700 3142 948 3229 imperatoribus
970 3165 988 3209 ο
1012 3144 1061 3210 sol
1083 3143 1198 3209 iterum
1221 3161 1276 3207 me

95 3255 239 3323 uidebis!

183 3366 277 3430 Anno
315 3361 519 3429 Constantini
564 3370 596 3429 et
631 3363 771 3429 Eirenac
817 3361 959 3429 secundo
1003 3361 1121 3428 direxit
1155 3362 1277 3428 Eirene
1298 3359 1333 3427 X

51 3501 85 3551 25
101 3476 309 3542 Constantem
338 3473 542 3541 sacellarium
572 3478 603 3538 et
625 3472 798 3538 Mamalum
821 3472 1038 3558 primicerium
1059 3471 1101 3538 ad
1126 3469 1277 3537 Carolum

101 3605 209 3669 regem
224 3585 430 3664 Francorum,
467 3603 530 3667 quo
558 3583 658 3648 filiam
688 3603 779 3649 suam
802 3590 902 3669 nuptu
928 3581 1070 3649 traderet
1091 3581 1279 3668 imperatori

99 3693 313 3762 Constantino
329 3693 396 3758 filio
411 3713 480 3759 suo.
511 3701 543 3757 et
557 3694 640 3759 lacto
655 3693 774 3778 placito
796 3712 834 3757 ac
849 3691 1056 3759 iureiurando
1078 3692 1162 3759 inter
1175 3698 1278 3759 utres·

101 3825 163 3891 que
186 3804 386 3888 reliquerunt
406 3801 593 3868 Helisaeum
622 3802 802 3868 eunuchum
833 3809 930 3886 atque
958 3802 1118 3868 notarium
1151 3800 1195 3868 ad
1223 3800 1278 3868 do-

101 3913 237 3982 cendam
259 3913 347 3978 illam
371 3911 566 3978 Graecorum
589 3912 714 3978 litteras
742 3912 839 3979 simul
869 3920 902 3977 et
930 3912 1073 3996 linguam
1103 3911 1162 3979 sed
1191 3918 1223 3977 et
1243 3918 1279 3976 ut

50 4051 84 4100 30
102 4024 243 4093 erudiret
265 4043 337 4089 earn
360 4022 534 4089 seeundum
558 4040 663 4089 meres
678 4023 894 4087 Romanorum
910 4021 1048 4106 imperii.
1085 4021 1276 4089 constmctis

100 4143 207 4202 utitem
228 4132 389 4201 classibus
411 4131 590 4199 numerosis
613 4139 646 4199 et
667 4132 778 4198 electis
808 4151 849 4198 ex
870 4131 1066 4200 thematibus
1088 4130 1218 4217 populis
1239 4149 1279 4196 ac

100 4245 298 4333 principibus
320 4243 375 4327 qui
390 4241 581 4324 sufficerent,
597 4242 757 4327 promouit
771 4241 976 4308 Theodorum
992 4241 1160 4327 patricium
1177 4260 1279 4308 eunu-

171 4544 200 4593 to
219 4536 308 4606 capud
326 4535 353 4590 D
430 4516 629 4590 laccellarriD
730 4539 760 4588 tr
779 4532 951 4604 ceperuntD
1055 4538 1085 4590 19
1104 4550 1165 4589 cum
1183 4532 1281 4591 cml)

100 4636 133 4686 22
152 4637 178 4685 et
197 4636 228 4685 at
247 4631 288 4686 bis
304 4625 457 4683 herrenel)
560 4632 592 4682 23
611 4627 758 4682 uiuente
852 4632 884 4682 25
913 4628 1052 4683 conitahm
1071 4606 1281 4684 saccellanirD

102 4733 130 4781 et
145 4723 294 4784 Mamalum
312 4720 491 4792 primicerium
509 4720 605 4775 cml)
666 4725 698 4777 26
717 4722 847 4792 nuptol)
910 4725 941 4776 27
961 4720 1113 4790 placidoD
1181 4723 1214 4777 28
1232 4718 1281 4776 he·

102 4802 167 4874 urei
185 4817 211 4871 n
278 4819 311 4870 rs
329 4814 374 4869 rer
392 4813 505 4871 enare
523 4801 571 4870 a·
584 4820 614 4870 n
631 4814 658 4869 a
