3154 5084
270 321 308 384 18
676 335 768 382 nrenr
790 334 802 378 1
825 333 899 383 cnr.
921 334 1022 382 xxnn

268 507 384 553 manoe
406 486 493 553 uires
515 486 564 552 eis
586 485 715 552 omnino
737 485 888 552 resistere
910 506 976 551 non
997 491 1139 570 possent,
1160 483 1343 570 Apollinem
1367 487 1443 552 Del-

266 596 396 684 phicum
419 597 655 663 consuluerunt.
700 596 866 681 respondit
887 596 966 664 deos
988 614 1095 660 seeum
1119 601 1151 662 et
1172 595 1331 663 candidas
1353 597 1442 682 puel-

266 709 316 774 las
344 706 448 774 Gallis
480 714 690 791 pugnaturas.
735 713 823 784 (tuno
855 707 889 772 in
918 706 1055 791 Alpibus
1097 705 1228 772 niuibus
1262 727 1441 792 oppressus

267 818 414 884 Brennus
436 836 505 882 eum
529 816 695 884 omnisne
725 815 868 883 exercitu
897 817 1022 883 deletus
1045 819 1118 891 est.)
1162 815 1260 900 igitur
1282 816 1441 902 reliquam

266 927 473 1009 iuuentutem,
511 947 607 1012 quam
631 933 756 994 constat
777 928 833 993 uix
856 927 943 992 mille
970 926 1135 992 hominnm
1158 934 1235 992 tuno
1257 927 1368 1010 inisse,
1406 927 1477 992 ins

267 1058 341 1105 arce
364 1037 540 1124 Capitolini
562 1037 679 1104 montis
701 1037 880 1103 latitantem
908 1035 1079 1104 obsidione
1108 1036 1301 1102 concludunt
1329 1037 1441 1122 ibique

267 1149 412 1216 infelioes
435 1148 589 1232 reliquias
620 1147 704 1214 samo
734 1155 765 1213 et
787 1153 878 1232 peste
900 1147 1128 1233 desperatione
1150 1155 1182 1212 et
1203 1146 1374 1213 tormidine
1396 1153 1443 1213 te—

268 1266 350 1324 runt.
394 1264 587 1343 captumque
609 1257 682 1322 ilico
705 1257 900 1342 Capitolium
920 1259 1023 1323 iuerat
1049 1257 1115 1324 nisi
1145 1259 1285 1323 elamore
1313 1258 1443 1324 anseris

268 1370 426 1435 excitatus
449 1368 589 1436 Manlius
611 1368 793 1435 restitisset.
838 1368 985 1451 quicum
1009 1367 1065 1433 diu
1088 1387 1144 1434 eos
1172 1364 1376 1451 obsiderent>
1409 1373 1443 1432 et

266 1479 332 1545 ianr
353 1479 491 1544 Romani
512 1478 597 1545 iame
618 1479 804 1545 laborarent
832 1475 1030 1563 (fragmenta
1049 1497 1171 1563 panum
1193 1497 1252 1562 pro
1275 1477 1442 1562 lapidibus
1463 1489 1494 1539 ro

267 1588 372 1656 Gallis
400 1589 553 1656 iecerunt.
597 1609 693 1674 qnam
726 1589 767 1654 ob
799 1588 883 1674 rem>
910 1596 1042 1674 aooepto
1063 1609 1142 1654 auro
1166 1588 1253 1654 mille
1274 1587 1442 1669 librarum,

266 1719 308 1766 ne
331 1699 525 1785 Capitolium
547 1699 735 1766 obsiderent
764 1695 821 1782 <ex
852 1701 931 1766 urbe
958 1697 1188 1782 recesserunt>
1232 1698 1289 1764 sed
1312 1705 1445 1765 seoutns

267 1829 323 1875 eos
346 1808 501 1876 Camillus
530 1808 649 1874 cedidit
676 1815 711 1874 ut
738 1815 770 1876 et
798 1830 911 1875 aurum
949 1808 1035 1894 qnod
1063 1808 1115 1875 his
1145 1808 1255 1874 datum
1278 1809 1383 1874 inerat
1411 1815 1445 1874 et

267 1917 433 2002 (insuper)
456 1920 565 1984 omnia
587 1939 670 2003 qnae
685 1927 838 2004 ceperant
853 1919 1116 2002 militariasigna
1130 1925 1297 1984 renoearet
1315 1916 1444 2003 <quani-

267 2027 318 2094 uis
346 2027 471 2112 pridem
503 2048 559 2095 eos
589 2030 782 2113 grauissime
811 2026 1010 2112 cecidisset.)
1054 2027 1100 2094 ita
1128 2029 1222 2094 tertio
1250 2025 1443 2112 (Camillus)
1462 2041 1492 2091 te

265 2137 470 2223 triumphans
490 2138 600 2204 urbem
624 2139 790 2224 ingressus
812 2149 862 2208 est
884 2148 916 2206 et
938 2139 1121 2226 appellatus
1144 2138 1305 2205 seeundus
1325 2140 1443 2204 Romn-

265 2248 316 2314 lus
349 2247 444 2332 quiesi
474 2255 506 2313 et
534 2249 605 2333 ipse
631 2251 757 2334 patriae
788 2251 943 2316 eonditor.
993 2247 1109 2334 <igitur
1137 2269 1208 2315 oum
1238 2248 1325 2314 idern
1353 2246 1445 2312 Galli

266 2356 460 2443 Capitolium
484 2357 679 2442 obsiderent,
703 2360 805 2428 Gaius
826 2360 948 2427 Fabius
969 2362 1097 2428 Dorsuo
1120 2359 1238 2426 damen
1262 2357 1444 2436 Quirinalis

268 2467 416 2534 sollemni
438 2468 491 2534 die
514 2468 695 2538 Gabinatus
724 2491 818 2538 saera
845 2471 1032 2556 praeterens
1061 2491 1118 2557 per
1139 2470 1280 2537 hostiurn
1302 2466 1445 2534 tentoria

269 2576 311 2643 ad
327 2577 526 2657 Quirinalem
549 2587 688 2646 montem
711 2579 874 2647 contendit
902 2589 934 2647 et
955 2581 1116 2647 celebrato
1139 2577 1296 2647 sacrificio
1318 2576 1445 2661 rediit.)
1461 2593 1494 2644 ro

354 2688 448 2754 Ciroa
476 2689 557 2756 haee
586 2697 733 2776 tempora
767 2691 884 2758 Hester
912 2698 1043 2777 putatur
1071 2691 1209 2757 historia
1248 2689 1442 2773 conscripta.

268 2797 361 2864 Plato
383 2818 510 2884 qnoque
532 2800 746 2888 philosophus
769 2801 821 2868 his
843 2801 943 2868 luisse
965 2802 1164 2888 temporibus
1188 2798 1383 2886 perhibetur.

303 3037 306 3043 -
337 2998 476 3054 amalliul
491 2997 518 3054 Ρ
533 3003 560 3053 et
576 3000 634 3056 cod.
653 2999 763 3056 Pitloer'
845 3005 882 3056 to.
903 3001 1040 3071 11(>Ρ.·
1065 3000 1204 3056 acamrllo
1234 3015 1279 3070 qur
1306 3015 1334 3054 rn
1352 3011 1448 3052 meina

267 3096 377 3146 ciuitate
409 3093 543 3147 exulabat.
597 3095 674 3162 gallrl
705 3095 893 3162 lupomentum
922 3095 960 3148 elt
990 3094 1052 3148 add.
1078 3101 1102 3151 ol
1138 3094 1344 3163 graurllrmeqne
1375 3095 1444 3145 urctr

267 3189 362 3246 turneb
392 3183 425 3244 Vl
454 3187 522 3238 sunt.
572 3186 672 3242 Postea
698 3192 787 3242 tamen
815 3186 842 3240 B
849 3185 874 3241 V
969 3193 1000 3240 to
1027 3187 1176 3256 fragmenta
1207 3185 1352 3241 Pithoeus:
1386 3183 1445 3236 tra·

267 3275 428 3347 gmentrlP
514 3283 539 3332 ll
567 3285 630 3334 onte
653 3295 719 3334 auro
743 3279 904 3334 addetum
922 3279 981 3335 BV
1068 3285 1097 3335 13
1126 3289 1190 3335 orote
1214 3277 1339 3335 eolndd.
1358 3275 1397 3330 eit
1414 3273 1446 3330 B

270 3373 300 3424 tt
320 3375 464 3440 coeperant
481 3369 541 3426 BV
612 3375 643 3426 22
662 3368 880 3442 phylosophan
923 3374 1105 3446 susbscriptnm
1126 3389 1259 3432 exemere
1278 3380 1446 3437 (mesonma

267 3477 401 3518 nomeu
424 3463 487 3521 odd.
513 3464 546 3530 Vt
579 3481 662 3520 arnna
678 3496 683 3506 ·
701 3478 833 3521 aurosus·
854 3483 960 3522 morsm
977 3483 1061 3522 urnas
1078 3483 1217 3522 senonens
1243 3467 1272 3522 in
1296 3464 1323 3518 B
1329 3463 1355 3518 V
