2834 5394
188 226 251 289 492
691 239 783 287 nrnnr
805 240 878 287 xxn

188 392 264 461 lasti
287 397 319 458 et
340 391 535 458 conculcasti
557 391 682 457 leonem
705 398 737 457 ct
758 390 950 458 draconem?
978 398 1012 458 et
1032 393 1079 457 ita
1099 392 1160 460 hos
1183 391 1376 461 destinatos
1399 424 1403 431 ·

188 503 224 571 in
252 502 377 569 uinario
405 500 617 568 animantium
651 501 767 587 capitis
795 500 1077 568 animaduersione
1110 503 1251 587 puniuit
1301 503 1373 571 Cal·

187 612 318 681 linicnrn
347 631 424 678 nero
453 610 673 678 Patriarcbam
701 611 820 678 ablatis
847 612 949 678 oculis
982 611 1070 698 apud
1097 614 1235 679 Βοωαω
1269 615 1372 681 exilio

187 724 346 809 relegauit
367 728 399 787 et
414 743 472 808 pro
494 740 533 788 ec
548 719 678 806 Cyrum,
701 721 756 803 qui
777 722 811 787 in
833 721 942 789 insula
963 724 1066 788 iuerat
1087 723 1256 791 inclausus
1272 724 1371 790 Ams-

188 832 315 915 stn'dis‚
338 840 501 917 tamqnam
530 850 603 897 eum
625 831 680 916 qui
702 833 988 917 praenuntiauerat
1015 833 1076 900 sibi
1099 833 1218 918 prioris
1239 836 1399 902 restitus

135 937 168 1003 X
188 945 308 1011 tionem
338 943 464 1027 imperii
497 941 704 1025 subrogatum
734 942 891 1027 prouexit.
935 944 1203 1011 innumerabilem
1237 965 1370 1030 qnoque

188 1051 424 1120 multitudinem
447 1057 512 1117 tam
535 1070 576 1117 er
597 1052 684 1117 ciuili
705 1072 803 1136 qnam
829 1071 870 1119 ex
891 1053 1022 1119 militari
1044 1055 1191 1138 catalogo
1213 1055 1368 1139 perdidit

189 1164 307 1230 multos
329 1162 424 1228 etiam
447 1160 481 1227 in
504 1180 615 1229 saccos
637 1162 754 1228 missos
777 1182 890 1227 amara
911 1163 986 1229 iecit
1008 1170 1109 1230 morte
1129 1165 1258 1247 necari;
1283 1167 1368 1232 alios

188 1279 297 1339 autem
324 1291 396 1338 cum
424 1270 467 1337 ad
495 1271 665 1357 prandium
698 1273 748 1337 uel
776 1272 819 1337 ad
848 1291 961 1338 cenam
991 1274 1202 1357 accubitaret,
1233 1296 1312 1342 mox
1335 1288 1368 1342 nt

188 1382 343 1467 surgebat
362 1382 480 1469 partim
502 1381 679 1466 suspendio
702 1381 817 1466 partim
842 1382 998 1450 incisione
1020 1383 1185 1468 perdebat.
1234 1393 1268 1451 et
1292 1385 1367 1452 hinc
1384 1395 1408 1443 ¹⁰

187 1514 326 1578 mugnus
349 1493 443 1558 timor
466 1492 649 1578 optinuerat
670 1511 792 1558 omnes.
829 1493 917 1558 misit
938 1493 1063 1559 interea
1084 1496 1221 1562 classem
1246 1496 1290 1561 ad
1314 1497 1368 1563 de·

188 1601 368 1670 ducendam
391 1622 413 1667 a
434 1600 597 1667 Chazaria
618 1620 751 1667 uxorem
774 1623 865 1668 suam
889 1609 922 1669 ct
949 1605 1070 1669 multae
1098 1605 1166 1671 suis
1188 1625 1263 1671 cunr
1286 1607 1368 1674 uiris

188 1712 330 1798 scaphae
346 1711 578 1778 demerserunt.
615 1732 678 1796 quo
700 1710 810 1776 audito
826 1711 991 1780 chaianus
1015 1714 1176 1797 significat
1197 1716 1228 1781 ei
1252 1715 1368 1784 dicens

192 1821 222 1888 ‘0
244 1823 408 1889 insensate
430 1840 537 1887 nonne
568 1822 737 1905 oportebat
766 1828 798 1887 tc
827 1822 861 1887 in
882 1822 1009 1890 duabus
1031 1825 1082 1889 nel
1104 1825 1209 1890 tribus
1232 1826 1367 1910 scaphis

191 1932 338 2015 accipere
359 1931 526 1995 mulierem
548 1937 635 1996 tuam
657 1938 689 1996 et
710 1951 773 1997 non
789 1938 911 1998 tantam
933 1935 1079 2000 occidere
1102 1935 1366 2003 multitudinem?
1386 1944 1410 1992 ¹⁵

191 2060 233 2107 an
267 2046 362 2125 putas
389 2038 473 2122 quod
502 2047 535 2105 et
562 2039 647 2106 hanc
668 2047 737 2107 arto
767 2042 953 2128 percipias?
986 2063 1060 2110 ecce
1088 2045 1215 2130 peperit
1242 2047 1304 2112 tibi
1334 2056 1367 2114 et

191 2149 302 2230 filium,
317 2149 405 2214 mitte
416 2168 492 2232 ergo
508 2155 540 2215 et
557 2151 666 2235 accipe
676 2151 768 2218 illos.’
790 2160 824 2217 at
838 2153 937 2219 misso
953 2155 1008 2219 ille
1020 2154 1266 2240 Theophylactc
1277 2156 1368 2221 cubi-

191 2260 313 2327 cularie
335 2259 427 2324 duxit
448 2258 652 2325 Theodoram
675 2268 706 2328 et
734 2261 835 2327 filium
864 2264 935 2330 eius
956 2264 1120 2330 Tiberium
1144 2271 1176 2330 et
1197 2268 1368 2332 coronauit

191 2388 248 2438 ecs
271 2376 304 2436 ct
325 2370 526 2454 imperauere
548 2370 643 2437 simul
665 2392 737 2437 cnm
759 2372 841 2457 ipsc.

122 2479 174 2548 xl
279 2480 374 2546 Anno
390 2476 516 2566 imperii
531 2481 702 2548 Iustiniani
717 2482 858 2549 secundo
874 2482 992 2548 Vbalid
1014 2484 1173 2569 subripuit
1194 2486 1363 2551 ecclesiam
1381 2497 1412 2546 ao

191 2591 381 2657 catholicam
403 2592 557 2657 Damasci
579 2592 681 2658 liuore
704 2593 855 2677 pestifero
883 2594 916 2658 in
940 2592 1141 2660 Christianos
1171 2594 1283 2661 habito
1312 2597 1366 2662 sti·

192 2701 333 2767 mulatus
355 2708 487 2786 propter
509 2701 701 2768 eminentem
724 2703 803 2768 tanti
818 2702 1088 2788 pulchritudinem
1112 2705 1224 2789 templi
1246 2713 1281 2770 et
1295 2727 1366 2791 pro

189 2809 294 2875 hibuit
315 2810 413 2876 scribi
428 2808 552 2876 Graece
574 2811 721 2895 publicos
742 2812 913 2897 logothesii
935 2812 1063 2879 codices
1086 2815 1144 2880 sed
1167 2816 1200 2880 in
1215 2816 1365 2883 Arabicis

190 2920 338 2986 annotari
363 2921 433 2986 sinc
456 2928 615 3008 computo,
638 2923 790 3006 quoniam
812 2922 1014 3007 impossibile
1037 2931 1087 2990 est
1103 2924 1230 2990 illorum
1252 2926 1366 3010 lingua

191 3029 363 3096 monadem
386 3031 436 3095 uel
460 3030 649 3097 dualitatem
672 3040 728 3097 aut
755 3031 931 3099 trinitatem
959 3039 1014 3097 aut
1035 3041 1106 3099 octo
1135 3041 1167 3099 et
1193 3034 1364 3101 dimidium
1381 3052 1410 3100 at

189 3145 246 3202 aut
267 3138 329 3203 tria
351 3139 448 3203 scribi
477 3147 608 3225 propter
636 3141 721 3225 quod
747 3148 779 3208 et
800 3161 902 3225 usque
929 3142 1026 3208 hodie
1050 3150 1124 3210 snut
1144 3164 1215 3209 cum
1239 3145 1288 3210 eis
1312 3166 1366 3210 nc

189 3247 265 3312 tarii
288 3247 475 3314 Christiani.

274 3357 368 3422 Anno
391 3377 468 3423 uero
490 3359 617 3444 imperii
640 3360 688 3426 sui
718 3361 811 3425 tertio
833 3362 1032 3430 lastinianus
1060 3384 1172 3449 pacem
1203 3365 1287 3430 inter
1302 3368 1364 3430 Ro·

190 3488 304 3535 manos
320 3477 352 3533 et
366 3469 523 3552 Bulgares
538 3470 654 3535 euertit
667 3476 698 3534 et
720 3478 886 3554 equestres
909 3473 1041 3539 militias
1065 3475 1097 3538 in
1114 3474 1240 3540 Thrace
1256 3482 1362 3541 trans-

190 3579 238 3645 ire
266 3579 388 3644 iaciens
416 3580 577 3647 classibus
606 3582 796 3648 constructis
829 3589 941 3648 contra
972 3584 1130 3666 Bulgares
1159 3591 1191 3649 et
1219 3585 1362 3650 Tarbelli
1381 3600 1411 3650 eo

190 3690 386 3773 properauit.
430 3709 501 3754 cum
530 3696 636 3754 antem
665 3691 810 3757 uenisset
836 3691 879 3757 ad
900 3691 1021 3776 ripam,
1043 3693 1210 3776 nauigium
1233 3695 1364 3779 quidem

190 3805 267 3864 ante
282 3806 420 3864 castrum
436 3799 602 3882 applicare
617 3799 701 3879 iecit,
724 3800 848 3883 equites
863 3822 939 3867 nero
956 3802 989 3866 in
1004 3804 1225 3888 superioribus
1240 3806 1365 3890 campis

253 4073 414 4145 tKalhmcir
438 4107 504 4146 uero
539 4059 712 4160 pathnarchis
730 4092 756 4146 D
807 4095 968 4164 tprrcrrll
1025 4080 1223 4152 tunnubrliD
1284 4102 1364 4152 ica·

190 4182 324 4251 talach
392 4188 524 4238 autom.
544 4186 582 4281 ll¹
646 4190 675 4238 lt
695 4185 897 4273 theofilacth
978 4191 1008 4241 ¹8
1027 4173 1170 4258 tyberrill
1222 4189 1366 4245 2011th

191 4278 220 4327 21
242 4274 370 4329 hborcI]
438 4283 470 4331 23
489 4277 646 4344 trabrceil)
715 4283 748 4332 al
766 4287 865 4347 ccputa
883 4279 916 4335 12¹
1004 4285 1037 4334 29
1055 4283 1179 4350 uulgaret
1196 4292 1222 4339 la
1240 4300 1310 4337 corr.
1326 4301 1366 4339 ca

192 4372 218 4425 o)
237 4363 263 4418 Ι)
331 4372 364 4420 30
382 4369 547 4438 uulgareii)
