3142 5056
295 310 356 375 638
695 325 804 374 sanun
825 322 1067 374 cmnvnoavns

296 473 554 543 Constantinopolim
577 471 718 530 aduentus.
753 472 855 530 rsthoi-
940 476 970 527 44
1008 471 1128 528 lulianus
1151 471 1233 528 rebus
1255 488 1291 528 ex
1308 473 1392 529 animi
1408 489 1467 530 sen·

295 575 337 622 tas
363 575 394 622 nt
411 581 441 622 sc
457 567 531 636 apud
547 571 677 637 utrosque
699 573 755 622 mm
772 581 855 637 paga·
906 565 991 620 tenda
1007 565 1089 634 gestis
1106 565 1244 635 usquead
1267 565 1466 637 Ctesiphontem

295 676 345 716 nos
362 674 444 730 quam
461 659 628 716 Christianos
647 659 855 716 commendaret.
906 659 1037 730 peruenit.
1073 658 1218 714 Persarum
1234 659 1303 728 regis
1325 660 1465 730 trepidatio

294 752 430 808 Eusebius
446 753 589 822 episeopus
612 759 698 808 morte
715 752 856 810 dammtus
906 752 946 808 ita
972 757 1003 807 nt
1019 757 1124 820 partem
1140 753 1216 821 regni
1233 752 1338 809 iuliano
1361 753 1467 809 offerret

294 846 330 902 ob
347 845 487 902 maleficia.
907 845 931 901 si
954 844 1110 900 discederet
1145 859 1239 900 uerum
1266 846 1405 903 aluliano
1427 848 1466 902 in·

329 943 362 994 ³2
398 939 514 996 eunuchi
536 945 659 994 tonsom
683 939 763 1008 coqui
779 939 855 1008 pala·
906 937 971 994 ilsto
989 939 1047 994 eins
1064 952 1158 1007 preces
1175 945 1354 1008 mntemptae.

294 1033 332 1088 tio
355 1049 372 1088 a
397 1033 501 1088 Iuliano
529 1031 621 1088 eiecti:
647 1037 675 1086 et
698 1031 753 1086 alia
774 1047 855 1102 qnae-
940 1034 974 1087 43
1008 1031 1128 1086 lnlianns
1155 1031 1183 1085 in
1212 1031 1325 1088 insidiae
1359 1032 1467 1088 tandem

294 1125 356 1182 dam
388 1125 478 1181 abeo
506 1131 618 1180 munta.
654 1127 749 1182 Iuliani
775 1127 855 1182 sium
905 1123 1067 1194 praecipitat
1098 1130 1126 1178 et
1150 1139 1274 1194 pugnans
1298 1124 1466 1187 interficitur,

293 1227 442 1275 nocturnae
458 1217 564 1287 uigiliae
580 1219 724 1276 litteratae.
757 1221 855 1276 recita-
904 1219 1037 1273 incertum
1060 1231 1077 1272 a
1102 1231 1165 1287 quo,
1196 1217 1323 1274 homois
1355 1218 1410 1274 init
1434 1235 1468 1273 an

293 1312 379 1368 tiones
405 1311 434 1365 in
450 1318 554 1366 senatu.
590 1327 678 1370 nanee
694 1313 796 1383 gloriae
812 1315 853 1370 ui-
904 1310 1015 1380 angeIus
1032 1325 1080 1364 seu
1097 1309 1220 1366 dnenmu

294 1406 332 1461 tio
349 1404 569 1474 cumplurimum
589 1405 736 1462 lahorasse.
770 1407 854 1462 libros
938 1407 971 1458 43
1006 1403 1109 1472 magiae
1140 1404 1296 1460 exercitium
1319 1420 1338 1459 a
1362 1405 1467 1460 iuliano

293 1505 389 1554 eontm
406 1498 571 1554 Christianos
587 1499 689 1555 scribit.
905 1495 997 1552 Carris
1014 1503 1169 1566 susceptum
1192 1496 1226 1552 de
1243 1497 1358 1554 nictofia
1375 1498 1468 1554 intrua

327 1597 360 1648 33
395 1591 543 1662 paganitati
568 1591 667 1662 ubique
701 1591 855 1650 dilatandae
905 1589 1063 1646 consulente
1105 1597 1220 1659 postque
1259 1591 1317 1645 dus
1353 1599 1467 1646 mortem

293 1693 320 1740 et
346 1685 554 1740 Christianitatis
579 1686 798 1742 exterminandae
825 1687 854 1740 in
905 1689 1080 1753 compertum.
1098 1682 1309 1739 Christianorum
1322 1685 1467 1740 multatio

292 1779 396 1834 Iuliano
422 1777 548 1833 studium.
592 1779 749 1836 Christianis
771 1781 853 1836 inter·
905 1791 987 1846 snper
1003 1775 1100 1830 iuliani
1116 1776 1249 1832 interium.

292 1871 393 1927 dictum
410 1877 550 1940 poetarum
574 1871 617 1926 nel
634 1872 854 1943 pbilosophorum
939 1875 972 1924 44
1007 1867 1104 1924 iuliani
1121 1869 1242 1938 elogium.

291 1965 415 2020 lectione.
458 1964 617 2034 paganicam
641 1965 795 2034 religionem
818 1965 854 2022 ad
938 1966 970 2017 45
1006 1962 1134 2018 Ioulanus
1168 1963 1314 2032 inperator
1342 1964 1469 2020 XXXXI.

292 2057 504 2112 Christianorum
522 2073 609 2112 mores
628 2065 655 2111 et
672 2058 755 2112 uitam
766 2057 853 2114 relor·
903 2071 959 2125 pax
977 2055 1153 2125 ignominiosa
1177 2057 1214 2112 ab
1240 2071 1271 2112 eo
1298 2073 1360 2112 eum
1378 2057 1469 2114 Persis

291 2165 366 2205 mare
383 2158 505 2206 conatur.
904 2148 979 2204 iacta
1009 2149 1125 2204 Romani
1150 2149 1254 2219 imperii
1280 2159 1358 2220 parte
1384 2153 1468 2207 demi·

325 2247 358 2298 34
377 2247 409 2296 35
444 2243 502 2298 eius
527 2242 554 2297 in
579 2257 637 2297 eam
654 2257 710 2298 rem
736 2245 852 2312 epistula
904 2249 979 2298 nuta
1013 2242 1109 2298 iuliani
1126 2242 1273 2312 sepultura

290 2335 326 2391 ad
344 2337 479 2390 Arsaburn
497 2335 651 2406 pontificem
669 2335 800 2394 Galatiae.
937 2339 971 2390 43
1005 2334 1110 2390 Iouieni
1120 2336 1379 2407 Constantinopolim
1393 2337 1469 2394 iesh'-

325 2433 357 2486 36
392 2428 488 2484 Inhani
506 2428 632 2484 callidum
658 2431 798 2486 consilinm
821 2439 853 2487 ut
902 2430 992 2484 nantis
1025 2430 1053 2484 in
1083 2429 1178 2484 itinere
1201 2430 1297 2486 obibus.
1332 2431 1366 2484 de
1391 2433 1470 2486 cuins

289 2523 385 2578 milites
409 2521 444 2577 nd
471 2522 653 2592 paganitatem
669 2525 853 2580 insuescerent
905 2523 994 2578 causis
1029 2521 1152 2578 otnesae
1185 2523 1326 2592 opiniones
1355 2525 1467 2580 relatae

289 2615 434 2672 reformato
461 2615 555 2670 labaro
581 2623 608 2670 et
632 2615 743 2686 depictis
759 2617 852 2688 imagi·
903 2615 1008 2672 louiani
1025 2615 1147 2684 elogium.

289 2709 369 2764 nibus
386 2709 497 2763 deorum
513 2709 541 2764 in
559 2709 670 2765 emilis.

324 2806 356 2858 ot
375 2805 407 2856 ³8
441 2801 511 2858 alius
527 2801 625 2858 Iuliani
650 2809 725 2860 astus
749 2809 780 2858 ut
802 2805 851 2859 mi·
1155 2813 1219 2878 ΧΠ

288 2895 348 2950 lites
366 2894 532 2950 Christianos
556 2895 698 2951 induceret
721 2898 851 2952 cohumi-

288 3003 355 3044 nare
372 3003 402 3044 ae
411 2989 610 3044 abominatione
622 2989 714 3059 gentili
723 2991 766 3045 uel
774 2991 850 3060 igno·
940 2990 1165 3046 tValentinianus
1175 2989 1466 3058 inperatorxxxxu.

287 3089 387 3136 rantes.
415 3081 581 3152 militumque
598 3098 627 3137 re
640 3083 754 3152 cognita,
772 3083 849 3152 quid·
902 3083 959 3138 eius
977 3083 1098 3138 uirtutes.
1130 3081 1401 3138 Valentemfratrem
1418 3085 1467 3138 im·

289 3173 488 3244 queieoissent,
505 3175 678 3243 paenitentia,
695 3183 721 3229 et
729 3176 850 3232 animosa
902 3176 969 3246 perii
986 3176 1103 3232 adsumit
1120 3177 1231 3230 socium.

290 3267 450 3322 contestatio
459 3265 588 3322 aduersus
599 3267 795 3337 imperatorem.
803 3286 850 3325 eu·
936 3273 951 3324 2
977 3268 1396 3337 ValentinianipaterGratianus
1409 3287 1465 3324 me·

288 3360 331 3415 ius
348 3360 423 3415 iussu
440 3359 475 3414 ad
490 3360 649 3430 supplicium
659 3360 741 3427 ducti,
759 3364 850 3422 statim
901 3361 986 3418 diceri
1014 3363 1098 3432 stirpe
1123 3369 1207 3416 ortus.
1259 3360 1467 3418 Valentinianus

288 3459 379 3508 umen
407 3453 465 3508 nita
488 3453 588 3508 domu
611 3455 667 3510 aeti
689 3454 717 3509 in
743 3456 850 3512 exilium
901 3455 953 3510 sub
970 3455 1075 3510 Iuliano
1092 3455 1258 3510 hibunatum
1276 3455 1374 3510 amittit
1400 3471 1464 3525 pro-

288 3547 323 3603 ad
340 3547 434 3602 ultima
450 3546 633 3602 Romanorum
649 3547 717 3603 loca
901 3555 962 3617 pter
988 3547 1166 3603 Christianam
1192 3547 1353 3617 religionem.
1396 3549 1466 3602 Gra-

322 3645 355 3696 39
390 3641 479 3696 Mares
507 3641 649 3711 episeopus
674 3642 781 3711 publice
804 3643 848 3697 ln·
900 3641 1003 3698 tionum
1038 3642 1121 3696 lilium
1156 3657 1206 3698 nec
1242 3641 1305 3696 dnm
1336 3642 1465 3712 puberem

288 3735 360 3790 hano
378 3729 552 3786 ἀποστασίαν
568 3736 722 3804 exprobrat.
900 3736 1052 3804 Augustum
1075 3740 1157 3790 creat.

322 3831 356 3880 to
390 3825 489 3882 Persae
516 3827 613 3882 bellum
641 3827 771 3883 Romanis
802 3827 848 3884 de·
935 3833 950 3882 ³
977 3828 1180 3884 Valentinianus
1198 3829 1384 3898 episcoporum
1398 3845 1464 3884 con·

288 3919 422 3976 nuntiant
456 3919 554 3974 Iuliani
573 3921 654 3976 adid
681 3921 780 3977 bellum
798 3921 849 3976 sibi
899 3921 1064 3977 tentionibus
1081 3921 1116 3976 de
1132 3921 1258 3990 rdigione
1275 3921 1465 3978 seimmisoere

288 4013 396 4068 exitiale
409 4013 530 4069 intnrum
547 4019 703 4083 apparatus.
738 4015 849 4070 oracula
901 4029 956 4070 non
973 4015 1032 4070 nnlt
1057 4014 1105 4070 sed
1121 4015 1187 4084 ipsis
1199 4013 1380 4071 constituendi
1397 4029 1460 4083 per·

288 4107 387 4177 ubique
410 4108 445 4163 ab
463 4123 494 4162 eo
519 4107 658 4174 constuite,
684 4123 754 4176 quae
771 4107 849 4163 ialle-
900 4107 983 4162 mittit
999 4107 1146 4165 arbitrium.
1182 4109 1228 4179 qni
1247 4109 1338 4177 itaque
1355 4106 1388 4162 de
1406 4106 1460 4162 lide

288 4201 355 4256 citer
389 4201 414 4257 ei
441 4202 581 4257 uictoriam
610 4202 848 4270 praenuntiarunt:
900 4201 1045 4270 Lampsaci
1054 4202 1243 4258 conuenientes
1257 4199 1411 4256 decernunt.
1428 4216 1462 4254 ea

287 4309 422 4364 unumque
445 4309 602 4364 responsum
629 4295 742 4364 exempli
766 4310 849 4350 eausa
900 4292 968 4350 iacit
984 4295 1060 4349 irrita
1076 4294 1177 4350 Valens
1195 4295 1387 4364 episcoposque
1405 4293 1461 4348 exi·

287 4386 424 4442 insertum.
607 4383 614 4398 ’
901 4387 937 4444 lio
954 4389 1058 4443 multat.
1093 4387 1214 4444 Valentis
1230 4388 1354 4458 impietas
1374 4384 1462 4454 genti·
