2834 5394
622 675 695 723 cur.
719 675 916 722 svm-xxm
1291 658 1353 722 349

179 826 311 893 dionem
332 828 524 893 Rauennam
546 827 689 911 perrexit
710 825 850 910 dumque
879 847 918 893 eo
946 829 1027 907 loco,
1056 827 1106 891 eui
1129 826 1277 892 Pinetum
1298 845 1353 890 no-

179 957 255 1005 mon
276 944 336 1018 est,
363 958 429 1002 non
457 938 568 1022 procul
590 937 632 1001 ab
655 936 734 1002 urbe
756 944 864 1003 castra
885 939 1057 1022 posuisset,
1087 955 1145 1022 per
1166 936 1351 1001 continuum

178 1066 284 1133 paene
305 1047 480 1113 triennium
503 1046 704 1113 Odouacrem
726 1047 863 1113 obsedit.
909 1049 963 1131 qui
994 1047 1070 1112 dom
1098 1047 1283 1130 trequentes
1311 1065 1353 1111 ex

179 1157 259 1223 urbe
280 1175 352 1222 cum
375 1158 443 1223 suis
465 1156 636 1241 egrediens
666 1158 737 1224 eius
765 1159 924 1223 exercitus
953 1158 1147 1241 inquietaret
1175 1157 1351 1221 nouissime

143 1275 274 1332 enootu
308 1268 342 1332 in
375 1275 483 1333 castra
514 1269 647 1333 inruens
682 1286 801 1350 magma
822 1267 1014 1333 Theoderici
1044 1268 1219 1332 exereitum
1241 1273 1350 1349 strage

177 1379 363 1462 prostrauit.
407 1379 514 1442 uictus
536 1377 578 1442 ad
601 1384 776 1442 extremum
799 1378 973 1444 fortissime
988 1378 1105 1444 Gothis
1127 1376 1350 1444 resistentibus

176 1487 210 1552 in
232 1487 312 1553 urbo
334 1488 479 1572 confugit
500 1506 559 1552 nec
582 1488 680 1552 multo
702 1495 775 1572 post
798 1508 819 1553 a
840 1487 1042 1553 Theoderico
1064 1489 1099 1554 in
1120 1487 1217 1553 fidem
1240 1506 1347 1554 susco-

175 1603 251 1680 ptus
272 1597 315 1661 ab
338 1617 376 1662 eo
399 1598 576 1663 truculente
599 1607 784 1682 peremptus
808 1606 866 1664 est.
911 1599 1052 1681 egressis
1080 1598 1220 1682 denique
1249 1618 1271 1663 a
1291 1599 1344 1662 Ti-
1377 1638 1384 1655 .
1409 1638 1417 1654 ·

175 1705 299 1773 elnensi
322 1707 401 1773 urbe
423 1715 497 1792 post
518 1708 691 1773 triennium
715 1709 830 1775 Gothis
861 1708 998 1774 eandem
1027 1729 1101 1774 mox
1131 1709 1242 1774 urbem
1262 1709 1348 1800 Rugi

126 1830 157 1880 to
176 1816 327 1883 inuasere
349 1825 465 1883 cuncta
486 1839 544 1902 per
566 1819 732 1883 circuitum
755 1820 827 1883 loea
857 1819 1016 1901 simulque
1046 1828 1078 1884 et
1105 1820 1269 1885 ciuitatem
1290 1838 1348 1902 per

174 1926 358 1991 continuum
381 1928 545 1992 biennium
568 1929 777 2014 populatione
800 1936 967 1994 uastantes
995 1949 1067 1993 cum
1096 1928 1202 1992 adhue
1230 1928 1347 1994 beatis·

174 2035 276 2102 simus
296 2037 501 2122 Epiphanius
525 2046 717 2123 superesset,
748 2040 839 2105 cuius
868 2040 1022 2106 intentis
1051 2040 1203 2124 periculis
1231 2038 1347 2104 sancti·

173 2151 240 2212 tate
269 2147 358 2214 ciues
391 2148 598 2232 replebantur
631 2149 750 2214 afflicti.
795 2149 848 2214 hie
876 2170 897 2214 a
925 2149 1125 2215 Theoderico
1148 2148 1274 2214 Gallias
1303 2147 1346 2212 ad

174 2253 415 2322 Gundebadum
443 2278 501 2344 pro
530 2261 668 2343 captiuis
697 2259 895 2326 redimendis
923 2260 1064 2325 directus
1092 2266 1228 2345 excepta
1254 2259 1346 2323 innu-

122 2395 152 2444 15
172 2385 262 2431 mera
283 2368 487 2434 multitudine
510 2389 568 2454 pro
591 2370 708 2453 quibus
730 2371 869 2455 pretium
892 2370 1011 2452 tribuit,
1042 2390 1099 2436 sex
1128 2371 1218 2435 milia
1246 2368 1345 2453 eapti-

173 2495 285 2540 uorum
308 2477 349 2541 ob
372 2480 472 2543 solam
497 2480 677 2545 sanctitatis
701 2500 780 2546 suae
810 2481 1024 2545 reuerentiam
1053 2501 1207 2547 concessa
1236 2499 1345 2545 secum

170 2585 308 2651 reduxit.
352 2590 449 2671 igitur
463 2589 682 2655 Theodericus
706 2592 846 2655 extincto
869 2591 956 2674 apud
970 2592 1160 2656 Rauennam
1176 2589 1345 2656 Odouacre

171 2696 269 2763 totius
291 2698 406 2763 Italiae
440 2699 577 2783 adeptus
610 2707 659 2765 est
693 2699 852 2765 dicionem
885 2720 945 2765 nee
977 2702 1076 2764 multo
1108 2708 1183 2785 post
1209 2702 1344 2764 Romam

172 2806 333 2889 protectus
355 2829 375 2873 a
397 2811 551 2875 Ronmanis
576 2830 692 2891 rrragno
715 2810 835 2892 gaudio
859 2818 1027 2893 susceptus
1051 2819 1109 2890 est,
1142 2809 1260 2893 quibus
1288 2809 1344 2874 ille

117 2944 150 2993 20
169 2916 306 2999 singulis
335 2919 430 2984 tritici
459 2919 501 2984 ad
530 2919 710 2985 subsidium
741 2920 836 2984 anuis
865 2927 991 2984 eentum
1021 2919 1137 3002 uiginti
1165 2938 1223 2985 sex
1253 2918 1344 2987 milia

168 3025 347 3091 modiorum
369 3030 535 3095 concessit.

250 3137 334 3201 Dum
368 3139 448 3204 haee
480 3139 567 3223 apud
600 3140 728 3205 Italiam
759 3148 913 3223 geruntur
944 3160 965 3203 a
998 3139 1149 3222 Vulgaris
1184 3140 1336 3205 uniuersa
1360 3139 1392 3204 X
1406 3145 1417 3181 '⁴

167 3244 309 3311 Thracia
330 3248 500 3314 crudeliter
523 3249 718 3331 deuastatur,
748 3250 1046 3333 Constantinopolis
1065 3250 1161 3314 etiam
1179 3249 1260 3333 ipsis
1274 3249 1341 3314 die

168 3355 228 3421 bus
250 3359 389 3423 maximo
412 3359 625 3441 conflagrauit
648 3360 808 3426 incendio.
854 3369 886 3425 at
909 3381 987 3425 uero
1010 3358 1097 3443 apud
1114 3358 1255 3423 Africam
1276 3359 1341 3423 Hu-

113 3491 146 3541 25
166 3467 305 3548 noricus,
329 3469 384 3551 qui
406 3477 529 3533 mortuo
556 3469 755 3536 Genserieho
779 3472 812 3534 in
835 3490 967 3553 regnum
991 3477 1194 3535 successerat
1215 3469 1339 3535 Ariana

166 3575 303 3657 perfidia
324 3580 423 3644 trusis
447 3580 480 3643 in
504 3581 637 3644 exilium
661 3581 876 3664 effugatisque
898 3581 1038 3664 amplius
1068 3600 1163 3664 quam
1187 3581 1337 3646 trecentis

164 3687 297 3768 triginta
326 3696 475 3771 quattuor
504 3690 672 3756 catholicis
703 3691 864 3775 episcopis
894 3691 1048 3756 ecclesias
1078 3710 1187 3755 eorum
1210 3692 1335 3772 elausit,

165 3795 293 3879 plebem
315 3798 415 3864 trariis
438 3801 583 3883 supliciis
606 3801 714 3866 affecit
737 3800 921 3884 etquidem
944 3801 1121 3867 innumeris
1145 3822 1260 3866 manus
1282 3801 1337 3864 ab·

162 3905 313 3972 scindens
342 3908 470 3992 linguas
494 3930 604 3975 eorum
628 3931 648 3974 a
670 3918 798 3994 gutture
820 3909 978 3994 praecidit
1006 3929 1065 3975 nee
1087 3917 1194 3974 tamen
1216 3910 1337 3993 loquel-

111 4034 143 4085 eo
161 4015 226 4079 lam
259 4017 435 4083 catholicae
468 4021 680 4087 confessionis
714 4021 840 4104 eripere
863 4021 974 4104 potuit.
1019 4017 1106 4103 apud
1136 4019 1336 4084 Brittannias

228 4238 423 4298 todoacrdD
510 4246 679 4300 8trcm1enle
699 4248 734 4297 Β
839 4251 867 4298 tt
887 4243 1096 4313 depopulatrone
1112 4242 1139 4296 D
1207 4259 1290 4312 quum
1309 4243 1335 4297 Β

163 4338 191 4386 15
210 4340 275 4403 pem
294 4335 319 4389 D
373 4343 404 4390 16
423 4334 590 4394 concellus)
605 4345 631 4393 et
649 4344 676 4405 (a
693 4355 746 4394 rec.
765 4355 835 4392 mare.
854 4354 924 4392 corr.
943 4339 971 4390 in
989 4337 1122 4400 concerta)
1140 4335 1168 4390 B
1221 4341 1251 4389 tt
1269 4337 1334 4392 odo-

159 4434 222 4481 acre
240 4427 267 4481 D
345 4434 375 4484 18
395 4431 496 4486 ditione
514 4432 540 4486 D
627 4436 657 4485 19
670 4439 737 4503 post
754 4447 850 4500 magno
869 4429 931 4486 add.
951 4446 1011 4485 cum
1029 4430 1055 4484 D
1140 4433 1173 4484 20
1190 4433 1285 4485 trithei
1305 4429 1331 4483 Β

158 4526 265 4574 centum
282 4539 322 4575 xx
340 4524 412 4578 nulia
430 4524 458 4579 B
526 4529 558 4579 22
577 4524 640 4579 dum
656 4526 724 4579 haee
742 4557 775 4564 —
793 4528 826 4578 24
843 4523 967 4579 incendio
985 4521 1082 4577 om.D
1149 4527 1182 4578 23
1203 4528 1290 4579 uacua
1307 4522 1335 4578 Β

160 4616 193 4666 24
210 4614 354 4669 honoricus
370 4616 396 4670 D
464 4622 496 4672 25
513 4633 622 4673 armana
639 4617 694 4672 BD
759 4622 792 4672 26
806 4623 860 4686 qua
877 4633 929 4672 om.
949 4616 983 4671 B·
1041 4618 1289 4671 trecentrt'mnn
1307 4615 1335 4671 Β

162 4709 195 4759 28
213 4707 352 4763 abscident
374 4710 427 4765 BD
518 4712 813 4782 29eorumllprec1d1t
837 4710 864 4765 Β
950 4709 1083 4779 loquelam
1102 4712 1139 4774 A,
1163 4710 1280 4779 loquella
1298 4710 1334 4776 B,

156 4799 262 4870 loquela
280 4801 306 4855 D
381 4808 410 4857 ³0
429 4805 573 4870 bnttanral
588 4804 643 4861 BD
