2834 5394
202 238 265 301 606
690 255 782 301 nrum
803 254 887 300 xxvr

203 424 265 487 quc
287 406 445 471 Zernlum.
491 405 639 471 Crunnus
669 415 777 472 autem
805 407 871 473 dux
898 405 1076 489 Bulgamm
1114 426 1193 471 eum
1228 406 1400 472 Debcltun

202 516 372 582 obsidione
393 516 533 600 cepisset
553 526 586 581 ct
607 536 663 583 cos
685 518 741 601 qui
764 519 796 583 in
819 519 892 602 ipsa
906 518 1035 582 fuerant
1055 538 1128 582 nna
1150 537 1232 582 eum
1250 518 1401 603 episcopo

202 628 473 709 transmigrasset,
497 626 729 709 multitudines,
752 648 836 712 quac
863 638 995 713 propter
1023 629 1152 693 malum
1178 630 1400 713 frequensque

203 738 372 803 consilinm
401 756 540 820 nequam
570 738 826 803 consiliariorum
854 738 1059 823 imperatoris
1088 737 1137 803 ad
1168 758 1251 804 cum
1287 739 1400 804 conflu-

203 855 328 930 xerant,
350 847 392 912 ad
414 847 552 912 insidias
573 867 611 911 ac
634 848 769 914 iniurias
790 849 929 914 maxime
943 847 1067 914 Obsicii
1088 854 1125 913 et
1141 849 1417 915 'thracesiorum¹

204 958 351 1023 conncrsi
376 966 459 1041 sunt,
483 978 564 1040 quas
586 959 723 1024 llichael
752 978 960 1044 compescens
983 957 1079 1024 donis
1103 965 1140 1024 ct
1164 960 1400 1026 admonitioni-

204 1067 265 1133 bus
288 1068 419 1132 silentio
442 1069 592 1151 imposito
614 1068 784 1152 mitigauit.

48 1175 219 1245 XXXIIII
291 1179 334 1243 At
365 1198 442 1244 uero
477 1180 635 1262 Bulgarcs
667 1179 885 1246 simultatibus
916 1180 1105 1245 militiarum
1143 1181 1338 1265 compertis
1373 1190 1402 1246 et

203 1287 289 1369 quod
330 1288 540 1355 formidantes
581 1290 739 1374 proelium
783 1296 816 1356 et
858 1290 1056 1355 taxationem
1111 1294 1401 1359 tumultuarentur

203 1399 343 1481 amplius
372 1400 540 1464 confortati
571 1400 822 1483 praeualuemnt
848 1400 1005 1466 aduersus
1033 1399 1207 1466 Thracem
1238 1411 1276 1468 et
1300 1404 1401 1469 Mace

204 1508 343 1574 doniam.
389 1516 464 1574 tunc
487 1517 519 1574 et
541 1509 732 1574 Anchialum
763 1517 795 1576 et
817 1510 952 1576 Beroem
980 1509 1189 1578 dimittentes
1215 1512 1401 1580 Christiani

204 1619 366 1702 fugierunt
387 1621 516 1686 nemine
538 1627 761 1704 persequente,
784 1621 1003 1704 Nicaeamque
1025 1638 1064 1684 ac
1084 1620 1231 1688 Probati
1255 1632 1402 1691 castmm

205 1738 237 1795 et
259 1730 326 1795 alia
348 1730 506 1813 quaedam
529 1729 703 1814 praesidia,
727 1730 874 1796 similiter
896 1737 927 1796 et
941 1729 1204 1815 Philippopolim
1223 1740 1259 1799 et
1275 1735 1403 1819 Philip-

204 1859 264 1923 pos
286 1847 317 1903 ct
339 1840 542 1925 Strymonem
565 1839 750 1906 habitantes
780 1842 909 1907 accolae
937 1841 1107 1906 occasione
1137 1850 1291 1926 accepta
1322 1845 1401 1928 fugi·

204 1958 294 2015 entes
317 1948 359 2013 ad
383 1950 513 2033 propria
535 1949 708 2015 rediemnt.
753 1950 814 2016 hoc
836 1958 943 2015 autem
972 1957 1042 2016 crat
1062 1948 1181 2015 diuina
1206 1953 1400 2037 indignatio

204 2058 379 2142 Nicephori
402 2060 592 2124 uaesaniam
614 2079 754 2143 arguens
776 2080 951 2146 perquam
977 2060 1143 2144 putatiuae
1166 2046 1400 2131 correctiones

204 2169 289 2248 eius,
323 2168 357 2233 in
391 2168 509 2250 quibus
544 2168 758 2252 gloriabatur,
797 2171 945 2237 celeriter
977 2178 1165 2236 corrucmnt
1199 2193 1399 2259 prauasque

205 2279 373 2365 opiniones
408 2280 593 2358 multorum,
631 2281 685 2361 qui
718 2279 813 2346 (lcum
846 2281 1073 2367 impugnantes
1110 2287 1143 2345 et
1175 2282 1397 2351 abundantes

203 2389 359 2457 haereses
381 2390 640 2455 Paulicianorum
653 2391 910 2474 Athinganorum
926 2392 1200 2456 lconoclastamm
1218 2401 1256 2459 et
1276 2397 1394 2461 Tetra·

204 2499 340 2566 ditarum
370 2500 535 2567 desierunt
562 2520 723 2567 accusare.
768 2504 879 2566 omitto
906 2502 991 2566 cnim
1020 2500 1128 2567 dicere
1156 2501 1333 2571 adulteria
1361 2511 1417 2571 et

202 2610 441 2692 fornicationes,
464 2609 615 2677 libidines
638 2618 735 2696 atque
756 2612 900 2695 periuria
922 2611 997 2676 odia
1013 2612 1154 2677 fraterna
1177 2618 1389 2682 etanaritias

204 2740 350 2786 necnon
374 2721 722 2805 etpraouaricationes
754 2722 914 2806 reliquas,
947 2729 1059 2787 contra
1085 2741 1197 2788 sacras
1227 2745 1271 2790 ac
1292 2746 1392 2792 uene·

204 2831 326 2897 rabiles
362 2832 522 2915 imagines
558 2837 732 2915 contraque
772 2831 994 2897 monachicum
1027 2832 1172 2897 habitum
1206 2837 1391 2903 mouebant

203 2941 347 3024 linguas,
382 2941 512 3007 beatum
544 2939 688 3007 dicentes
721 2940 781 3006 dec
809 2942 1059 3007 abominabilem
1093 2962 1130 3007 ac
1165 2944 1389 3011 miserrimum

205 3051 462 3131 Constantinum,
486 3050 570 3133 quod
593 3050 716 3115 fortiter
738 3050 894 3118 aduersus
909 3053 1067 3135 Bulgares
1088 3055 1227 3136 gesserit
1250 3067 1388 3141 propter
1412 3082 1417 3101 ¹

203 3161 356 3244 pictatem
379 3179 474 3242 quam
498 3165 533 3223 ut
555 3160 653 3243 impie
676 3160 821 3227 infelices
843 3161 890 3226 illi
912 3163 1096 3227 fatebantur
1117 3162 1281 3231 hahuerit.

49 3269 180 3339 XXXV
295 3271 338 3333 At
359 3288 434 3333 uero
456 3269 490 3334 hi
514 3269 567 3354 qui
591 3270 624 3333 in
647 3269 726 3335 urbe
748 3270 840 3353 regia
861 3279 953 3337 erant
967 3273 1176 3339 armabantur
1196 3283 1275 3359 post
1291 3298 1388 3362 syno

204 3380 279 3445 dum
302 3380 518 3446 uniuersalem
548 3378 590 3444 ad
618 3378 714 3445 fidem
744 3380 995 3448 subuertendum
1024 3383 1236 3449 orthodoxam
1266 3406 1386 3455 caecos

205 3493 293 3558 caeci
316 3491 478 3557 mentibus
500 3491 646 3557 uolentes
669 3490 739 3557 sinc
761 3490 823 3557 deo
845 3492 1004 3576 imperare
1026 3494 1108 3560 filios
1131 3494 1286 3560 uidelicet
1302 3497 1387 3564 Con-

206 3603 338 3668 stantini
360 3601 455 3666 deum
479 3602 698 3687 impugnantis
720 3602 807 3687 apud
829 3603 1022 3668 Panormum
1051 3604 1190 3671 insulam
1212 3608 1413 3675 custodiaea

205 3713 420 3797 mancipatos,
445 3732 525 3795 quos
548 3712 646 3777 furari
675 3719 879 3797 pernoctem
901 3713 1071 3779 uoluemnt
1098 3722 1130 3779 et
1151 3713 1316 3782 adducere
1339 3719 1386 3783 ad

206 3823 391 3887 exercitum.
437 3821 494 3887 scd
517 3820 667 3888 dominus
689 3821 748 3887 hos
771 3820 929 3904 confudit,
952 3823 1081 3906 erigens
1110 3823 1300 3891 Michaelcm
1331 3829 1384 3914 pi·

277 4096 454 4163 lCrirnulll
539 4091 698 4176 uulgariul)
782 4092 915 4176 bophcu
941 4107 975 4162 D¹
1084 4112 1385 4177 tiammomtromb31)

206 4206 266 4256 Bet
284 4206 314 4255 25
335 4199 501 4270 uulgaresll
574 4206 599 4254 11
621 4199 783 4255 herchenll
853 4204 883 4253 12
901 4215 1004 4255 niceam
1022 4199 1049 4255 h
1116 4207 1145 4255 13
1163 4202 1380 4272 phylippopohm

207 4293 231 4348 ll
300 4300 329 4348 tt
350 4278 517 4349 turnonhD
595 4299 624 4349 18
640 4291 876 4348 habundantefll
963 4297 994 4346 19
1012 4283 1227 4364 athrgganorciD
1279 4301 1312 4349 20
1332 4299 1381 4354 dc·

205 4383 332 4441 feruntD
393 4392 423 4442 21
443 4387 595 4493 ροιιιιἾιιΙ)ἱ
657 4390 688 4439 lt
707 4365 941 4443 nabonnnabue‘u
1010 4391 1042 4442 25
1060 4386 1190 4444 tonterD
1241 4391 1383 4449 refrcntf)
