2834 5394
143 179 205 242 504
634 191 728 239 nram
750 189 825 237 ¹111

141 364 207 412 non
229 350 279 411 est
299 343 418 409 bonnm
441 349 474 409 et
493 363 560 409 non
582 343 730 410 uenimus
751 341 875 409 tecum’
916 347 993 408 tunc
1008 341 1097 409 dicit
1110 353 1265 430 praetor
1280 344 1346 412 suis

143 453 251 522 ‘uerbo
280 454 374 523 nobis
402 454 479 521 dato
507 461 618 520 tenere
647 472 707 518 nos
736 452 904 518 uoluerunt
932 459 964 517 et
985 459 1129 538 propter
1153 474 1226 522 nos
1252 454 1344 521 Obri-

141 565 265 633 stienos
286 563 431 651 perdere.
476 584 589 630 uerum
610 582 650 628 ex
672 563 723 629 his
747 562 929 629 hominibus
952 564 1075 630 nostris
1100 565 1161 630 uel
1188 565 1343 631 enimen-

140 677 227 744 tibus
249 695 332 760 quae
353 680 587 757 remanserunt,
609 674 731 738 nullam
754 672 909 739 retinent’
952 681 1072 738 etcum
1091 675 1187 742 isset
1202 675 1341 744 milibus

140 786 261 869 decem,
283 786 412 853 mansit.
455 791 586 870 postera
606 804 683 849 uero
711 783 764 850 die
793 784 890 849 mittit
911 790 1085 849 stratorum
1110 804 1262 851 suorum
1285 786 1366 852 dot

141 897 308 965 mesticum
331 903 363 962 et
384 895 546 979 significat
567 895 615 961 eis
639 893 725 978 ‘quia
746 893 880 960 uerbum
902 894 980 958 mihi
1008 893 1154 962 dedistis
1190 904 1230 962 et
1260 896 1337 970 dolo

140 1027 193 1075 me
214 1007 354 1074 retinere
375 1005 524 1073 uoluistis
545 1003 664 1071 idcireo
686 1005 825 1072 recessi?
868 1012 902 1070 at
923 1023 1000 1070 uero
1015 1003 1208 1072 Masalmas
1226 1007 1336 1074 elusu-

143 1137 198 1185 ras
234 1116 365 1183 tenebat
401 1123 433 1181 et
469 1117 658 1198 transierat,
696 1114 863 1182 Suleiman
899 1121 1005 1180 autem
1041 1114 1103 1179 hoe
1133 1115 1332 1199 ignorabat

139 1246 236 1312 porro
257 1227 442 1294 tumultuati
464 1232 538 1295 sunt
558 1225 702 1291 Aminaei
723 1231 755 1290 et
774 1225 912 1311 populus
934 1234 1045 1291 contra
1059 1224 1242 1294 Suleiman
1256 1248 1330 1314 per-

140 1336 291 1406 hibentes
315 1334 359 1404 ‘ut
381 1337 458 1422 quid
473 1336 659 1404 obsidemus
673 1355 781 1402 muros
796 1342 829 1401 et
843 1335 1042 1402 incursiones
1057 1354 1124 1400 non
1139 1336 1329 1405 facimust’
1345 1347 1369 1398 tc

140 1448 354 1534 repositisque
374 1447 592 1515 tabernaculis
614 1446 843 1513 discesserunt.
888 1453 1016 1530 praetor
1030 1453 1141 1512 autem
1156 1447 1325 1514 Nicaeam

139 1559 355 1625 turmarcham
384 1578 455 1624 oum
484 1556 677 1642 octingentis
705 1555 859 1621 militibus
888 1555 922 1621 in
942 1555 1106 1620 Amorium
1137 1556 1327 1625 introduxit

140 1669 270 1738 emissis
297 1689 339 1735 ex
365 1688 404 1734 eo
434 1668 543 1736 multis
571 1665 760 1732 mulieribus
788 1673 820 1731 et
847 1666 1025 1733 infantibus
1047 1672 1079 1730 et
1099 1665 1324 1749 proficiscitur

139 1779 266 1865 ipsein
287 1776 453 1845 Pisidiam.

20 1888 152 1956 XVIIII
227 1887 437 1954 cenantem
458 1887 634 1953 Masalmas
656 1885 801 1952 uenisset
828 1886 862 1950 in
884 1884 1126 1971 Cappadociam
1149 1885 1318 1972 desperati
1336 1897 1362 1948 ιε

142 2016 241 2082 super
262 2017 299 2064 se
315 1995 527 2081 Cappadoces
549 1996 697 2062 exierunt
719 1995 761 2060 ad
784 2015 856 2062 eum
879 2004 913 2060 ut
935 2016 970 2062 se
992 1997 1150 2080 reciperet
1163 1996 1318 2081 flagitan-

141 2114 201 2175 tes.
245 2105 358 2171 audita
379 2125 456 2171 uero
479 2106 657 2173 Masalmaa
685 2105 855 2171 inimicitia
882 2126 978 2190 quarn
1000 2105 1141 2172 habebat
1163 2108 1316 2176 Theodo

141 2216 210 2287 sius
232 2216 266 2282 in
288 2222 468 2302 praetorem
498 2217 610 2282 uolens
639 2216 723 2281 bunc
751 2215 899 2301 decipere
923 2223 954 2280 et
975 2216 1096 2301 pacisci
1119 2235 1191 2281 eum
1214 2237 1255 2284 eo
1276 2239 1316 2285 ac

140 2348 200 2414 per
221 2328 328 2413 ipsum
350 2326 541 2394 Romaniam
564 2324 626 2393 sibi
649 2325 795 2393 subicere
818 2325 896 2391 dicit
918 2326 966 2393 eis
990 2329 1063 2392 ‘non
1086 2328 1164 2394 estis
1186 2337 1315 2413 praeto

140 2439 222 2507 rist’
244 2439 299 2523 qui
314 2436 465 2504 dixerunt
481 2436 609 2503 ‘etiam’
632 2437 687 2521 qui
703 2435 787 2501 dixit
809 2435 925 2503 ‘faeitis
948 2435 1101 2520 quiequid
1118 2437 1191 2522 ipse
1207 2439 1317 2506 facit‘r’
1330 2454 1361 2505 to

138 2549 233 2614 atilli
256 2547 381 2614 ‘etiam’
412 2556 487 2614 tune
502 2548 579 2613 dicit
594 2547 643 2613 eis
667 2546 719 2612 ite
741 2546 784 2612 ad
805 2553 913 2612 castra
935 2556 1043 2612 uestra
1064 2553 1096 2612 et
1117 2569 1315 2633 quemquam

137 2658 250 2723 timere
278 2658 394 2723 nolite?
438 2658 597 2741 iussitque
619 2657 738 2742 populo
761 2676 819 2723 suo
841 2676 882 2723 ne
911 2657 1143 2741 praedarentur
1171 2659 1207 2724 in
1235 2680 1315 2727 eun·

138 2767 198 2833 etis
221 2767 380 2852 praetoris
402 2768 588 2852 prouinciis.
632 2767 685 2832 bis
706 2773 837 2850 praetor
859 2768 1030 2851 compertis
1059 2776 1090 2832 et
1116 2768 1314 2855 intellegens

139 2877 226 2962 quod
249 2878 414 2943 Suleiman
445 2878 608 2944 nuntiaret
629 2877 807 2943 Masalmae
836 2876 920 2960 quod
949 2896 984 2944 se
1013 2877 1171 2945 dimiserit
1193 2887 1226 2944 et
1248 2880 1313 2947 dis-

138 2987 282 3067 cesserit,
306 2988 394 3052 misit
415 2987 538 3053 litteras
560 2987 603 3052 ad
618 2988 799 3053 Masalman
823 2985 935 3054 dicens
959 2986 1010 3051 ‘ad
1032 2995 1064 3052 te
1086 2987 1234 3053 uolebam
1260 3010 1313 3055 ue·
1331 3000 1363 3051 25

138 3095 209 3163 nire
232 3096 288 3162 sed
306 3097 472 3162 Suleiman
494 3116 565 3160 eum
588 3097 686 3163 issem
709 3096 752 3161 ad
775 3117 857 3180 eum,
881 3103 991 3162 tenere
1013 3118 1064 3163 me
1086 3098 1186 3163 uoluit
1209 3108 1242 3165 et
1263 3101 1313 3165 id-

139 3205 223 3271 cireo
244 3213 350 3270 metuo
374 3205 484 3270 uenire
507 3204 549 3270 ad
571 3206 621 3271 te?
666 3206 743 3271 dicit
765 3227 842 3291 ergo
863 3208 1040 3274 Masalmas
1070 3208 1190 3274 homini
1218 3231 1313 3294 prae-

140 3314 219 3381 toris
249 3310 334 3381 ‘noui
363 3313 447 3397 quod
476 3315 592 3380 illudat
620 3316 698 3380 mihi
727 3323 857 3401 praetor
892 3338 933 3383 ne
967 3318 1097 3402 penitus
1131 3318 1313 3404 depraeder

137 3424 321 3510 prouincias
344 3424 431 3490 eius!
474 3424 551 3490 dicit
578 3425 607 3492 ei
636 3425 732 3491 homo
760 3427 917 3511 praetoris
948 3428 1022 3492 ‘non
1051 3434 1099 3494 est
1128 3430 1174 3493 ita
1195 3430 1253 3496 sed
1277 3432 1310 3496 in

137 3536 274 3602 ueritate
296 3535 407 3602 scribit
429 3536 507 3601 tibi)
550 3542 625 3601 tune
647 3535 824 3620 interrogat
853 3536 926 3622 ‘quo
956 3538 1050 3602 modo
1073 3545 1122 3604 est
1144 3540 1310 3606 Aprutium
1327 3553 1362 3602 30

138 3664 217 3729 erga
238 3646 364 3712 iilum‘?‘
408 3646 454 3710 ait
483 3645 575 3711 ‘bene
603 3653 636 3711 et
664 3647 697 3712 in
728 3647 924 3713 subiectione
946 3648 1035 3714 eius?
1079 3648 1179 3713 iratus
1201 3657 1310 3715 autem

136 3753 263 3820 iniuriis
291 3755 389 3819 afficit
417 3774 489 3819 eum
519 3754 631 3845 dicens
660 3755 725 3821 ‘eur
754 3758 935 3824 mentiris?’
979 3763 1013 3822 at
1041 3758 1096 3822 ille
1126 3758 1181 3822 ‘ita
1203 3767 1252 3824 est
1275 3769 1311 3824 ut

136 3933 298 3941 ——--
304 3935 439 3941 ---.-.-

205 4040 345 4094 ttenebet
362 4039 386 4093 ἀ
403 4054 454 4093 om.
470 4041 495 4090 D
590 4044 650 4095 Set
668 4045 683 4094 9
702 4047 728 4096 et
745 4045 778 4095 tt
796 4048 822 4094 ct
839 4045 872 4095 26
889 4041 1062 4095 zuleimenl)
1131 4046 1146 4092 e
1165 4057 1262 4095 amerer
1283 4042 1309 4096 b

139 4131 372 4199 lamsanatrb31)
461 4137 488 4185 tr
508 4132 671 4188 rnrmrcral)
748 4138 777 4187 18
795 4133 833 4197 in]
851 4133 928 4188 imi)
1014 4138 1046 4185 20
1065 4133 1309 4200 qurdrxrtem.l)

135 4223 191 4289 lpse
208 4241 259 4278 om.
278 4226 304 4279 D
372 4231 405 4279 24
424 4224 592 4280 masalmeD
661 4224 809 4280 drfcescerrt
826 4225 853 4280 Ι)
928 4230 960 4278 22
979 4225 1162 4294 deprehendar
1181 4227 1206 4279 [t
1276 4231 1308 4279 30

137 4313 175 4366 est
192 4306 296 4368 enrorni
315 4325 377 4370 crate
396 4332 458 4385 erge
475 4317 537 4371 add
557 4316 584 4371 Ι)
653 4322 684 4371 32
704 4317 785 4373 efficit
802 4316 829 4371 b
