2834 5394
560 683 633 732 cnr.
656 682 789 731 xn-xv
1185 670 1244 733 371

71 834 173 900 tilium
195 853 254 919 per
275 834 341 900 uim
364 835 515 900 auferens
537 834 600 900 sibi
614 836 649 899 in
664 834 902 900 matrimonium
918 835 1031 901 iunxit.
1075 842 1250 921 eoneeptas

73 963 152 1028 ergo
174 950 287 1010 eontra
307 943 509 1010 'l'boodatum
532 944 704 1011 Bilisurius
733 945 812 1010 belli
834 944 921 1011 uires
949 944 984 1011 in
1004 944 1151 1028 Vitligim
1172 964 1250 1011 oon·

75 1054 172 1120 uertit
208 1071 423 1139 egressusque
445 1074 463 1120 e
488 1054 603 1121 Sicilia
637 1052 679 1118 ad
702 1052 914 1138 Campaniam
936 1054 1108 1138 Neapolim
1145 1055 1244 1121 uenit.

75 1183 170 1249 quem
201 1164 410 1248 Neapolitani
443 1165 531 1231 ciues
563 1164 735 1229 noluerunt
766 1163 925 1248 excipere.
969 1163 1025 1248 qui
1057 1163 1245 1247 indignatus

42 1284 57 1334 s
75 1275 193 1339 aeriter
215 1271 257 1338 ad
280 1272 423 1340 eiusdem
446 1273 536 1339 urbis
558 1274 829 1358 expugnationem
851 1273 927 1340 totis
948 1292 983 1340 se
1006 1273 1129 1340 uiribus
1144 1274 1248 1339 erexit

76 1384 318 1467 aliquantisque
340 1383 462 1448 fortiter
484 1383 696 1467 impugnatam
717 1381 832 1448 diebus
860 1381 992 1448 tandem
1021 1403 1081 1466 per
1108 1383 1174 1447 uim
1195 1401 1247 1448 oa

74 1494 168 1579 piens
191 1494 358 1576 ingressus
381 1500 430 1558 est
450 1498 605 1578 tantaque
627 1512 693 1557 non
715 1492 819 1557 solum
841 1493 875 1557 in
890 1490 1013 1560 Gothos
1036 1492 1091 1577 qui
1113 1491 1160 1557 ibi
1181 1510 1246 1556 mo

74 1602 240 1684 rebantur,
277 1600 336 1667 sed
364 1602 460 1667 etiam
488 1601 523 1666 in
551 1603 639 1668 eines
666 1603 716 1666 ira
744 1601 891 1668 desaeuit
912 1608 1033 1668 utnon
1055 1601 1155 1668 aetati
1177 1620 1244 1667 non

76 1713 170 1779 sexui
191 1717 353 1796 postremo
382 1731 448 1775 non
476 1711 775 1777 sanctimonialibus
798 1712 850 1776 uel
872 1711 954 1796 ipsis
976 1712 1074 1777 etiam
1096 1708 1244 1805 saeerdo·

28 1831 59 1880 lo
74 1822 162 1887 tibus
184 1828 339 1906 parceret.
384 1820 470 1885 uiros
500 1820 532 1884 in
564 1828 737 1905 conspeetu
765 1821 935 1903 coniugum
965 1819 1144 1887 miserabili
1172 1819 1246 1887 uisu

75 1931 237 2015 perimens
253 1930 441 2014 superstites
456 1937 575 1996 matres
598 1949 635 1994 ao
657 1929 777 1995 liberos
799 1929 996 2013 captiuitatis
1019 1930 1094 2012 iugo
1110 1925 1246 1992 abduxit

75 2047 189 2105 cuncta
211 2040 335 2123 rapinis
358 2038 516 2122 diripiens
538 2057 597 2102 neo
619 2058 640 2103 a
661 2039 875 2105 saerosanctis
903 2038 1049 2105 ecelesiis
1078 2036 1245 2121 expolian-

75 2148 126 2215 dis
163 2149 328 2214 abstinuit.
378 2147 517 2231 indeque
555 2147 725 2231 egrediens
760 2149 894 2213 Romam
930 2146 1126 2231 properauit.
1181 2165 1244 2229 quo

74 2258 209 2322 Romam
231 2256 378 2341 ingresso
401 2257 498 2322 Gothi
522 2257 576 2341 qui
599 2258 631 2322 in
654 2259 732 2323 urbe
755 2257 971 2339 morabantur,
1001 2265 1097 2322 noctu
1120 2254 1243 2339 egressi

30 2384 60 2433 15
77 2367 197 2433 reliotis
226 2367 411 2451 patentibus
447 2368 547 2450 portis
581 2368 773 2432 Rauennam
802 2367 998 2450 confugiunt.
1050 2364 1181 2450 Vittigis
1210 2368 1246 2429 ut

76 2477 156 2541 talia
183 2477 347 2561 oomperit‚
382 2496 456 2541 mox
478 2476 636 2544 aduersus
658 2475 840 2543 Bilisurium
864 2478 997 2541 Romam
1026 2496 1097 2541 eum
1119 2472 1243 2557 ingenti

75 2586 217 2651 exercitu
239 2586 342 2650 uenit:
366 2586 536 2651 Bilisa1·ius
557 2606 622 2651 non
645 2593 754 2668 aptum
778 2586 840 2652 sibi
863 2585 1006 2651 bellandi
1027 2592 1154 2669 tempus
1168 2602 1245 2648 oon·

75 2694 178 2760 ieiens
200 2695 285 2759 intra
307 2695 395 2759 urbis
418 2716 454 2761 se
476 2696 604 2759 moenia
626 2696 742 2760 elausit
770 2713 906 2777 eamque
928 2694 1158 2759 munitionibus
1179 2691 1241 2756 oir-

77 2804 279 2887 oumsaepsit.
330 2802 427 2869 Gothi
460 2804 572 2869 urbem
606 2804 790 2870 obsidentes
823 2804 977 2869 uniuersa
998 2822 1056 2887 per
1079 2800 1244 2865 eirouitum

26 2925 60 2976 1ο
76 2911 310 2997 direptionibus
333 2920 364 2978 et
386 2913 543 2979 incendiis
566 2914 746 2979 absumunt.
791 2930 1006 2995 quoscumque
1027 2912 1244 2975 Romanorum

75 3023 250 3106 reperiunt,
288 3022 396 3105 gladio
425 3024 630 3105 extinguunt,
668 3027 782 3086 ouueta
810 3040 903 3086 sacra
931 3022 1003 3086 looa
1031 3019 1244 3102 denudantes,

74 3132 155 3214 ipsis
177 3131 273 3196 etiam
296 3132 529 3198 uenerabilium
553 3138 727 3216 martyrum
756 3130 887 3197 tumulis
915 3150 1031 3196 manus
1059 3130 1177 3214 impias
1199 3129 1245 3194 in·

74 3240 188 3321 ferunt,
218 3241 369 3307 continue
390 3241 501 3307 urbem
524 3242 713 3326 inpugnant.
758 3240 816 3307 sed
845 3247 940 3307 cautu
966 3239 1109 3306 Bilisarii
1137 3238 1245 3304 defen·

75 3357 164 3416 satur
185 3349 353 3415 industria.

29 3471 60 3520 25
162 3460 293 3525 Praetor
322 3460 400 3524 belli
428 3460 615 3525 instantiam
643 3459 822 3541 angebatur
856 3458 988 3542 insuper
1013 3458 1116 3522 Roma
1150 3455 1245 3522 famis
1266 3457 1327 3522 XV

77 3569 221 3652 penuria.
266 3575 356 3633 tanta
390 3571 416 3635 si
451 3569 580 3653 quidem
612 3588 670 3655 per
698 3570 886 3635 uniuersum
914 3567 1068 3633 mundum
1096 3586 1135 3633 eo
1158 3585 1243 3632 anno

75 3678 278 3762 maximeque
301 3677 388 3762 apud
408 3679 574 3762 Liguriam
597 3679 699 3745 fames
720 3686 907 3745 excreuerat
935 3686 969 3743 ut
998 3678 1079 3743 siout
1100 3676 1150 3741 uir
1171 3695 1244 3743 san·

76 3788 237 3853 alissimus
260 3787 376 3851 Darius
399 3788 653 3855 llediolanensis
676 3788 812 3855 antistes
835 3788 957 3855 rettulit
984 3788 1159 3871 pleraeque
1181 3804 1246 3850 ma·

74 3903 140 3961 tres
162 3896 337 3960 infelicium
360 3904 508 3962 natorum
531 3898 675 3962 nrembra
697 3896 910 3962 comederent.
955 3915 1090 3979 eumque
1111 3913 1170 3978 per
1191 3913 1247 3958 an·

25 4024 58 4075 so
75 4026 152 4070 num
190 4006 374 4070 continuum
411 4007 510 4072 Gothi
545 4009 678 4072 Romam
716 4006 933 4088 obsedissent,
977 4003 1106 4071 demum
1142 4001 1244 4069 territi

146 4321 277 4376 lirhal)
345 4325 447 4375 runexrt
465 4320 501 4375 13¹
598 4325 659 4375 2111
676 4320 811 4388 gruttrllgri
827 4319 862 4384 Β,
880 4336 907 4372 m
924 4317 1045 4387 uuittrgri
1060 4318 1087 4373 Il
1164 4322 1244 4372 ὅθι-

73 4417 266 4485 punolnutroue
285 4413 312 4467 B
397 4418 560 4483 'ltantaque
577 4412 604 4468 Β
653 4413 741 4481 gothrl
756 4413 787 4466 m'
800 4412 887 4482 fallor
904 4409 938 4465 Β
1025 4415 1053 4464 11
1073 4410 1195 4481 pbrmeni
1209 4407 1247 4475 Β,

74 4508 208 4578 prmmenl
224 4507 252 4562 Β
302 4503 458 4561 abdumtD
547 4509 576 4560 13
595 4506 727 4560 abstenmt
746 4504 780 4558 Β
866 4508 896 4558 15
913 4504 1021 4572 gmugil
1037 4502 1073 4567 B,
1090 4500 1206 4571 Umtrgrt
1220 4499 1248 4556 Β

78 4605 108 4655 18
126 4597 335 4666 munroromb3D
369 4599 550 4668 cncumteput
563 4598 618 4653 ΒΒ
677 4601 707 4652 19
725 4594 955 4651 obsedentelB⁴D
1005 4599 1038 4649 20
1057 4591 1248 4664 drreptromiD

75 4693 143 4763 quoi
164 4707 246 4761 quum
270 4691 423 4761 rolmanoru
449 4691 477 4746 Β
578 4695 611 4746 22
629 4689 814 4746 uenerabbrln't
838 4689 879 4744 B¹
980 4690 1013 4742 23
1031 4684 1248 4743 defenrmturb

75 4793 107 4842 25
125 4785 254 4841 mitantra
270 4783 297 4839 I)
347 4783 467 4838 romaD
535 4788 567 4838 27
585 4781 748 4839 maxumeB
815 4786 847 4835 18
866 4781 968 4836 sntrltrl
983 4779 1011 4836 Β
1060 4780 1155 4837 retubt
1170 4778 1198 4835 Β

982 4883 1041 4937 w
