3142 5056
282 319 344 382 652

281 482 443 538 Venetorum
454 482 555 537 elamor
571 483 702 537 aduersus
711 482 837 538 Phoceus

677 335 783 384 INDEX
806 334 1043 384 carm'cosvu

890 485 999 540 Africae
1020 501 1069 555 per
1094 485 1199 540 litteras
1216 491 1312 540 contra
1334 485 1461 541 Phocum

280 575 405 630 Mauricii
429 575 542 639 caedes,
568 576 644 644 prius
667 576 729 630 filiis
754 576 839 645 ipsius
889 579 993 633 incitat.
1017 578 1126 633 Phocas
1135 593 1229 634 omnes
1239 583 1371 646 cognatos
1379 579 1462 633 Mau·

281 683 372 724 coram
396 669 455 737 ipso
472 667 629 723 trucidatisr
656 669 766 738 eiusque
791 683 839 737 pa-

280 762 382 816 tientia.
418 763 570 816 Aerumnae
593 767 650 816 turn
673 761 777 830 imperii
799 762 839 816 in·

279 861 380 924 gentes,
398 860 426 908 et
443 859 529 908 status
546 855 723 908 turbulentus.

314 951 346 1001 53
375 945 480 1002 Phocas
497 947 644 1014 imperator
655 947 738 1000 LVII.
756 947 791 1001 ab
809 963 842 1002 eo

278 1037 413 1093 interfecti
430 1054 536 1108 quoque
548 1039 644 1094 Petrus
661 1039 746 1094 frater
761 1041 841 1094 Mau-

279 1131 337 1186 ricii
355 1137 383 1186 et
398 1147 524 1201 proceres
541 1133 625 1186 multi.
656 1147 789 1186 rumorem
807 1133 841 1188 de

280 1223 432 1278 Theodosio
459 1223 550 1292 elapso
585 1224 718 1280 Ghosroes
742 1226 839 1280 confir

279 1332 353 1372 mare
363 1316 461 1370 studet.
481 1317 651 1385 calligrapho
670 1319 775 1372 orridm
787 1335 840 1373 nex

279 1409 404 1464 Mauricii
421 1410 550 1464 miracrdo
568 1411 699 1466 nuntiata.
736 1411 838 1466 Narseo

278 1509 387 1571 praetor
399 1503 617 1558 contraPhocam
633 1505 838 1560 rebellatEdes-

279 1611 389 1664 samque
415 1596 518 1652 obtinet
541 1604 568 1651 et
593 1595 746 1652 achosroa
764 1599 839 1653 suxi-

278 1689 343 1743 lium
358 1689 431 1757 petit.

313 1786 345 1834 54
374 1781 505 1837 Chosroes
520 1781 657 1836 Romanos
670 1784 755 1838 uincit
772 1783 839 1838 Gar·

278 1889 467 1928 monacorum
492 1874 561 1929 duce
584 1880 647 1944 post
671 1892 704 1931 ex
729 1877 840 1932 uulnere

277 1974 390 2034 accepto
408 1966 531 2022 obeunte.
565 1968 672 2023 Phocea
690 1985 751 2023 cum
769 1969 839 2024 Cha·

277 2061 339 2114 iano
350 2059 510 2127 paciscitur:
527 2060 589 2115 inde
602 2061 694 2130 copias
703 2077 767 2116 suas
776 2077 838 2131 par-

277 2153 326 2206 tim
354 2157 448 2206 contra
472 2151 585 2206 Narsem
619 2153 717 2223 partim
744 2164 840 2209 contra

277 2245 376 2300 Persas
397 2245 494 2312 dirigit.
514 2245 718 2314 Narsctisinga.
753 2247 837 2302 Clos-

277 2352 338 2391 roes
370 2337 470 2406 ingenti
500 2338 615 2392 uictoria
651 2339 685 2393 de
708 2339 838 2394 Romanis

277 2431 387 2500 potitur.
425 2431 539 2484 Leontio
557 2432 731 2498 ignominiose
747 2431 840 2487 habito

277 2531 428 2592 praetorem
438 2523 635 2578 Domantiolum
649 2533 774 2593 nepotem
791 2543 840 2580 su-

278 2633 322 2670 um
340 2623 414 2670 creat
432 2616 546 2670 Phocoe.

312 2713 343 2762 55
379 2709 479 2764 Narses
503 2710 536 2764 sd
553 2709 674 2764 Phocam
699 2711 839 2775 accedens,

277 2801 311 2856 ab
339 2817 370 2855 co
393 2801 494 2870 perfide
521 2808 660 2856 crematur.
695 2803 837 2858 Persarum

276 2894 402 2962 gaudium
420 2896 454 2948 ob
467 2894 589 2948 Narsetia
602 2901 721 2950 mortem.
743 2896 837 2951 seditio

278 2985 522 3054 Constantinopoli:
544 2987 694 3042 Germanus
708 2989 838 3056 patricius

277 3080 432 3134 desiderans
449 3081 589 3147 imperium
612 3079 716 3134 imaus
741 3082 837 3136 iterum

277 3171 404 3226 Prasinoa
427 3171 463 3225 ad
487 3187 551 3224 suas
575 3179 666 3240 partes
691 3173 837 3240 perducere

277 3272 399 3318 conatur.
415 3263 592 3318 Constantina
604 3281 664 3318 cunr
673 3263 759 3318 tubus
770 3265 837 3320 filia-

277 3357 327 3410 bus
345 3355 372 3410 in
390 3357 582 3412 monasterium
599 3363 682 3410 trusa.
711 3357 837 3427 Mesopo·

276 3449 359 3504 tamia
377 3455 404 3502 et
421 3449 497 3518 Syria
514 3465 531 3502 a
548 3449 637 3504 Peraia
655 3455 742 3518 capta.

310 3547 343 3597 56
394 3542 502 3597 Phocas
533 3543 721 3598 Domnentlam
756 3544 837 3598 liliam

276 3635 369 3690 Prisco
387 3635 500 3704 patricio
519 3636 610 3704 iungit.
644 3636 776 3691 circenses
794 3653 837 3690 ce-

275 3728 371 3783 lebrati
397 3735 424 3782 et
438 3729 514 3796 signa
530 3729 617 3782 Prisci
643 3744 676 3782 ac
701 3729 837 3783 Domnen-

276 3821 330 3876 tiae
347 3827 483 3889 nmquam
500 3821 691 3889 imperatorum
708 3821 838 3876 ademar·

277 3914 333 3968 chia
352 3921 449 3968 erecta.
487 3913 593 3968 Phocae
610 3914 645 3968 ob
663 3913 690 3966 id
708 3915 757 3967 ira.

311 4011 342 4059 at
371 4006 562 4066 Constantina,
581 4005 731 4060 Gemuanus
749 4007 838 4060 etalii

277 4115 291 4154 e
309 4099 460 4167 praecipuis
479 4099 630 4168 complures
649 4114 666 4152 a
681 4099 774 4154 Phoco
792 4115 838 4154 oc·

277 4193 332 4246 cisi.
357 4193 501 4246 Persarum
517 4197 612 4246 contra
621 4191 758 4246 Romarm
775 4209 838 4261 pro-

275 4299 391 4353 gressus.

310 4383 342 4432 58
376 4379 486 4434 Priscus
509 4375 662 4432 Heraclium
688 4383 839 4447 praetorem

890 671 956 737 ticli,
975 670 1197 726 commentiolum
1219 671 1341 740 aliosque
1357 673 1461 727 multos

891 763 996 819 occidit
1032 764 1131 819 Persae
1157 763 1262 818 interim
1295 764 1390 833 pluras
1418 780 1461 818 re-
1551 807 1552 810 η

893 857 985 927 ςὶοιιεε
1003 856 1133 911 Romame
1151 857 1274 926 eripiunt.
1551 911 1552 924 χ

927 955 960 1004 59
995 949 1156 1005 ludaeorum
1168 949 1400 1004 Antiochenomm
1418 965 1461 1004 se-
1551 963 1552 1028 ἦ

892 1043 965 1097 ditio.
1001 1042 1130 1096 aduersus
1156 1058 1202 1097 eoa
1225 1058 1242 1096 a
1265 1041 1360 1096 Phoca
1383 1042 1462 1098 missi

892 1135 1016 1190 Bonosus
1040 1139 1067 1189 et
1090 1133 1172 1190 Cutis.
1213 1134 1391 1189 Prasinorum
1417 1150 1461 1190 se-

891 1229 956 1283 ditio
976 1227 1216 1296 Constantinopoli.

925 1327 957 1376 60
992 1320 1133 1376 Heraclius
1159 1326 1268 1388 praetor
1295 1319 1409 1374 Africae
1434 1327 1462 1375 et

891 1416 949 1469 eiua
974 1415 1136 1483 subpraetor
1171 1412 1303 1480 Gregoras
1342 1419 1462 1482 uterque

890 1523 968 1562 suum
992 1505 1077 1560 filium
1102 1505 1233 1561 aduersus
1250 1505 1372 1560 Phocum
1396 1508 1461 1560 mit-

891 1605 959 1654 tunt
985 1599 1136 1653 coniuratio
1151 1605 1246 1653 contra
1254 1597 1375 1652 Phocam
1384 1598 1460 1652 Con·
1551 1627 1552 1658 2

891 1691 1073 1760 smndnopoli,
1097 1707 1167 1760 quse
1189 1690 1327 1759 patefacta
1344 1691 1461 1761 eiusque

890 1789 1018 1838 auctores
1036 1791 1064 1837 et
1081 1784 1182 1840 conscii
1200 1783 1334 1838 decollati.

1144 1979 1208 2044 XX

926 2159 936 2206 l
975 2153 1115 2208 Heraclius
1139 2153 1168 2208 in
1192 2152 1285 2208 Africa
1308 2155 1463 2223 imperator
1551 2143 1552 2168 *

889 2246 1049 2314 appellatus,
1068 2247 1179 2314 eiusque
1196 2253 1224 2299 et
1241 2246 1349 2314 Georgii
1368 2255 1396 2302 et
1409 2249 1461 2303 lli·

889 2345 965 2393 cetae
982 2354 1043 2392 cum
1052 2338 1154 2408 magnis
1165 2340 1250 2407 copiis
1267 2347 1364 2394 contm
1379 2341 1458 2394 Plro·
1551 2401 1552 2420 χ

892 2447 951 2486 cam
968 2431 1109 2500 profectio.
1145 2431 1255 2485 Phocae
1270 2431 1344 2499 siga.
1551 2423 1552 2432 ’

925 2528 940 2578 2
975 2523 1073 2577 bellum
1090 2525 1208 2578 Heraclii
1226 2523 1461 2594 Constantinopo-

890 2617 936 2671 lim
953 2617 1132 2685 perueniantis
1151 2632 1211 2671 cum
1220 2617 1314 2671 Phoca
1330 2615 1461 2674 Phocoe·

890 2725 942 2779 que
970 2711 1100 2764 inumera.
1136 2709 1276 2764 Heraclius
1311 2715 1339 2763 et
1369 2711 1463 2780 ipsius

890 2817 990 2872 sponsa
1000 2801 1143 2858 Hudochia
1159 2801 1279 2870 aSergio
1298 2804 1462 2871 patriarcha

889 2896 1018 2950 coronati.

923 2993 938 3040 3
956 2986 1097 3041 Heraclius
1115 2989 1261 3055 imperator
1270 2987 1368 3042 uuna
1386 2989 1463 3044 Per-

888 3097 979 3136 sarum
996 3080 1030 3133 de
1047 3079 1177 3134 Romanis
1195 3079 1324 3134 uictoriae
1356 3087 1384 3134 at
1418 3081 1461 3135 fe-

888 3173 953 3227 lices
976 3187 1142 3241 progressus.
1186 3172 1327 3227 Heraclius
1352 3179 1461 3229 statam

888 3266 992 3334 imperii
1017 3264 1175 3319 dissolutum
1199 3271 1226 3317 et
1252 3265 1393 3320 labantem
1412 3284 1460 3322 re·

888 3359 965 3427 perit.
1000 3357 1071 3411 lilius
1096 3358 1227 3421 duatus,
1251 3357 1395 3412 Heraclius
1414 3360 1461 3414 iu·

889 3453 956 3506 nior.
992 3450 1133 3504 Eudociae
1150 3450 1288 3518 Augustae
1306 3450 1409 3504 obitus.

923 3549 939 3596 4
973 3543 1128 3612 Epiphania
1150 3541 1268 3596 Heraclii
1292 3541 1349 3596 filia
1373 3559 1462 3600 coro·

888 3643 961 3700 nata,
988 3641 1018 3690 ut
1036 3643 1063 3688 et
1079 3635 1220 3689 Heraclius
1237 3634 1332 3688 iunior.
1369 3633 1462 3692 Sara-

889 3744 1015 3784 cenorum
1032 3728 1143 3796 irruptio
1161 3727 1189 3780 in
1204 3727 1316 3795 Syriam.
1350 3726 1462 3785 Persae

889 3823 999 3891 capiunt
1030 3821 1194 3876 Damascum
1237 3820 1326 3873 multis
1355 3821 1463 3876 iterum
1551 3875 1552 3880 ,

889 3914 1003 3984 captiuis
1027 3913 1159 3969 abductis.
1203 3913 1320 3967 Heraclii
1352 3913 1462 3982 legatio

889 4007 923 4062 ad
950 4007 1102 4071 chosroen,
1133 4006 1178 4076 qui
1208 4021 1303 4074 pacem
1337 4009 1459 4076 respuit

888 4099 1029 4154 Heraclius
1055 4106 1163 4168 neptem
1179 4099 1325 4154 Martinam
1348 4099 1464 4156 inceste

889 4207 1000 4247 uxorem
1018 4191 1101 4247 ducit.

923 4291 939 4339 5
974 4285 1073 4340 Persae
1090 4284 1245 4349 Iordanem,
1264 4284 1458 4342 Palaestinam

890 4385 917 4431 et
956 4377 1168 4447 Hierosolymam
1203 4378 1321 4446 capiunt
1376 4379 1464 4435 multi
