2834 5394
148 272 211 336 290
653 288 745 335 nram
766 290 816 335 xn

147 439 258 506 dosius
290 440 442 505 afflictam
476 459 543 505 rem
576 441 738 523 publicam
770 443 819 507 ira
851 443 904 508 dci
937 443 1151 526 reparandam
1185 445 1326 511 credidit

147 551 371 616 misericordia
392 552 455 617 dei.
500 571 628 617 omnem
650 551 798 616 fiduciam
822 558 871 619 sui
894 553 936 618 ad
958 573 1052 635 opem
1075 555 1194 620 Christi
1218 557 1324 621 coufe-

149 680 224 727 rens
260 663 419 729 maximas
456 662 529 728 illas
565 662 733 745 Scythicas
765 671 880 745 gentes
911 663 1163 748 formidatasque
1196 668 1321 732 cunctis

148 771 333 851 maioribus,
356 771 542 838 Alexandro
565 791 691 856 quoque
716 773 762 837 illi
785 793 903 857 magno
925 771 1024 855 <sicut
1046 776 1224 856 Pompeius
1241 775 1321 841 Cor-

148 882 317 965 neliusque
331 882 440 948 testati
456 880 548 964 sunt>
560 882 707 961 euitatas,
723 892 757 947 at
772 892 847 948 tunc
861 884 1000 948 extincto
1014 886 1158 949 Romano
1174 887 1316 950 exercitu
1339 908 1356 956 5

147 992 301 1058 Romanis
322 993 414 1073 equis
435 992 597 1075 armisque
618 992 882 1060 instructissimas
905 993 965 1057 hoe
986 995 1169 1061 estdlarms
1185 996 1321 1062 Hunnos

149 1111 180 1169 ct
202 1101 325 1168 Gothos
348 1104 569 1168 incunctanter
590 1102 766 1186 adgressus
794 1112 853 1169 est.
896 1101 1043 1185 <barbari
1065 1125 1141 1170 uero
1163 1106 1317 1189 impetum

147 1233 211 1277 non
240 1214 380 1278 ferentes
409 1234 485 1279 suas
512 1213 599 1278 acies
628 1213 826 1297 reliquerunt
855 1222 887 1278 et
913 1215 960 1278 illi
988 1215 1118 1296 quidem
1141 1216 1315 1299 fugiebant,

147 1323 181 1388 hi
204 1342 280 1388 uero
302 1322 425 1387 fortiter
447 1323 664 1404 sequebantur
685 1324 896 1405 inmensaque
924 1324 1041 1391 caedes
1064 1336 1139 1390 tunc
1161 1326 1246 1390 facta
1268 1336 1318 1392 cst

149 1433 367 1498 barbarorum.
422 1433 515 1517 parrci
548 1434 601 1517 qui
635 1441 808 1499 euaserant
840 1434 978 1499 latenter
1009 1436 1153 1501 Histrum
1186 1436 1318 1501 fluuium
1339 1458 1369 1506 ro

146 1544 352 1610 transierunt.

61 1657 126 1722 XX
232 1654 306 1718 blox
329 1653 394 1719 dux
416 1654 555 1736 aprianus
578 1654 719 1719 exercitu
741 1653 889 1736 disperso
912 1674 969 1736 per
990 1656 1114 1722 uicinas
1138 1657 1233 1723 urbes
1249 1659 1319 1739 ipsc

146 1765 300 1830 uelociter
322 1764 477 1829 rerneauit
498 1762 540 1827 ad
563 1764 739 1845 principem
767 1764 813 1828 ita
842 1772 876 1828 ut
896 1765 968 1848 ipse
989 1766 1222 1848 triumphorum
1245 1789 1317 1833 suc·

146 1895 216 1939 rum
240 1874 370 1938 nuntius
394 1873 562 1938 extitisset.
607 1872 693 1953 quod
720 1881 828 1938 tanren
856 1874 919 1956 ipsi
947 1875 1132 1957 imporat-ori
1161 1877 1236 1941 dum
1258 1879 1317 1941 mi-

147 1991 271 2048 raretur
288 1985 415 2062 factum,
439 1982 626 2047 incredibile
655 1981 833 2048 uidebatur.
876 1985 976 2049 inuidi
1007 1986 1033 2051 si
1064 1985 1191 2069 quidem
1221 1989 1317 2052 etiam
1340 2010 1369 2058 15

146 2094 268 2175 fugisse
291 2112 362 2158 eum
386 2093 536 2157 dicebant
557 2101 589 2157 et
611 2092 784 2157 exereitum
807 2093 996 2176 perdidisse.
1041 2097 1144 2161 atille
1159 2097 1318 2180 derogan-

145 2214 195 2271 tes
218 2204 279 2271 sibi
303 2203 394 2286 petiit
416 2202 510 2286 dirigi
533 2203 586 2285 qui
609 2201 756 2267 uiderent
778 2203 1013 2270 multitudinem
1037 2205 1175 2276 hostium
1191 2227 1316 2289 perem-

146 2325 281 2399 ptorum.
326 2315 376 2379 his
399 2313 506 2379 uerbis
529 2314 703 2395 imperator
725 2312 828 2378 flexus
850 2313 968 2380 direxit
996 2317 1050 2397 qui
1078 2336 1129 2382 res
1158 2326 1248 2382 actas
1269 2318 1319 2382 in-

146 2427 307 2509 spicerent
344 2425 436 2507 eique
464 2423 692 2490 renuntiarent.
738 2444 832 2504 porro
862 2422 927 2488 dux
954 2425 1095 2507 optimus
1124 2426 1207 2491 inter
1237 2427 1317 2492 haee

145 2537 287 2601 diuinam
323 2535 480 2601 uisiunem
513 2534 592 2599 uidit
624 2544 656 2599 ct
685 2534 727 2598 ab
757 2535 827 2616 ipso
857 2535 999 2599 omnium
1028 2534 1088 2602 deo
1116 2546 1229 2619 aperte
1251 2539 1312 2603 sibi
1334 2561 1368 2610 20

144 2653 356 2712 monstratam
379 2647 556 2727 conspexit.
601 2643 727 2709 uiderat
754 2645 839 2709 enim
867 2643 900 2708 in
929 2646 1050 2710 somnis
1080 2648 1155 2730 quia
1183 2656 1313 2715 sauctus

145 2755 294 2821 Meletius
310 2754 528 2819 Antiochense
544 2753 682 2820 ciuitatis
705 2754 841 2821 antistes
864 2773 936 2819 eum
959 2755 1160 2839 chlamydem
1184 2759 1317 2823 uestiret

143 2865 343 2950 imperialem
366 2872 398 2929 et
420 2885 571 2928 (soronam
593 2871 689 2946 captat
712 2872 850 2928 ornaret.
895 2864 975 2929 haec
1003 2885 1073 2928 cum
1103 2876 1195 2930 nocte
1218 2869 1316 2934 uidis-

144 2984 202 3058 set,
226 2975 352 3042 cuidam
367 2995 462 3039 manc
478 2975 585 3038 retulit
600 2973 782 3037 tauricorum.
816 2980 850 3037 at
863 2974 918 3037 illc
932 2975 1053 3039 clarum
1067 2994 1140 3041 esse
1157 2979 1314 3042 somnium

144 3086 226 3152 dixit
254 3093 287 3151 et
314 3084 396 3150 nihil
417 3084 675 3167 aenigmaticum,
704 3082 784 3147 nibil
807 3082 938 3147 dubium
961 3084 1132 3150 continere.
1177 3105 1312 3170 crrrnque
1333 3108 1364 3156 25

143 3196 237 3280 pauci
266 3195 394 3260 omnino
426 3193 618 3259 transissent
648 3193 727 3265 dies,
765 3193 819 3274 qui
847 3213 905 3276 pro
933 3195 1087 3259 uictoriae
1114 3195 1315 3277 inspectione

141 3306 233 3373 missi
249 3308 384 3386 fuerant,
409 3310 594 3369 remearunt
607 3308 837 3387 peremptaque
851 3303 992 3370 hostium
1014 3307 1115 3370 multa
1134 3305 1223 3370 mili'a
1238 3327 1313 3371 nar-

142 3424 304 3482 rauerunt.
349 3435 445 3500 quam
468 3413 598 3478 obrem
626 3412 765 3478 laetatus
795 3413 943 3496 princeps
967 3414 1142 3482 Gratianus
1164 3416 1314 3482 Theodo-

143 3528 225 3594 sium
247 3527 367 3592 crmctis
389 3522 572 3591 fauentibus
594 3521 681 3606 apud
696 3522 856 3606 Syrmium
878 3544 1052 3606 purpuram
1074 3525 1177 3590 induit
1199 3528 1314 3592 acta-tis

142 3658 263 3703 annum
285 3637 412 3704 tertium
434 3634 694 3717 tricesimumque
715 3640 874 3717 agentem,
898 3634 1092 3716 orientisque
1108 3643 1140 3700 st
1155 3635 1314 3701 Thraciae
1333 3661 1363 3711 30

211 3947 357 4001 3crthrcaf
373 3946 407 4013 Β,
426 3948 539 4017 scytreaf
556 3945 585 4001 Β
662 3948 880 4005 bitruetrffrmaf
896 3951 950 4006 ΒΒ
1000 3947 1154 4001 halanofl)
1206 3951 1274 4003 unos
1290 3951 1318 4003 B

142 4045 156 4092 'l
178 4042 217 4095 eft
233 4057 284 4095 om.
303 4040 357 4096 ΒΒ
408 4045 518 4104 7-291,
537 4045 552 4096 3
570 4041 604 4113 <>
621 4041 661 4096 Β·
680 4044 783 4111 magnif
799 4044 912 4111 multrfq;
930 4044 1055 4112 precrbuf
1071 4050 1137 4098 urolt
1156 4040 1183 4094 Β
1241 4046 1316 4095 brc-

140 4132 339 4202 hnqueruntD
390 4133 539 4189 9ced1fD
591 4139 622 4188 13
642 4135 773 4190 fcrornll
837 4141 866 4190 to
884 4136 962 4191 furffe
981 4136 1013 4190 Β
1073 4141 1103 4189 ts
1121 4137 1265 4204 rnsprceret
1283 4135 1315 4189 Β

141 4228 174 4278 20
193 4226 285 4280 diuma
301 4226 328 4281 Β
400 4230 433 4280 22
452 4226 611 4282 clamideD
691 4232 723 4281 23
755 4229 873 4296 mperals
890 4226 917 4282 D
983 4235 1084 4282 corana
1102 4228 1155 4283 ΒΡ
1225 4227 1314 4296 capud

141 4316 168 4372 Β
236 4323 269 4372 24
293 4319 383 4374 clarus
404 4320 470 4375 effet
493 4319 535 4374 D⁴
604 4323 637 4373 26
654 4320 833 4376 tranhffctD
914 4323 946 4374 28
973 4321 1075 4388 legatur
1098 4338 1169 4377 corr.
1194 4324 1222 4376 ia
1248 4322 1313 4376 leta·

140 4411 186 4464 tui
202 4411 230 4466 t'a
247 4409 274 4464 Β
