2834 5394
562 667 635 717 css.
657 669 814 718 aru-nvi
1207 654 1270 717 455

95 818 299 902 congregatis
314 819 374 885 sub
397 838 433 886 se
449 818 641 903 degentibus
656 819 817 906 episcopis
839 820 973 906 impium
988 819 1271 888 hlonothelitarum

95 928 214 1012 dogma
235 948 386 997 mucrone
408 930 624 997 anathematis
653 931 789 1015 percuht
816 938 848 997 et
870 929 1028 1016 synodica
1055 930 1167 1014 Sergio
1190 930 1272 998 Con·

97 1040 383 1126 stantinopolitano
405 1047 438 1106 et
451 1040 589 1107 Iohanni
604 1043 749 1107 Romano
771 1061 878 1127 papae
899 1040 1088 1109 transmisit.
1118 1042 1170 1109 his
1193 1060 1271 1108 nero

97 1150 218 1217 auditis
252 1151 421 1218 Heraclius
455 1152 607 1218 contusus
635 1158 685 1218 est
717 1159 748 1218 et
777 1150 944 1219 destruere
976 1151 1106 1236 quidem
1140 1151 1273 1237 propria

63 1261 231 1326 anelabat
252 1268 283 1326 et
305 1282 417 1329 rursus
432 1262 637 1346 obprobrium
660 1283 725 1327 non
748 1263 881 1329 ferebat.
911 1270 986 1327 tunc
1008 1282 1085 1346 ergo
1101 1262 1271 1329 Heraclius

97 1379 130 1435 ut
157 1391 309 1455 magnum
340 1371 493 1455 quiddam
523 1373 628 1439 iacere
657 1373 819 1440 arbitrans
848 1373 982 1459 exponit
1009 1373 1162 1457 scriptum
1190 1370 1272 1439 illud

97 1481 181 1565 quod
203 1488 408 1567 nuncupatur
429 1481 604 1548 edictum
632 1485 800 1550 continens
822 1504 928 1568 neque
950 1502 1047 1566 unam
1069 1502 1174 1566 neque
1189 1482 1271 1550 duas

96 1592 299 1676 operationes
322 1593 356 1657 in
379 1591 508 1658 Christo
530 1593 696 1660 dicendas.
734 1615 797 1679 quo
819 1594 901 1659 lecto
924 1594 958 1659 hi
982 1593 1036 1678 qui
1059 1613 1143 1677 quae
1158 1593 1271 1659 Seueri

97 1709 171 1767 sunt
192 1703 323 1787 sapiunt
350 1704 382 1768 in
409 1703 540 1789 popinis
562 1711 594 1770 et
623 1704 749 1772 balneis
776 1704 992 1770 detrahebant
1019 1703 1197 1771 catholicae
1221 1721 1270 1769 ee

50 1824 80 1873 ro
96 1811 215 1878 clesiae
243 1813 451 1897 perhibentes
475 1813 622 1898 ‘primum
653 1815 782 1899 quidem
811 1834 893 1896 quae
916 1822 991 1881 sunt
1012 1813 1155 1880 Nestorii
1177 1811 1272 1879 Chal·

96 1921 265 1989 oodonitae
287 1924 464 1991 sentientes
487 1926 690 2010 resipuerunt
712 1924 755 1990 ad
777 1925 945 1990 ueritatem
967 1923 1116 1989 conuersi
1139 1929 1170 1988 et
1190 1922 1271 1988 uniti

96 2032 190 2099 nobis
213 2041 288 2100 suunt
317 2053 375 2119 per
404 2055 500 2099 unam
530 2035 751 2119 operationem
779 2035 812 2100 in
841 2055 938 2099 umam
962 2033 1082 2100 Christi
1111 2041 1270 2098 naturam.

95 2162 181 2207 nunc
202 2153 308 2209 autem
331 2147 534 2227 paenitentes
550 2166 647 2231 super
663 2146 745 2211 bone
767 2165 803 2212 so
818 2144 958 2210 habente
980 2164 1078 2211 sensu
1094 2144 1272 2210 amiserunt

95 2263 264 2338 utrumque
287 2275 391 2338 neque
414 2276 511 2321 unam
533 2275 638 2340 neque
660 2256 742 2322 duas
765 2256 798 2321 in
821 2254 949 2321 Christo
972 2253 1179 2320 confitentes!

50 2373 79 2422 15
181 2364 257 2431 Post
289 2373 422 2430 mortem
454 2386 531 2432 uero
564 2367 669 2448 Sergii
702 2365 845 2451 Pyrrhus
876 2364 1269 2447 Constantinopolitanum
1290 2366 1365 2433 LVI

96 2475 238 2559 suscepit
270 2474 419 2541 thronum
448 2476 502 2560 qui
530 2497 613 2560 quae
641 2477 809 2561 praedicta
837 2482 912 2541 sunt
940 2474 1095 2557 aSergio
1124 2493 1163 2539 ac
1185 2472 1270 2559 Cyro

95 2585 194 2668 impio
216 2586 389 2650 roborauit.
426 2586 576 2652 Heraclio
598 2607 675 2652 uero
698 2594 820 2651 mortuo
843 2605 914 2649 cum
937 2583 1169 2651 Constantinus
1183 2584 1270 2651 iilius

95 2695 165 2761 eius
188 2696 376 2780 imperaret,
399 2696 543 2780 Pyrrhus
565 2718 629 2761 una
652 2716 722 2760 oum
746 2697 885 2761 blattina
913 2714 1037 2759 ueneno
1068 2693 1153 2758 hunc
1175 2693 1271 2759 inter·

96 2806 180 2871 iecit.
217 2814 249 2871 et
271 2808 407 2890 imperat
428 2807 627 2873 Heraclcnas
650 2807 809 2871 llartinae
831 2806 926 2871 filius.
964 2824 1059 2888 porro
1082 2810 1214 2870 senatus
1238 2808 1271 2867 et

47 2921 79 2971 20
96 2923 163 2981 tota
184 2917 300 2982 ciuitas
324 2917 480 3001 Pyrrhum
503 2926 537 2982 ut
559 2917 692 3002 impium
715 2936 785 2981 oum
809 2914 948 2979 Martina
970 2921 1003 2980 et
1024 2913 1090 2977 filio
1113 2913 1183 2977 eius
1199 2930 1271 2994 rep·

95 3028 254 3110 pulcrunt.
290 3034 322 3092 et
343 3028 481 3111 imperat
496 3027 656 3092 Constans
678 3026 764 3093 filius
786 3024 988 3091 Constantini
1013 3030 1044 3088 ot
1065 3026 1272 3088 consecratur

95 3137 227 3203 Paullus
243 3137 413 3220 episcopus
429 3137 755 3222 Constantinopoleos
779 3143 810 3202 et
832 3137 903 3220 ipse
925 3134 1117 3199 haereticus.
1155 3131 1271 3196 Iohan-

96 3268 154 3312 nes
177 3256 284 3312 autem
306 3249 470 3313 Romanus
493 3249 623 3332 praesul
645 3248 777 3313 collecto
801 3245 1023 3331 opiscoporum
1046 3241 1181 3307 concilio
1203 3240 1270 3305 Mo·

96 3358 323 3423 nothelitarum
352 3357 504 3423 haeresin
532 3356 830 3422 anathematizabit.
876 3354 1024 3423 similiter·
1053 3353 1140 3417 etin
1162 3350 1272 3416 Ainea

48 3477 78 3524 25»
97 3487 196 3550 penes
223 3467 397 3551 Byzacium
432 3467 582 3533 uidelicet
608 3467 794 3532 Numidiam
831 3472 863 3532 et
890 3462 1117 3529 Mauritaniam
1148 3460 1271 3527 diuersi

97 3578 240 3662 episcopi
277 3578 505 3643 conuenientes
542 3577 769 3644 hlonothelitas
813 3575 1019 3641 anathemate
1056 3572 1270 3658 perculerunt.

97 3687 242 3753 Iohanne
271 3708 349 3753 sane
379 3687 558 3753 dormiente
580 3687 770 3754 Theodorus
798 3707 856 3772 pro
886 3706 924 3752 eo
946 3690 1152 3751 consecratur
1174 3701 1270 3767 papa.

96 3796 240 3880 Pyrrhus
262 3817 338 3862 uero
361 3818 432 3862 curn
454 3797 658 3882 peruenisset
680 3797 722 3862 ad
744 3797 885 3861 Africam
902 3795 1019 3860 mutuis
1041 3813 1113 3858 oum
1137 3792 1271 3859 sanctis·

97 3908 177 3973 simo
200 3908 340 3973 Maximo
356 3908 482 3972 uidetur
506 3909 692 3992 aspectibus
715 3906 833 3971 abbate
852 3905 1004 3970 uidelicet
1026 3902 1271 3985 religiosissimo

47 4027 78 4076 30
96 4018 128 4083 in
158 4018 355 4084 monachicis
385 4019 634 4083 correctionibus
664 4036 723 4081 nec
751 4036 815 4081 non
844 4023 877 4080 et
905 4013 1087 4079 diuinorum
1111 4011 1177 4076 illic
1199 4030 1271 4075 con-

96 4130 277 4194 sistentium
302 4129 487 4213 pontificum
509 4134 732 4212 praesentatur
754 4125 926 4191 obtutibus.
972 4122 1025 4206 qui
1056 4120 1141 4186 hune
1163 4119 1271 4186 rodar-

165 4436 176 4484 1
197 4416 408 4485 monothelrtorh
427 4428 452 4482 I)
521 4431 633 4497 8qu1q·
646 4427 737 4496 seluen
756 4425 815 4491 ΗΡ,
836 4424 1021 4496 Theophanes,
1040 4424 1206 4487 autarius,
1226 4422 1272 4491 qui

95 4541 148 4577 non
166 4539 235 4592 quae
253 4538 319 4576 uera
336 4522 547 4594 Bouporsioaus
635 4526 665 4574 15
684 4526 710 4575 cl
730 4525 760 4574 ts
778 4526 805 4574 et
822 4524 854 4574 28
872 4520 969 4588 pyrrus
985 4517 1011 4573 b
1092 4520 1124 4570 20
1142 4525 1227 4586 pyrrr'r
1245 4515 1271 4571 b

95 4620 125 4669 21
146 4615 330 4685 rmpcransll
432 4618 464 4668 22
493 4613 636 4684 paululD
739 4617 771 4666 23
797 4613 910 4667 collecta
934 4611 961 4666 l)
1063 4613 1096 4663 24
1113 4608 1271 4665 herelrmD

96 4714 127 4763 25
146 4711 246 4778 poenal
262 4693 420 4778 brzalerhll
523 4712 553 4761 at
573 4704 745 4763 rohannetD
812 4705 974 4760 dormientes
989 4704 1023 4759 D‘
1126 4707 1159 4757 ³0
1178 4719 1271 4758 mona-

94 4799 194 4857 obrid)
