2834 5394
573 746 646 795 cnr.
667 745 828 793 vrm-xn
1223 733 1287 795 533

110 897 340 963 bioretensium
365 904 397 963 et
418 898 533 964 elassis
555 897 662 980 Abydi
686 897 798 963 ethos
820 897 1070 982 comprehensos
1092 897 1134 962 ad
1150 898 1285 982 impera-

112 1015 212 1071 torem
230 1006 327 1091 ¹dunit
348 1007 402 1091 qui
425 1008 617 1073 frumentum
641 1007 771 1092 quidem
786 1008 915 1092 populis
934 1007 1003 1073 suis
1018 1006 1162 1087 donauit,
1184 1008 1286 1074 Atha·

112 1118 238 1183 nasium
262 1124 367 1182 autem
384 1125 416 1183 ct
437 1117 654 1184 Artauasdum
676 1117 778 1184 oculis
800 1118 968 1184 confestim
991 1117 1142 1201 priuauit.

195 1228 274 1294 Post
296 1226 376 1292 baec
396 1247 473 1293 nero
496 1229 645 1313 probauit
659 1227 898 1294 Artauasdusa
919 1233 1006 1293 terra
1026 1232 1138 1312 portas
1153 1227 1280 1310 aperire
1303 1227 1353 1293 Xl

80 1344 143 1401 aet
165 1337 321 1419 proelium
351 1356 422 1402 cum
445 1337 657 1404 Constantino
678 1338 776 1419 inire,
805 1357 916 1403 uerum
948 1337 1034 1401 lacta
1055 1338 1285 1420 congressione

112 1447 211 1530 fugati
236 1454 310 1512 suut
338 1447 524 1514 Artauasdii
546 1454 578 1513 et
607 1449 697 1513 multi
720 1448 835 1513 mortui
859 1457 934 1513 sunt
955 1448 1040 1513 inter
1064 1467 1145 1531 quos
1167 1454 1199 1513 et
1220 1447 1285 1512 blo·

111 1566 215 1622 nutes.
247 1558 437 1624 constructis
460 1565 566 1622 autem
581 1557 784 1624 Artauasdus
807 1556 950 1622 dieribus
973 1557 1093 1622 cacabo
1109 1557 1286 1623 terentibus

112 1669 219 1750 iguem
250 1668 338 1732 misit
370 1667 412 1732 ad
442 1676 588 1734 sanctum
616 1669 755 1733 Mamam
784 1687 849 1732 non
877 1668 984 1732 nullos
1013 1674 1125 1732 contra
1147 1668 1284 1733 classem

114 1776 393 1844 cibioretensium.
425 1797 497 1842 cum
514 1783 620 1843 autem
638 1778 805 1843 uenissent
827 1776 869 1842 ad
893 1783 1038 1842 sanctum
1060 1777 1211 1853 Idumam,
1232 1796 1307 1866 err-¹

66 1894 224 1953 coeuntes
246 1886 485 1955 cibioretenses
506 1889 697 1972 pepulemnt
719 1888 802 1953 illos.
849 1888 934 1952 lacta
956 1896 1006 1953 est
1027 1893 1133 1952 autem
1156 1887 1190 1951 in
1205 1886 1286 1952 urbe

107 1996 218 2061 ualida
240 1996 342 2062 fames
364 1996 410 2062 ita
432 2004 466 2062 ut
488 1998 726 2063 ucnundaretur
749 1997 875 2064 modius
897 1986 1009 2062 hordei
1034 1995 1205 2061 duodecim
1226 2017 1284 2061 nu·

110 2107 324 2188 mismatibus,
349 2108 521 2191 leguminis
543 2128 620 2172 uero
642 2107 843 2192 quindecim,
867 2107 948 2172 milii
971 2126 1010 2171 ac
1037 2107 1141 2190 lupini
1163 2107 1283 2173 numis-

109 2217 249 2282 matibus
272 2224 357 2299 octo,
381 2218 444 2283 olei
466 2224 573 2283 autem
596 2219 790 2284 numismate
819 2238 882 2282 uno
913 2217 1017 2282 librae
1038 2217 1189 2300 quinque,
1214 2235 1285 2282 sex·

109 2327 210 2392 tarius
239 2327 306 2392 uini
335 2326 479 2392 dimidio.
524 2347 659 2411 cumque
693 2328 832 2413 populus
860 2334 1046 2406 necaretur,
1076 2332 1205 2391 coactus
1234 2332 1286 2392 est

65 2456 93 2506 15
110 2437 313 2503 Artauasdes
337 2436 497 2503 dimittere
520 2439 591 2503 illos
614 2438 777 2503 eeiuitate
799 2439 885 2503 toras
914 2436 1063 2503 exeundi.
1095 2454 1207 2502 uerum
1229 2434 1284 2499 ob·

110 2549 249 2613 seruatis
282 2547 425 2613 faciebus
459 2547 615 2630 quosdam
648 2568 757 2614 corum
791 2547 998 2632 prohibebat,
1032 2544 1118 2611 uude
1149 2544 1284 2629 quidam

110 2677 218 2722 eorum
242 2656 498 2722 emundaucrunt
519 2658 627 2723 uultus
649 2678 725 2724 suos
748 2666 780 2723 et
794 2657 942 2722 muliebri
958 2655 1184 2721 circumamicti
1208 2661 1285 2721 sunt

109 2752 214 2847 ueste.
245 2774 296 2832 ast
323 2767 378 2830 alii
408 2767 584 2831 monastico
614 2767 776 2832 schemate
805 2773 901 2849 atque
932 2766 1059 2831 cilicino
1091 2764 1284 2831 uestimento

111 2875 364 2957 contegebantur
386 2883 418 2940 ct
439 2877 485 2939 ita
506 2877 607 2940 latere
629 2883 780 2959 poterant
802 2883 833 2940 ct
855 2875 954 2939 exire.

62 3004 95 3054 no
195 2984 327 3050 Nicetas
359 2992 466 3049 autem
499 2993 755 3067 monostrategus
787 2991 976 3048 coaceruabo
1013 2982 1133 3065 populo
1169 3002 1227 3047 suo
1260 2990 1369 3055 axll

110 3094 259 3158 blodrina
280 3095 427 3178 disperso
450 3094 539 3158 uenit
561 3113 662 3178 usque
677 3093 903 3178 Chrysopolim
927 3100 959 3157 et
981 3111 1051 3157 cum
1068 3098 1283 3157 reuerteretur

108 3213 313 3271 transmeans
346 3205 521 3288 imperator
554 3211 740 3288 persecutus
773 3209 823 3269 cst
853 3211 926 3287 post
952 3208 1045 3286 terga
1076 3202 1219 3285 ipsorum
1252 3208 1285 3267 et

108 3335 179 3380 euru
201 3315 345 3380 uenisset
366 3314 408 3379 ad
431 3333 503 3378 cum
526 3313 614 3397 apud
629 3314 861 3393 Nicomediam,
884 3332 983 3378 manu
1005 3312 1090 3396 cepit
1112 3331 1184 3377 eum
1208 3330 1280 3376 cum

108 3433 254 3490 curatore
277 3425 331 3508 qui
354 3424 458 3489 iuerat
479 3422 600 3488 dudum
623 3423 903 3489 Marcellianorum
926 3421 1108 3507 episcopus,
1133 3441 1228 3505 quem
1251 3428 1284 3487 et

61 3550 91 3599 ⁴25
108 3535 261 3600 decollari
295 3535 445 3599 continuo
477 3534 582 3615 iussit,
619 3540 891 3616 monostrategum
920 3552 997 3599 uero
1028 3533 1169 3596 uinctum
1197 3533 1283 3616 patri

109 3663 167 3728 per
188 3665 311 3708 murum
335 3643 545 3709 monstrabat.
590 3663 685 3728 porro
715 3651 830 3727 quarto
860 3662 963 3709 nonas
987 3642 1207 3708 Nouembrias
1236 3662 1285 3709 re·

108 3761 204 3839 pente
227 3750 405 3837 proeliatus
432 3760 505 3837 post
532 3753 698 3818 meridiem
729 3774 787 3838 per
818 3760 980 3819 terrenum
1013 3774 1138 3817 murum
1170 3753 1282 3819 urbem

108 3864 259 3948 eaptauit.
305 3869 338 3926 at
360 3883 436 3928 uero
458 3863 661 3930 Artauasdus
686 3883 752 3951 una
782 3882 853 3928 cum
875 3863 1053 3927 Bactannio
1076 3861 1211 3948 patricio
1236 3864 1284 3927 in-

108 3994 241 4057 gressus
275 3993 391 4037 nauem
420 3971 462 4037 ad
491 3992 647 4056 praescus
681 3975 788 4038 exisse
820 3972 911 4038 uisus
946 3979 995 4038 est
1027 3972 1060 4036 in
1084 3970 1216 4055 Opsicin
1250 3978 1284 4036 et

59 4106 91 4155 30
108 4084 222 4148 abiens
254 4080 295 4146 ad
323 4089 465 4147 castrum
488 4083 619 4148 Puzane
648 4089 750 4148 semet
778 4082 917 4147 inclusit.
963 4079 1079 4165 quibus
1109 4080 1284 4164 imperator

174 4395 373 4464 aanhauanlir
391 4410 417 4464 1>
511 4415 607 4464 ecum
630 4408 726 4463 cml)
819 4405 1032 4462 dartaualdrll
1100 4406 1283 4463 mouuetelD

54 4502 60 4513 '
106 4507 119 4554 l
147 4518 265 4557 caccano
293 4502 318 4556 0
446 4507 461 4556 8
489 4503 589 4557 classim
618 4479 818 4571 cybioreltenlni
850 4501 875 4555 e
987 4503 1018 4552 to
1036 4498 1232 4570 crbyoretensel
1255 4499 1282 4554 1>

108 4600 138 4646 15
166 4595 318 4650 obseruatis
362 4595 493 4652 Gruterus
530 4611 568 4649 ex
605 4593 790 4665 Theophane:
830 4593 975 4647 obsecrans
1000 4608 1071 4647 corr.
1098 4593 1126 4646 in
1153 4590 1286 4646 obserant

106 4688 134 4740 ia
158 4687 199 4749 D,
224 4688 368 4743 oblecratrl
384 4687 421 4753 P,
449 4688 580 4743 obseratis
606 4687 768 4740 Arruntacr‘us
873 4688 903 4738 18
922 4684 1079 4739 scemateD
1164 4687 1196 4736 25
1215 4700 1282 4739 corr·

106 4786 181 4833 trnuo
199 4778 232 4831 d:
249 4780 422 4850 precrpuoll
479 4786 511 4835 26
530 4766 581 4835 noi
599 4778 767 4835 uorrcrmrl)
831 4781 863 4831 2⁹3
882 4776 1031 4846 aptcurtll
1082 4782 1114 4832 29
1134 4761 1280 4832 naui-ad-

106 4873 253 4942 pngbenlul
269 4874 397 4929 exrlseI)
