2834 5394
515 682 588 732 cau.
611 682 797 730 xnn-xvrr
1177 669 1238 730 217

101 835 309 918 persecutiones
331 832 588 900 Christianorum
622 843 738 918 quarta
771 835 834 898 iam
868 840 942 917 post
974 834 1134 899 Neronem
1166 836 1237 901 uico

102 945 329 1030 ugiinperauit,
359 964 442 1029 quae
472 953 538 1010 tam
566 964 684 1028 graues
713 946 784 1011 eius
812 952 985 1029 praecepto
1008 946 1182 1011 extiterunt
1205 956 1238 1010 ut

102 1055 127 1120 iu
144 1056 207 1122 Asia
234 1064 267 1121 et
300 1054 411 1121 Gallia
442 1055 534 1120 multi
567 1062 750 1121 sanctorum
784 1055 937 1139 martyrio
969 1055 1113 1121 coronati
1145 1056 1237 1140 sint.)

101 1165 187 1231 bellum
215 1187 314 1232 unum
343 1167 415 1250 ipse
441 1167 544 1250 gessit
564 1166 861 1230 Marcomannicum
890 1164 948 1231 sed
971 1174 1125 1248 quantum
1147 1167 1237 1232 nulla

101 1278 220 1343 memoria
240 1277 301 1342 fuit
322 1275 406 1341 adeo
426 1284 462 1340 ut
483 1276 613 1342 Punicis
635 1277 826 1342 conferatur.
871 1296 946 1340 nam
969 1296 1008 1341 eo
1030 1277 1163 1360 grauius
1186 1285 1236 1343 est

100 1385 185 1451 factum
214 1385 301 1470 quod
332 1387 476 1452 uniuersi
506 1387 665 1452 exereitus
696 1386 834 1451 Ronraui
868 1387 1038 1471 perierant.
1083 1388 1143 1452 sub
1176 1388 1236 1453 hoc

102 1498 162 1561 euin
178 1504 282 1564 tantus
304 1516 402 1563 casus
422 1498 626 1581 pestilentiae
649 1497 707 1562 fuit
729 1505 764 1562 ut
785 1503 859 1581 post
882 1497 1049 1561 uictoriam
1071 1498 1234 1564 Persicam

101 1605 189 1673 Romae
213 1627 252 1675 ac
278 1627 337 1692 per
359 1607 488 1672 Italiam
517 1607 765 1692 prouinciasque
792 1607 934 1671 maxima
956 1607 1120 1673 hominurn
1144 1629 1230 1693 pars,

102 1717 203 1782 militum
229 1738 343 1784 omnes
371 1717 437 1782 fere
465 1718 578 1802 copiae
606 1717 762 1799 languore
783 1715 968 1781 defecerint.
1012 1717 1135 1800 ingenti
1157 1740 1233 1802 ergo

101 1824 181 1892 lubere
198 1837 228 1894 et
250 1828 470 1893 moderatione
491 1847 561 1892 curn
584 1826 672 1912 apud
694 1826 893 1892 Carnuntum
915 1828 981 1910 iugi
1004 1828 1143 1893 triennio
1165 1849 1234 1913 per-

101 1948 256 2020 seuerasset,
293 1939 413 2003 bellum
447 1938 739 2003 Marcomannicum
774 1938 919 2019 confecit,
954 1937 1039 2022 quod
1074 1958 1145 2002 cum
1182 1939 1234 2005 his

101 2045 178 2122 Quadi
195 2049 333 2114 Vandali
356 2048 524 2114 Sarmatae
546 2048 644 2113 Sueui
668 2056 764 2131 atque
786 2049 891 2113 omnis
913 2045 1036 2131 <paene
1059 2047 1235 2114 Gcmrania

101 2159 221 2236 gerebam
242 2167 274 2225 et
295 2161 329 2224 in
345 2158 531 2237 Quadorum
554 2177 655 2242 usque
677 2158 758 2224 lines
781 2178 973 2243 progressus
995 2160 1155 2226 exercitus
1177 2160 1234 2224 cir-

100 2277 316 2354 cmuentusque
346 2270 387 2334 ab
418 2269 579 2350 hostibus,
612 2276 743 2353 propter
771 2289 928 2352 aquarum
956 2270 1125 2354 penuriam
1161 2290 1231 2335 cum

101 2380 267 2456 ausentius
290 2379 362 2445 sitis
384 2400 481 2463 quam
502 2379 605 2445 hostis
628 2379 805 2463 perieulum
828 2380 1013 2459 sustineret,
1037 2379 1079 2445 ad
1102 2381 1232 2445 inuoca-

100 2482 185 2553 licrem
212 2490 351 2555 nominis
373 2488 502 2570 Christi,
540 2508 636 2573 quam
665 2488 770 2555 subito
799 2510 918 2572 magna
946 2490 1021 2556 fidoi
1050 2493 1232 2557 constantia

100 2597 194 2676 quidum
216 2601 335 2666 milites
357 2600 450 2666 effusi
472 2601 507 2665 in
528 2618 642 2684 preces
665 2601 773 2684 palam
795 2600 949 2680 fecerunt,
978 2608 1070 2666 tanta
1091 2602 1142 2667 uis
1164 2602 1231 2685 plu-

99 2703 148 2771 uiee
164 2710 261 2775 effusa
283 2717 333 2777 est
355 2718 389 2775 ut
409 2712 573 2775 Romanos
595 2709 724 2792 quidem
755 2710 937 2792 largissime
960 2730 999 2774 ac
1022 2711 1092 2776 sine
1114 2712 1232 2776 iniuria

99 2816 218 2901 uicerit,
241 2820 399 2886 barbaros
421 2830 527 2884 autem
549 2820 671 2885 crebris
701 2821 869 2885 fulminum
898 2821 1015 2886 ictibus
1044 2821 1231 2904 perterritos

100 2932 252 3005 pracsertim
275 2949 347 2994 cum
369 2930 499 3014 plurimi
515 2950 625 2995 eorum
639 2930 869 3012 occiderentur,
893 2931 926 2994 irr
950 2930 1057 3013 fugam
1080 2931 1231 3014 coegerit,

99 3053 194 3115 quorum
216 3049 308 3123 terga
329 3040 466 3106 Romani
488 3060 590 3124 usque
618 3040 660 3105 ad
689 3041 933 3106 internicionem
963 3040 1135 3107 caedentes
1165 3041 1231 3124 glo-

99 3144 274 3217 riosissimam
307 3151 472 3216 uictoriam
507 3158 540 3215 et
572 3151 721 3215 omnibus
757 3171 862 3235 paene
891 3151 1094 3236 antiquorum
1129 3152 1230 3217 titulis

99 3261 308 3332 praeferendam
329 3261 401 3325 rudi
423 3280 589 3345 paruoque
611 3261 748 3327 militurn
770 3280 903 3327 numero
926 3260 985 3327 sed
1006 3261 1230 3345 potentissimo

102 3358 188 3436 Christi
209 3372 332 3437 auxilio
353 3378 565 3456 reportarunt.

156 3481 249 3565 Igitur
271 3482 373 3546 multa
394 3481 558 3546 bominum
580 3481 671 3545 milia
692 3481 883 3562 interfecta>
905 3500 943 3545 ac
965 3481 1143 3547 Pannoniis
1166 3500 1230 3546 ser·
1252 3473 1344 3538 XVII

101 3581 151 3651 uiuo
166 3591 307 3658 liberatis
329 3593 450 3656 Romae
471 3612 583 3657 rursus
605 3611 677 3656 eum
700 3591 874 3656 Commodo
889 3591 1050 3656 Antonino
1073 3591 1139 3656 filio
1162 3612 1230 3668 suo,

101 3708 163 3772 tuen
192 3705 255 3767 iam
293 3701 466 3768 Caesarem
503 3702 631 3781 fecerat,
668 3703 888 3786 triumphauit.
944 3701 987 3767 ad
1023 3702 1119 3767 buius
1153 3701 1229 3766 belli

101 3816 219 3892 unctum
241 3832 313 3877 cum
337 3813 463 3877 aerario
486 3812 644 3878 exhausto
666 3813 855 3896 largitiones
878 3810 976 3896 <quas
1003 3812 1158 3877 militibus
1175 3812 1229 3875 im-

102 3916 228 4006 urcem>
249 3922 357 3987 nullas
380 3921 514 3986 haberet
536 3942 641 4005 neque
663 3922 806 3988 indicere
828 3923 1082 4008 prouincialibus
1105 3930 1160 3985 aut
1183 3942 1230 3986 sc-

102 4027 160 4091 erui
179 4032 298 4117 aliquid
327 4032 434 4114 uellet,
471 4032 717 4098 instrumentum
747 4033 828 4117 regii
854 4035 957 4099 cultus
987 4033 1071 4097 facta
1099 4032 1133 4095 in
1162 4031 1229 4095 foro

105 4175 333 4205 &—

148 4258 259 4313 luetone
282 4256 308 4312 D
411 4261 426 4311 3
451 4259 510 4312 funt
527 4257 554 4312 D
656 4262 672 4310 4
696 4265 722 4311 et
749 4274 831 4311 uuum
857 4257 881 4311 I)
985 4261 999 4310 8
1029 4256 1154 4310 maxumas
1177 4255 1229 4308 Db’

107 4335 349 4420 lumrungoress
420 4356 451 4403 10
469 4367 529 4403 cum
550 4350 588 4404 B:
608 4367 641 4404 crr
659 4350 685 4404 b
742 4356 764 4403 ll
787 4351 828 4403 brl
843 4367 894 4403 occ
915 4349 941 4403 B
1007 4354 1034 4402 12
1053 4348 1181 4401 uuanrlalr
1205 4349 1229 4401 lr

109 4427 171 4490 ¹²45
183 4443 213 4511 <>
228 4444 269 4498 Il.-
297 4444 422 4497 barbaria
446 4444 636 4511 commoluerat
655 4468 660 4478 ·
677 4443 761 4496 multa
786 4444 861 4496 mrlra
886 4443 1023 4496 hommum
1041 4442 1188 4495 ruterfccrt·
1203 4441 1228 4494 B

109 4518 235 4591 ligneam
250 4554 302 4591 om.
320 4537 348 4592 D
436 4541 466 4590 14
485 4552 546 4589 cum
564 4553 615 4591 om.
634 4535 661 4590 D
766 4541 794 4589 15
813 4537 975 4604 presentrum
994 4534 1053 4600 ΒΡ,
1071 4535 1172 4589 enecari.
1191 4552 1229 4587 cr·

111 4606 171 4674 stlte)
185 4628 304 4684 Crucem
398 4633 429 4683 tl
448 4627 480 4683 ur'
505 4629 530 4683 l)
556 4629 671 4690 rccrreoca
695 4637 854 4683 trorucucrso
871 4631 900 4683 r'rr
917 4628 969 4684 lroc
986 4629 1077 4684 codice
1094 4630 1184 4682 littero
1203 4645 1226 4680 m

111 4714 306 4856 wimarum
409 4728 441 4778 25
459 4723 606 4778 iuterfecul
621 4722 649 4777 P
740 4725 772 4775 28
799 4723 916 4789 exculto
937 4722 963 4776 B
1057 4721 1227 4776 sulactala

112 4807 123 4861 l
178 4808 197 4862 ll
