2834 5394
601 707 674 757 car.
696 708 812 755 11-1111
1254 697 1293 759 73

211 863 321 929 Publio
358 861 512 946 Scipione
533 860 686 924 Africano
708 859 822 924 iterum
845 859 918 924 Tito
955 860 1145 945 Sempronio
1182 862 1293 944 Longo

149 973 307 1040 munibus
339 971 429 1056 apud
457 969 686 1036 Mediolanium
724 967 835 1035 decem
867 968 957 1034 milia
990 970 1155 1036 Gallorum
1188 990 1292 1050 caesa,

97 1126 99 1157 ÷
157 1084 269 1169 maenti
305 1088 415 1148 autem
454 1080 576 1166 proelio
613 1078 762 1145 undecim
805 1079 897 1143 milia
919 1076 1097 1159 Gallorum,
1134 1082 1293 1147 Romano·

97 1200 99 1265 ἶ
155 1212 201 1258 run
220 1211 294 1258 nero
321 1191 465 1276 quinque
493 1189 584 1271 milia
612 1189 720 1255 occisa
747 1197 831 1255 sunt.
876 1188 1036 1255 Minucius
1065 1209 1086 1254 a
1119 1189 1293 1274 Liguribus

97 1318 101 1371 ι’
136 1302 177 1367 tin
190 1308 354 1369 orhemum
375 1301 511 1387 periculi
532 1296 690 1365 adductus
712 1305 744 1365 et
772 1297 904 1365 insidiis
931 1299 1072 1366 hostium
1099 1299 1293 1369 circumuen-

154 1420 189 1480 ta
204 1413 250 1479 uix
269 1411 484 1478 Numidarum
506 1409 647 1494 equitum
670 1408 832 1475 industria
851 1407 1008 1475 liberatus
1030 1416 1089 1476 est.

212 1521 299 1606 <Post
311 1521 455 1606 Digitius
476 1526 609 1605 praetor
629 1519 664 1583 in
685 1518 848 1605 Hispania
868 1519 1015 1584 citeriore
1038 1539 1142 1604 paene
1164 1539 1292 1585 omnem

153 1633 232 1701 misit
249 1631 435 1700 exercitum.
464 1631 591 1697 Marcus
612 1629 747 1695 Fuluius
775 1635 906 1714 praetor
928 1628 1106 1698 Celtiberos
1128 1650 1200 1696 cum
1222 1651 1293 1716 pro·

153 1743 223 1810 uinis
238 1742 389 1828 gentibus
410 1741 489 1806 uicit
509 1758 681 1824 Qemqne
702 1758 813 1804 eorum
835 1739 929 1823 cepit.
1226 1817 1229 1823 .

115 1862 142 1913 to
213 1853 401 1936 inutraque
422 1851 584 1936 Hispania
604 1870 664 1935 per
676 1849 872 1915 Flaminium
887 1848 1102 1933 Fuluiumque
1123 1858 1289 1935 praetores
1311 1856 1374 1922 1111

152 1960 217 2029 bella
231 1964 364 2029 multum
385 1960 518 2027 horrida
540 1967 735 2045 cruentaque
757 1959 902 2042 utrisque
924 1959 1054 2043 populis
1075 1966 1171 2042 gesta
1193 1960 1293 2045 sunt>

213 2073 304 2138 Lucio
327 2071 476 2138 Cornelio
499 2072 650 2156 Scipione
679 2077 711 2136 et
733 2068 817 2134 Gaio
839 2069 952 2135 Laelio
973 2069 1160 2136 consulibus
1183 2071 1293 2156 Scipio

152 2181 290 2250 liricamrs
320 2182 411 2248 fratri
443 2202 502 2248 suo
529 2180 629 2246 Lucio
658 2179 808 2246 Cornelio
832 2178 977 2264 Scipioni
1010 2180 1135 2245 consuli
1168 2180 1294 2264 legatus

152 2299 237 2358 contra
248 2291 440 2359 Antiochum
461 2292 624 2377 protectus
646 2296 697 2357 est
709 2286 782 2373 <qui
797 2308 869 2354 cum
884 2289 1070 2355 Hannibale
1085 2290 1290 2374 conloquium

116 2398 278 2468 tumtur
299 2402 422 2468 babuit
466 2402 526 2469 sed
552 2402 669 2467 infecto
696 2400 789 2484 pacis
816 2400 947 2484 negotio
975 2399 1017 2464 ab
1039 2399 1198 2466 Antiocho
1227 2397 1291 2467 dis·

150 2512 231 2579 cessit
271 2512 418 2598 sequenti
441 2531 527 2577 anno
549 2511 659 2596 Scipio
680 2511 854 2577 Africanus
876 2510 1102 2594 Hannibalem,
1133 2512 1188 2595 qui
1218 2530 1290 2575 cum

148 2620 276 2689 Antiocho
313 2630 397 2704 erat,
431 2622 543 2688 nauali
571 2621 693 2707 proelio
722 2618 827 2703 uicit>
871 2621 941 2705 ipse
969 2627 1084 2705 postea
1112 2621 1290 2688 Antiochus

149 2731 214 2798 circo
230 2733 373 2820 Sipulum
395 2732 595 2816 Magnesiam
618 2729 751 2815 (Asiae)
774 2731 936 2797 ciuitatem
960 2751 982 2796 a
1002 2727 1118 2814 <Lucio
1140 2728 1290 2796 Cornelio

148 2839 271 2926 Scipione
290 2841 440 2927 consule>
461 2842 584 2927 ingenti
606 2842 728 2927 proelio
751 2842 842 2907 lusus
865 2846 924 2907 est.
969 2840 1091 2906 auxilio
1112 2840 1173 2906 fuit
1194 2840 1228 2906 in
1251 2861 1292 2907 ea

115 2963 233 3033 spuma
251 2953 404 3019 Romanis
425 2953 588 3019 Eumenes
609 2953 709 3016 Attali
732 2952 819 3034 regis
841 2951 949 3031 irater,
974 2950 1029 3033 qui
1044 2949 1234 3015 Eumeniam
1255 2951 1290 3016 in

147 3057 262 3146 Phrygia
296 3060 450 3128 condidit.
509 3062 742 3147 quinquaginta
784 3060 875 3125 milia
910 3060 1064 3144 peditum,
1102 3061 1165 3126 tria
1200 3061 1291 3126 milia

148 3172 264 3254 oquimm
286 3173 320 3237 in
343 3192 382 3237 eo
403 3173 578 3238 certamine
600 3191 640 3237 ex
661 3177 753 3256 parte
776 3170 862 3254 regis
885 3171 993 3236 occisa
1014 3177 1098 3238 sunt.
1142 3177 1209 3236 turn
1232 3191 1289 3237 rex

147 3298 235 3362 pacem
255 3284 349 3367 petiit
370 3280 550 3367 (filiumque
572 3282 726 3363 Africani,
757 3300 851 3365 quem
875 3287 979 3346 utrum
1003 3283 1224 3366 explorantem
1247 3302 1289 3346 an

147 3387 306 3475 inproelio
338 3393 479 3478 cepisset
506 3393 661 3457 incertum
683 3398 748 3472 est,
782 3392 864 3456 ultro
895 3391 1028 3457 remisit.
1073 3411 1138 3475 pax
1166 3390 1290 3474 autem>

115 3497 228 3566 iisdem
247 3501 489 3570 condicionibus
510 3501 589 3567 data
611 3511 660 3568 est
682 3521 703 3566 a
724 3507 840 3568 senatu
869 3521 1064 3585 quamquam
1094 3500 1188 3583 uicto,
1222 3499 1289 3584 qui·

147 3604 192 3675 bus
208 3619 298 3679 antea
326 3612 528 3693 offerebatur,
557 3620 592 3677 ut
619 3631 659 3677 cx
680 3612 812 3696 Europa
840 3619 872 3676 et
893 3612 973 3677 Asia
1000 3611 1167 3678 recederet
1193 3615 1290 3694 atque

148 3715 211 3785 intra
228 3724 366 3788 Taurum
390 3742 426 3789 se
447 3723 634 3805 contineret,
658 3720 769 3788 decem
792 3722 883 3787 milia
905 3724 1096 3787 talentorum
1120 3729 1152 3787 et
1174 3720 1289 3803 uiginti

149 3825 251 3898 obsides
284 3832 470 3918 praeberet,
512 3832 729 3898 Hannibalem
772 3832 998 3897 concitatorem
1033 3832 1110 3897 belli
1148 3828 1289 3896 dederet.

146 4004 423 4028 x*

199 4105 304 4162 lairico
323 4106 349 4160 D
417 4100 558 4175 irmproriro
580 4105 632 4160 ΒΒ
721 4108 786 4160 3'1‘1
805 4105 831 4159 Β
916 4104 979 4161 l'v'
996 4106 1023 4161 Β
1127 4106 1292 4175 ldlgnrcrul

148 4187 341 4267 Dpoencl)
408 4198 633 4254 Sceltrueroil)
737 4198 897 4253 taleme
1002 4205 1032 4255 13
1059 4219 1093 4251 aa
1119 4199 1183 4265 (aid.
1201 4200 1291 4270 subse

148 4281 279 4346 bucol)
367 4293 484 4360 icrprone
502 4292 528 4346 Β
628 4291 878 4360 legaatoltinrus.
896 4291 992 4362 [uitri
1013 4292 1039 4346 B
1144 4298 1241 4347 11-11
1260 4293 1290 4361 <>

147 4374 177 4430 d:
188 4385 285 4438 aumbal
302 4401 349 4454 qur
368 4400 429 4439 cum
447 4384 574 4441 antiocho
592 4390 652 4440 erat
666 4388 670 4452 Ι
686 4384 777 4438 naueh
804 4384 889 4469 prplro
909 4384 998 4440 urctnl
1013 4385 1052 4439 eit
1070 4385 1096 4440 B
1186 4389 1215 4438 14
1235 4390 1289 4454 qur]

146 4477 197 4540 sur
210 4476 245 4540 Β,
269 4477 368 4533 deiende
384 4493 446 4533 cum
462 4478 608 4534 hannibale
624 4477 788 4533 lacrimabile
806 4478 950 4546 conloqurss
968 4477 1033 4532 farm
1048 4486 1052 4544 Ι
1067 4478 1133 4533 hare
1150 4478 1247 4532 habuit
1265 4477 1290 4531 I)

147 4565 272 4624 lttrtcelc
287 4587 359 4626 corr.
377 4588 416 4626 ex
433 4571 578 4627 drlcentI)
666 4574 694 4624 18
713 4570 844 4639 magnehe
863 4571 890 4624 Β
966 4576 1005 4626 18.
1027 4572 1158 4641 19<lucro
1177 4586 1290 4624 -con-

143 4653 503 4729 lule>e:conmleeome110
522 4680 641 4735 cipriano
660 4663 687 4718 B
796 4668 829 4717 20
853 4663 921 4717 attrh
946 4663 989 4718 B·
1075 4668 1104 4718 21
1127 4662 1231 4732 ingram
1257 4662 1289 4727 Β,

143 4746 241 4821 ture
306 4757 471 4827 tepente
539 4758 689 4812 achildem
709 4756 762 4811 ΒΙ)
830 4756 980 4811 tcantee
1047 4756 1160 4811 arie
1211 4755 1291 4810 xrB

143 4846 231 4911 ts-u,
249 4854 259 4904 1
280 4856 448 4906 concitatore
462 4852 467 4921 Ι
482 4866 556 4920 regnr
572 4850 676 4906 dedere
695 4859 786 4914 emenr
807 4849 834 4904 B
