2834 5394
56 199 118 262 000
544 216 637 263 muru
659 216 744 262 ιιιιιί

56 383 126 430 oum
149 373 257 431 essent
279 366 449 447 llarccllis,
472 368 604 450 petebat
626 386 749 450 pacem.
793 367 907 432 atille
931 385 1089 450 nequam
1116 368 1263 433 consiliis

55 483 88 541 et
108 476 200 559 paria
222 475 427 541 sentientium
450 477 702 542 consiliariorum
725 498 853 543 suorum
876 477 1102 542 suasionibus
1119 478 1262 561 prohibi·

53 592 105 651 tus
133 595 182 652 est
211 594 242 652 ct
270 594 342 670 post
369 587 487 652 multos
515 587 678 653 anfractus
705 608 763 672 per
791 588 866 652 auia
887 589 964 652 loca
990 589 1261 673 praecipitanter

54 697 241 762 temerarius
263 697 356 762 simul
381 704 412 763 et
434 696 571 780 pauidus
593 697 772 779 ingreditur
794 697 988 779 Bulgariam
1005 700 1113 763 tertio
1132 699 1259 765 decimo

55 806 217 871 kalendas
239 807 383 889 Augusti,
407 827 477 871 cum
493 807 605 891 Syrius
628 815 799 892 appareret
820 815 938 872 cuncta
960 827 1182 875 consumens
1204 810 1287 876 tre-⁵

55 926 189 998 quenter
211 917 256 981 ita
278 917 361 983 fauts
385 917 466 1000 ‘quis
487 918 554 982 ibit’
577 918 725 1000 inquiens
748 919 791 984 ‘et
813 917 954 1000 decipiet
976 919 1140 984 Achab?
1188 921 1261 1003 quia

55 1027 123 1093 siue
146 1028 224 1092 ‹lcus
261 1027 329 1092 siue
357 1027 560 1093 aduersarius
588 1028 686 1093 trabit
713 1046 765 1092 me
786 1029 973 1093 nolentem!
1025 1051 1136 1113 porro
1161 1032 1264 1116 prins

55 1157 151 1220 qnam
173 1137 335 1218 ingressus
356 1137 467 1203 luisset
489 1138 674 1220 Bulgariam
697 1138 871 1221 Byzantius
899 1138 999 1203 huius
1035 1140 1192 1207 dilectus
1220 1143 1263 1208 la-

56 1246 163 1312 mulus
192 1245 236 1311 ad
267 1245 429 1312 Cmnnum
458 1249 620 1313 Marcellis
647 1247 789 1330 confugit
817 1267 923 1312 secum
960 1260 1133 1334 surrepta
1172 1262 1262 1319 ueste

57 1357 216 1440 imperiali
240 1365 272 1423 et
294 1358 364 1422 auri
387 1357 478 1422 libris
499 1365 637 1423 centrum.
681 1359 772 1423 multi
802 1366 908 1422 autem
937 1357 1042 1425 buius
1075 1362 1200 1446 fugam
1229 1365 1301 1427 inu

56 1470 176 1534 malum
199 1467 373 1552 Nicephori
395 1467 552 1551 auspicati
574 1474 658 1532 srmt.

0 1572 32 1638 ΙΙ
140 1580 256 1644 Tribus
278 1579 396 1662 quippe
420 1577 533 1644 (liebus
554 1585 627 1661 post
648 1577 768 1662 primos
795 1576 960 1643 conflictus
987 1599 1026 1645 se
1061 1585 1264 1668 prosperari

55 1690 204 1774 opinatus
234 1710 298 1754 non
332 1707 486 1772 prospera
512 1688 641 1753 lacicnti
670 1688 731 1753 deo
759 1689 923 1752 uictoriam
951 1690 1161 1758 ascm'bebat
1202 1695 1263 1761 sed

56 1799 214 1866 Stauracii
236 1799 334 1864 solius
356 1798 473 1863 bonam
496 1799 656 1862 fortunam
678 1799 860 1878 bonumque
881 1798 1058 1863 consilium
1077 1805 1262 1884 praedica-

54 1909 120 1985 bat,
159 1916 190 1972 et
212 1909 408 1991 principibus
446 1909 499 1989 qui
527 1907 689 1971 introitum
718 1908 923 1972 inhibuerant
958 1908 1176 1978 minabatur.
1225 1923 1262 1979 ut
1278 1922 1301 1972 tt

55 2018 290 2082 irrationabilia
319 2036 444 2099 quoque
466 2017 645 2082 animantia
666 2025 698 2082 et
718 2018 858 2082 infantes
880 2025 912 2083 ct
937 2037 1074 2084 omnem
1101 2032 1259 2089 aetatem

53 2126 343 2194 immisericorditer
370 2125 470 2191 occidi
499 2128 663 2211 praecepit
699 2135 732 2193 et
758 2135 884 2192 mortua
911 2130 1256 2210 comprouincialium

53 2257 187 2322 corpora
207 2237 370 2321 insepulta
392 2235 521 2319 dimisit,
550 2237 649 2304 solius
677 2238 851 2321 spoliorum
873 2238 1077 2304 collect-ionis
1104 2241 1256 2326 diligen-

53 2349 131 2416 tiam
153 2347 285 2414 iaciens.
323 2349 431 2414 claues
453 2354 559 2412 autem
582 2355 614 2412 et
636 2347 802 2431 signacula
823 2347 857 2412 in
872 2348 1101 2432 penetralibus
1119 2351 1253 2418 Cmnni

52 2479 149 2543 snper
169 2459 354 2543 imponebat
376 2479 415 2524 ca
435 2464 471 2522 ut
492 2457 621 2540 propria
643 2458 685 2524 de
705 2465 811 2523 cetero
826 2459 983 2523 muniens.
1020 2479 1125 2526 aures
1141 2463 1249 2529 etiam
1267 2467 1297 2517 2⁰

53 2577 85 2637 et
107 2578 214 2634 cetera
235 2568 486 2633 Christianorum
517 2568 669 2649 membra,
707 2568 760 2649 qui
789 2569 903 2633 saltem
933 2568 1122 2649 tetigissent
1153 2574 1248 2654 quic·

53 2699 149 2762 quarn
172 2699 211 2743 ex
235 2679 355 2761 spoliis,
379 2677 600 2743 abscindebat.
645 2685 677 2743 et
699 2678 807 2741 aulam
829 2677 973 2743 incendit
994 2697 1079 2759 qnae
1105 2681 1247 2749 diceba-

50 2797 103 2854 tur
136 2787 231 2852 cortis
254 2787 388 2868 crunni,
427 2807 497 2851 cum
526 2787 596 2870 ipse
626 2787 833 2852 uehementer
860 2796 944 2852 esset
971 2788 1166 2857 humiliatus
1209 2802 1245 2858 et

50 2896 261 2982 significasset
282 2896 393 2963 dicens
416 2896 507 2962 ‘ecce
527 2896 648 2977 uicisti,
671 2897 749 2962 tolle
770 2917 846 2979 ergo
868 2897 1016 2979 quicquid
1039 2898 1098 2962 tibi
1123 2902 1242 2983 placa·

49 3009 116 3074 bile
138 3008 231 3073 fuerit
253 3015 285 3072 et
307 3006 461 3088 egredere
482 3006 515 3070 in
536 3006 636 3089 pace!
679 3014 713 3071 at
734 3007 791 3072 ille
811 3028 881 3072 cum
905 3006 993 3091 pacis
1016 3017 1102 3072 essct
1126 3011 1238 3076 inimi·
1255 3022 1288 3072 te

51 3138 116 3198 cus,
138 3116 224 3180 hanc
246 3115 415 3180 admittere
437 3117 548 3180 noluit.
585 3116 618 3180 in
642 3116 756 3199 quibus
778 3118 926 3182 saeuiens
955 3118 1010 3182 ille
1031 3116 1065 3180 in
1085 3121 1238 3201 regionis

50 3226 198 3291 introitus
221 3231 252 3289 et
274 3225 378 3289 exitus
399 3225 509 3307 lignea
530 3226 707 3291 munimina
734 3226 863 3291 mittens
892 3227 1031 3292 maceria
1052 3228 1235 3297 circumde-

53 3335 100 3402 dit
122 3342 218 3418 atque
240 3335 364 3399 tutauit.
409 3334 610 3419 Nicephorus
640 3343 746 3401 autem
776 3337 837 3401 lroc
864 3344 1026 3420 comperto
1048 3358 1124 3402 mox
1147 3346 1234 3404 atto-

51 3448 136 3513 nitus
165 3446 317 3529 quidnam
348 3452 459 3528 ageret
486 3443 675 3510 circumiens
703 3446 872 3529 ignorabat
901 3455 933 3512 et
960 3448 1010 3512 his
1044 3448 1098 3529 qui
1128 3449 1231 3516 simul

49 3557 186 3623 aderant
206 3557 343 3621 futuram
366 3554 577 3639 perditionem
598 3557 849 3639 pronuntiabant
869 3565 1092 3623 asseuerantes
1115 3556 1230 3625 ‘etiam
1248 3575 1283 3626 eo

50 3668 77 3734 si
107 3667 240 3751 pennati
267 3667 342 3731 lacti
370 3666 521 3731 inermus
549 3667 595 3730 sio
623 3684 717 3731 nemo
746 3675 853 3751 speret
881 3668 1011 3733 exitium
1035 3671 1230 3733 euasurum’

50 3778 130 3842 haec
152 3784 259 3841 autem
281 3776 448 3840 molimina
470 3782 561 3839 erant
582 3795 640 3858 per
662 3775 731 3842 dics
755 3777 843 3858 duos,
868 3779 1011 3860 quintam
1026 3776 1179 3842 undelibet
1193 3787 1229 3845 et

50 3895 174 3954 sextam
197 3887 319 3952 feriam.
365 3893 396 3950 et
425 3891 518 3950 noete
547 3886 673 3950 sabbati
701 3887 900 3953 turbationes
930 3895 961 3952 et
989 3887 1152 3951 turbarum
1176 3910 1229 3953 ar·

115 4162 175 4208 tet
193 4158 208 4207 8
227 4142 391 4222 uulgarrdl)
476 4140 654 4223 51000ὲο
757 4156 939 4211 01000001)
1013 4157 1225 4212 8bizant1uiD

49 4236 215 4317 9,cnindad
233 4245 405 4301 marcellrll)
476 4252 507 4301 10
525 4232 646 4302 crdnrll
736 4252 769 4301 20
788 4249 1052 4318 luprmponebantll
1121 4253 1153 4301 22
1172 4251 1223 4303 ab·

49 4338 168 4393 sordebat
186 4339 212 4392 D
280 4344 312 4393 23
332 4329 450 4393 crumD
502 4343 535 4395 20
553 4339 720 4394 amtterel)
771 4358 798 4396 ιιι
815 4357 866 4397 om.
884 4340 911 4396 Ι)
962 4346 994 4396 32
1013 4360 1031 4413 p
1049 4342 1105 4396 met
1122 4342 1225 4398 tuoto
