2834 5394
162 262 224 325 328
651 276 742 323 mum
764 276 843 323 xnn

162 428 318 495 auxilium
341 426 530 510 efflagitant.
576 427 692 511 quibus
715 427 791 493 dum
814 426 927 493 Aetius
950 429 1082 493 minime
1105 428 1274 493 annuisset
1296 449 1337 494 eo

162 537 248 623 quod
269 545 382 604 contra
403 537 575 603 ulciniores
598 537 708 605 hostes
730 545 904 622 occupatus
920 538 1082 620 existeret,
1106 537 1237 622 quidam
1254 539 1336 603 Brit-

160 656 333 715 tannomm
356 654 486 714 strenue
507 647 696 715 resistentes
717 648 827 715 hostes
850 648 994 731 abigunt,
1026 647 1157 731 quidam
1185 667 1261 712 uero
1285 668 1336 713 co·

161 759 225 825 acti
253 758 400 825 hostibus
428 758 638 826 subiciuntur.
683 758 823 843 denique
852 758 1018 824 subactam
1047 758 1128 822 Picti
1155 765 1336 823 extremam

160 869 305 937 eiusdem
327 868 455 935 insulae
477 876 611 954 partem,
634 888 706 934 eam
729 868 793 935 sibi
808 868 1040 934 habitationem
1055 868 1160 934 fecere
1175 887 1234 933 nec
1250 870 1336 934 ultra
1353 884 1370 932 s

161 979 277 1046 exinde
312 977 467 1045 haetenus
504 979 675 1044 ualuemnt
703 980 831 1063 expelli.
876 985 909 1044 at
938 998 1013 1043 uero
1042 978 1164 1045 residui
1193 979 1334 1043 Brittan·

160 1110 274 1156 norum
296 1087 372 1153 dum
395 1091 544 1154 continue
566 1090 732 1156 Scotorum
756 1090 895 1174 impetus
917 1088 1136 1165 formidarent,
1160 1090 1244 1153 ultra
1266 1089 1332 1153 iam

160 1198 202 1266 de
231 1200 448 1263 Romanorum
476 1199 640 1284 praesidio
670 1199 863 1282 diffidentes,
897 1199 1074 1282 Anglorum
1102 1206 1230 1282 gentem
1259 1218 1333 1264 eum

161 1329 219 1375 suo
248 1328 324 1393 rege
346 1309 536 1393 Vertigerno
565 1309 607 1375 ad
636 1310 856 1376 defensionem
884 1329 964 1376 suae
993 1309 1118 1394 patriae
1140 1309 1332 1374 inuitauere.

160 1438 241 1503 quos
263 1438 335 1484 cum
356 1420 485 1484 amicali
508 1420 662 1486 societate
684 1427 836 1504 exceptos
863 1438 960 1486 uersa
988 1419 1021 1483 iu
1043 1419 1237 1483 contrarium
1260 1419 1332 1484 uice
1354 1430 1385 1479 ¹0

159 1528 270 1596 hostes
292 1548 350 1613 pro
373 1529 573 1596 adiutoribus
596 1530 892 1614 inpugnatoresque
914 1549 1055 1595 sensere.
1079 1529 1227 1612 sequenti
1243 1528 1333 1594 dein-

159 1658 235 1724 ceps
256 1646 401 1724 tempore
423 1659 504 1723 gens
519 1639 696 1722 Anglorum
719 1640 789 1706 siue
812 1641 976 1706 Saxonum
992 1639 1206 1703 Brittanniam
1228 1639 1333 1705 tribus

158 1749 265 1833 longis
287 1750 426 1816 nauibus
448 1749 630 1814 aduehitur.
675 1770 809 1833 quorum
832 1750 908 1814 dum
931 1749 992 1814 iter
1006 1756 1228 1834 prosperatum
1244 1749 1333 1813 domi

159 1858 246 1925 fama
267 1859 451 1941 rettulisset,
483 1859 616 1925 mittitur
638 1861 740 1925 nihilo
762 1861 869 1926 minus
891 1860 1051 1925 exercitus
1075 1860 1251 1944 multiplex,
1276 1859 1332 1942 qui

160 1969 301 2035 sociatus
322 1969 485 2053 prioribus
507 1969 645 2053 primum
673 1969 784 2037 hostes
812 1976 943 2054 propter
971 1989 1051 2053 quos
1083 1969 1251 2052 petebatur
1273 1968 1332 2032 ab·
1352 1977 1383 2026 rs

159 2077 226 2161 lgit,
265 2077 383 2143 deinde
411 2079 446 2144 in
468 2080 630 2146 Brittones
652 2100 743 2145 arma
764 2087 964 2160 conuertens,
1002 2079 1139 2143 conficta
1161 2079 1331 2144 occasione

159 2188 253 2273 quasi
282 2207 340 2273 pro
370 2208 406 2255 se
434 2189 482 2256 eis
510 2189 724 2257 militantibus
752 2190 859 2257 minus
881 2189 1045 2274 stipendia
1066 2195 1331 2273 praeparassent,

157 2303 256 2363 totam
278 2317 380 2383 prope
401 2299 542 2365 insulam
564 2299 606 2364 ab
628 2300 777 2366 orientali
800 2301 870 2366 eius
892 2301 992 2384 plaga
1007 2318 1109 2382 usque
1125 2297 1166 2362 ad
1183 2297 1331 2363 occiden-

158 2409 256 2475 talem
279 2408 429 2475 incendio
452 2408 515 2476 sibi
537 2430 595 2476 seu
616 2410 726 2494 gladio
749 2410 885 2494 subegit.

2 2514 129 2582 XVIIII
243 2520 285 2583 nt
307 2538 384 2585 uero
405 2519 610 2587 Theodosius
632 2520 707 2585 dum
730 2521 853 2604 absque
876 2520 991 2605 uiginti
1020 2528 1137 2585 etune
1160 2517 1331 2603 superiori·
1347 2530 1380 2580 to

157 2628 217 2694 bus
247 2630 352 2711 annis,
390 2650 471 2714 quos
499 2649 571 2695 cum
592 2630 735 2696 Honorio
758 2637 873 2715 patruo
902 2636 1105 2713 regnauerat‚
1144 2635 1269 2713 septem
1298 2636 1331 2692 et

159 2737 275 2822 uiginti
298 2739 393 2805 annis
416 2740 585 2824 imperium
607 2741 774 2823 gessisset,
806 2760 846 2805 ex
869 2740 1078 2824 quibuscum
1101 2739 1329 2803 Valentiniano

155 2867 276 2931 genero
299 2848 420 2931 uiginti⁴
437 2849 579 2932 quinque
594 2850 762 2933 transegit,
786 2849 873 2935 apud
889 2849 1201 2934 Constantinopolim
1217 2849 1329 2913 morbo

155 2965 364 3043 consumptus
393 2958 473 3023 obiit
501 2959 610 3042 ibique
640 2961 786 3044 sepultus
815 2968 873 3026 est.
918 2958 995 3043 <fuit
1022 2967 1127 3024 antem
1151 2959 1204 3024 bic
1226 2958 1328 3023 Theo·

155 3066 266 3134 dusius
289 3068 336 3133 sic
360 3070 491 3152 sapiens
508 3076 541 3132 ut
557 3069 640 3134 inter
655 3068 900 3136 confabulantes
915 3070 1169 3154 experimentum
1186 3069 1326 3134 omnium
1345 3083 1377 3131 as

154 3175 339 3242 crederetur
368 3178 491 3243 habere
519 3198 700 3245 causarum.
744 3179 941 3263 perdurabat
970 3181 1003 3244 in
1031 3180 1150 3263 frigore
1180 3178 1329 3244 similiter

154 3292 185 3349 et
213 3285 247 3350 in
277 3294 380 3369 aestu,
417 3288 606 3372 plerumque
636 3288 803 3355 ieiunabat
834 3297 866 3356 et
895 3290 1035 3355 maxime
1057 3296 1172 3372 quarta
1194 3290 1276 3354 feria
1297 3297 1329 3353 et

154 3402 247 3461 sexta
269 3395 374 3462 studio
391 3395 643 3465 Christianitatis
665 3418 725 3464 nec
739 3401 834 3465 aliter
849 3421 944 3484 quam
961 3400 1188 3466 monasterium
1204 3400 1329 3482 regalia

152 3504 355 3571 uidebantur.
401 3508 472 3591 ipse
500 3528 639 3592 namque
670 3510 826 3575 matutino
855 3509 898 3575 ad
927 3530 1003 3576 suas
1032 3530 1159 3576 sorores
1188 3528 1327 3593 pergens

152 3617 281 3683 diuinas
310 3616 438 3693 dicebat
466 3618 589 3685 laudes.
644 3638 741 3701 quam
770 3620 810 3685 ob
838 3639 905 3685 rem
935 3622 1033 3686 etiam
1064 3640 1174 3686 sacras
1201 3620 1327 3684 litteras
1343 3629 1376 3679 so

153 3728 223 3793 sine
245 3726 355 3792 codiee
377 3727 542 3794 recitabat.
588 3730 793 3814 loquentibus
816 3730 978 3815 episcopis
1001 3731 1089 3794 uelut
1117 3730 1200 3819 olim
1223 3748 1328 3794 saeer-

223 3944 503 4014 Ietrufll,qt1ufB
572 3950 709 4001 triremos
725 3948 751 4002 Il
819 3952 880 4001 tet
897 3953 912 4002 6
931 3948 1083 4001 bmttancru
1102 3947 1156 4002 DB
1207 3947 1330 4001 3hoIteI

151 4037 194 4091 B:
212 4038 261 4093 hof
278 4038 313 4103 I),
331 4038 428 4092 deiude
445 4039 620 4107 lrabrguntD
672 4041 849 4110 tpartrmB
909 4040 1097 4094 daetennfB
1149 4040 1327 4109 expellereD

155 4134 183 4184 12
201 4131 329 4185 brrttama
347 4129 401 4185 ΗΒ
489 4136 518 4183 13
537 4138 606 4185 mter
625 4133 652 4186 B
746 4139 775 4186 Is
793 4133 986 4188 retulrffentll
1083 4138 1112 4186 tt
1131 4133 1219 4186 hostel
1235 4134 1328 4201 populi

151 4224 217 4292 quos
232 4225 386 4293 patebaltur
404 4223 431 4277 B
482 4224 635 4293 petebatll
704 4230 736 4280 20
754 4243 793 4279 xx
812 4242 865 4281 uno
884 4225 912 4280 B
980 4231 1013 4281 tt
1030 4227 1109 4294 geffrt
1127 4227 1160 4290 I),
1178 4225 1327 4295 geflrttdB

150 4314 350 4370 ualentranoB
401 4320 433 4371 23
452 4334 510 4370 xxv
530 4318 556 4371 B
626 4322 658 4372 It
676 4319 714 4373 eft
732 4324 795 4374 ante
813 4320 883 4374 obiit
899 4318 1007 4374 adal)
1076 4323 1108 4373 25
1127 4319 1277 4374 fabulantes
1294 4319 1326 4373 Il⁴

150 4411 182 4462 ’19
201 4406 336 4463 forororef
351 4407 376 4463 D
