<?xml version="1.0" encoding="UTF-8"?>
<!DOCTYPE html PUBLIC "-//W3C//DTD XHTML 1.0 Transitional//EN"
    "http://www.w3.org/TR/xhtml1/DTD/xhtml1-transitional.dtd">
<html xmlns="http://www.w3.org/1999/xhtml" xml:lang="en" lang="en">
 <head>
  <title>
</title>
<meta http-equiv="Content-Type" content="text/html;charset=utf-8" />
  <meta name='ocr-system' content='tesseract 3.04.00' />
  <meta name='ocr-capabilities' content='ocr_page ocr_carea ocr_par ocr_line ocrx_word'/>
</head>
<body>
  <div class='ocr_page' id='page_1' title='image "./historiamiscell00sagagoog_0145.png"; bbox 0 0 2834 5394; ppageno 0'>
   <div class='ocr_carea' id='block_1_1' title="bbox 611 645 1294 708">
    <p class='ocr_par' dir='ltr' id='par_1_1' title="bbox 611 645 1294 708">
     <span class='ocr_line' id='line_1_1' title="bbox 611 645 1294 708; baseline 0.003 -2"><span class='ocrx_word' id='word_1_1' title='bbox 611 656 683 706; x_wconf 77' lang='lat' dir='ltr'>cnr.</span> <span class='ocrx_word' id='word_1_2' title='bbox 706 657 813 703; x_wconf 83' lang='lat' dir='ltr'>v-vu</span> <span class='ocrx_word' id='word_1_3' title='bbox 1238 645 1294 708; x_wconf 86' lang='grc'>131</span> 
     </span>
    </p>
   </div>
   <div class='ocr_carea' id='block_1_2' title="bbox 99 807 1390 3648">
    <p class='ocr_par' dir='ltr' id='par_1_2' title="bbox 138 807 1378 1558">
     <span class='ocr_line' id='line_1_2' title="bbox 163 807 1296 896; baseline 0.003 -21"><span class='ocrx_word' id='word_1_4' title='bbox 163 808 253 875; x_wconf 82' lang='lat' dir='ltr'>Sdoud</span> <span class='ocrx_word' id='word_1_5' title='bbox 277 807 405 894; x_wconf 76' lang='lat' dir='ltr'><strong>piratae</strong></span> <span class='ocrx_word' id='word_1_6' title='bbox 439 807 511 892; x_wconf 85' lang='lat' dir='ltr'>ipso</span> <span class='ocrx_word' id='word_1_7' title='bbox 537 809 646 894; x_wconf 78' lang='lat' dir='ltr'><strong>pirata</strong></span> <span class='ocrx_word' id='word_1_8' title='bbox 667 809 800 875; x_wconf 90' lang='lat' dir='ltr'>iuuante</span> <span class='ocrx_word' id='word_1_9' title='bbox 822 810 1007 877; x_wconf 91' lang='lat' dir='ltr'>transiliuit.</span> <span class='ocrx_word' id='word_1_10' title='bbox 1050 808 1127 876; x_wconf 92' lang='lat' dir='ltr'>inde</span> <span class='ocrx_word' id='word_1_11' title='bbox 1150 809 1296 896; x_wconf 80' lang='lat' dir='ltr'>Sinopen</span> 
     </span>
     <span class='ocr_line' id='line_1_3' title="bbox 161 919 1038 1005; baseline 0.003 -22"><span class='ocrx_word' id='word_1_12' title='bbox 161 937 185 983; x_wconf 82' lang='lat' dir='ltr'>ao</span> <span class='ocrx_word' id='word_1_13' title='bbox 198 927 257 1004; x_wconf 89' lang='lat' dir='ltr'>post</span> <span class='ocrx_word' id='word_1_14' title='bbox 275 919 413 986; x_wconf 78' lang='lat' dir='ltr'>Amison</span> <span class='ocrx_word' id='word_1_15' title='bbox 434 937 507 984; x_wconf 90' lang='lat' dir='ltr'>curn</span> <span class='ocrx_word' id='word_1_16' title='bbox 528 939 650 1004; x_wconf 86' lang='lat' dir='ltr'>magna</span> <span class='ocrx_word' id='word_1_17' title='bbox 670 919 858 986; x_wconf 82' lang='lat' dir='ltr'>difficultate</span> <span class='ocrx_word' id='word_1_18' title='bbox 880 920 1038 1005; x_wconf 90' lang='lat' dir='ltr'>peruenit.</span> 
     </span>
     <span class='ocr_line' id='line_1_4' title="bbox 213 1028 1293 1115; baseline 0 -20"><span class='ocrx_word' id='word_1_19' title='bbox 213 1028 330 1096; x_wconf 77' lang='lat' dir='ltr'>Eodem</span> <span class='ocrx_word' id='word_1_20' title='bbox 351 1049 439 1095; x_wconf 93' lang='lat' dir='ltr'>anno</span> <span class='ocrx_word' id='word_1_21' title='bbox 460 1028 548 1115; x_wconf 92' lang='lat' dir='ltr'>apud</span> <span class='ocrx_word' id='word_1_22' title='bbox 562 1031 697 1095; x_wconf 87' lang='lat' dir='ltr'>Romam</span> <span class='ocrx_word' id='word_1_23' title='bbox 713 1030 856 1096; x_wconf 83' lang='lat' dir='ltr'>Catilina</span> <span class='ocrx_word' id='word_1_24' title='bbox 870 1031 986 1097; x_wconf 78' lang='lat' dir='ltr'>incesti</span> <span class='ocrx_word' id='word_1_25' title='bbox 1005 1036 1185 1112; x_wconf 88' lang='lat' dir='ltr'>accusatus,</span> <span class='ocrx_word' id='word_1_26' title='bbox 1208 1030 1293 1114; x_wconf 91' lang='lat' dir='ltr'>quod</span> 
     </span>
     <span class='ocr_line' id='line_1_5' title="bbox 157 1138 1297 1225; baseline 0.002 -22"><span class='ocrx_word' id='word_1_27' title='bbox 157 1139 312 1206; x_wconf 77' lang='lat' dir='ltr'>anlabia</span> <span class='ocrx_word' id='word_1_28' title='bbox 331 1140 459 1224; x_wconf 86' lang='lat' dir='ltr'>uirgine</span> <span class='ocrx_word' id='word_1_29' title='bbox 473 1141 598 1207; x_wconf 82' lang='lat' dir='ltr'><strong>Vestali</strong></span> <span class='ocrx_word' id='word_1_30' title='bbox 619 1141 820 1208; x_wconf 82' lang='lat' dir='ltr'>commisisse</span> <span class='ocrx_word' id='word_1_31' title='bbox 842 1141 1047 1225; x_wconf 82' lang='lat' dir='ltr'>arguebatur,</span> <span class='ocrx_word' id='word_1_32' title='bbox 1070 1138 1177 1206; x_wconf 93' lang='lat' dir='ltr'>Catuli</span> <span class='ocrx_word' id='word_1_33' title='bbox 1190 1140 1297 1224; x_wconf 86' lang='lat' dir='ltr'>gratia</span> 
     </span>
     <span class='ocr_line' id='line_1_6' title="bbox 138 1247 375 1322; baseline -0.013 -5"><span class='ocrx_word' id='word_1_34' title='bbox 138 1249 223 1317; x_wconf 81' lang='lat' dir='ltr'>tlultus</span> <span class='ocrx_word' id='word_1_35' title='bbox 240 1247 375 1322; x_wconf 77' lang='lat' dir='ltr'>euasit.)</span> 
     </span>
     <span class='ocr_line' id='line_1_7' title="bbox 210 1359 1378 1446; baseline 0.003 -21"><span class='ocrx_word' id='word_1_36' title='bbox 210 1360 299 1426; x_wconf 77' lang='lat' dir='ltr'>Anno</span> <span class='ocrx_word' id='word_1_37' title='bbox 327 1360 370 1426; x_wconf 91' lang='lat' dir='ltr'>ab</span> <span class='ocrx_word' id='word_1_38' title='bbox 399 1359 479 1425; x_wconf 91' lang='lat' dir='ltr'>urbe</span> <span class='ocrx_word' id='word_1_39' title='bbox 500 1360 631 1426; x_wconf 88' lang='lat' dir='ltr'>condita</span> <span class='ocrx_word' id='word_1_40' title='bbox 659 1361 892 1428; x_wconf 82' lang='lat' dir='ltr'>sexcentesimo</span> <span class='ocrx_word' id='word_1_41' title='bbox 921 1361 1160 1446; x_wconf 85' lang='lat' dir='ltr'>septuagesimo</span> <span class='ocrx_word' id='word_1_42' title='bbox 1182 1366 1296 1427; x_wconf 87' lang='lat' dir='ltr'>octauo</span> <span class='ocrx_word' id='word_1_43' title='bbox 1318 1364 1378 1430; x_wconf 84' lang='lat' dir='ltr'>Vll</span> 
     </span>
     <span class='ocr_line' id='line_1_8' title="bbox 153 1469 1296 1558; baseline 0 -22"><span class='ocrx_word' id='word_1_44' title='bbox 153 1469 343 1536; x_wconf 78' lang='lat' dir='ltr'>baedoniam</span> <span class='ocrx_word' id='word_1_45' title='bbox 364 1471 565 1557; x_wconf 90' lang='lat' dir='ltr'>prouinciam</span> <span class='ocrx_word' id='word_1_46' title='bbox 585 1471 713 1538; x_wconf 86' lang='lat' dir='ltr'>Marcus</span> <span class='ocrx_word' id='word_1_47' title='bbox 734 1472 879 1538; x_wconf 90' lang='lat' dir='ltr'>Licinius</span> <span class='ocrx_word' id='word_1_48' title='bbox 901 1471 1055 1539; x_wconf 79' lang='lat' dir='ltr'>Lucullus</span> <span class='ocrx_word' id='word_1_49' title='bbox 1075 1471 1202 1558; x_wconf 89' lang='lat' dir='ltr'>accepit</span> <span class='ocrx_word' id='word_1_50' title='bbox 1223 1491 1296 1536; x_wconf 93' lang='lat' dir='ltr'>eon-</span> 
     </span>
    </p>

    <p class='ocr_par' dir='ltr' id='par_1_3' title="bbox 99 1564 1295 1683">
     <span class='ocr_line' id='line_1_9' title="bbox 99 1564 1295 1683; baseline 0.001 -38"><span class='ocrx_word' id='word_1_51' title='bbox 99 1564 102 1683; x_wconf 68' lang='grc' dir='ltr'>Ι</span> <span class='ocrx_word' id='word_1_52' title='bbox 154 1580 269 1648; x_wconf 77' lang='lat' dir='ltr'>sobrinus</span> <span class='ocrx_word' id='word_1_53' title='bbox 297 1580 369 1649; x_wconf 90' lang='lat' dir='ltr'>eius</span> <span class='ocrx_word' id='word_1_54' title='bbox 398 1580 454 1665; x_wconf 89' lang='lat' dir='ltr'>qui</span> <span class='ocrx_word' id='word_1_55' title='bbox 481 1589 594 1647; x_wconf 90' lang='lat' dir='ltr'>contra</span> <span class='ocrx_word' id='word_1_56' title='bbox 619 1581 838 1647; x_wconf 80' lang='lat' dir='ltr'>Mithridatem</span> <span class='ocrx_word' id='word_1_57' title='bbox 866 1581 986 1647; x_wconf 90' lang='lat' dir='ltr'>bellum</span> <span class='ocrx_word' id='word_1_58' title='bbox 1014 1582 1165 1665; x_wconf 82' lang='lat' dir='ltr'>gerebat,</span> <span class='ocrx_word' id='word_1_59' title='bbox 1199 1587 1232 1646; x_wconf 90' lang='lat' dir='ltr'>et</span> <span class='ocrx_word' id='word_1_60' title='bbox 1260 1581 1295 1646; x_wconf 91' lang='lat' dir='ltr'>in</span> 
     </span>
    </p>

    <p class='ocr_par' dir='ltr' id='par_1_4' title="bbox 99 1690 1294 1774">
     <span class='ocr_line' id='line_1_10' title="bbox 99 1690 1294 1774; baseline 0.006 -25"><span class='ocrx_word' id='word_1_61' title='bbox 99 1710 103 1749; x_wconf 83' lang='lat' dir='ltr'>r</span> <span class='ocrx_word' id='word_1_62' title='bbox 153 1690 221 1757; x_wconf 85' lang='lat' dir='ltr'>ltdia</span> <span class='ocrx_word' id='word_1_63' title='bbox 237 1712 356 1758; x_wconf 92' lang='lat' dir='ltr'>nouum</span> <span class='ocrx_word' id='word_1_64' title='bbox 378 1691 501 1757; x_wconf 90' lang='lat' dir='ltr'>bellum</span> <span class='ocrx_word' id='word_1_65' title='bbox 529 1691 636 1759; x_wconf 92' lang='lat' dir='ltr'>subito</span> <span class='ocrx_word' id='word_1_66' title='bbox 664 1698 856 1757; x_wconf 88' lang='lat' dir='ltr'>commotum</span> <span class='ocrx_word' id='word_1_67' title='bbox 885 1698 943 1757; x_wconf 89' lang='lat' dir='ltr'>est.</span> <span class='ocrx_word' id='word_1_68' title='bbox 987 1691 1185 1774; x_wconf 84' lang='lat' dir='ltr'>gladiatores</span> <span class='ocrx_word' id='word_1_69' title='bbox 1207 1691 1294 1762; x_wconf 90' lang='lat' dir='ltr'>enim</span> 
     </span>
    </p>

    <p class='ocr_par' dir='ltr' id='par_1_5' title="bbox 99 1752 1294 1887">
     <span class='ocr_line' id='line_1_11' title="bbox 99 1752 1294 1887; baseline 0.002 -22"><span class='ocrx_word' id='word_1_70' title='bbox 99 1752 103 1877; x_wconf 63' lang='lat' dir='ltr'>i</span> <span class='ocrx_word' id='word_1_71' title='bbox 128 1803 327 1887; x_wconf 80' lang='lat' dir='ltr'>beptnaginta</span> <span class='ocrx_word' id='word_1_72' title='bbox 347 1809 381 1868; x_wconf 91' lang='lat' dir='ltr'>et</span> <span class='ocrx_word' id='word_1_73' title='bbox 402 1809 552 1887; x_wconf 89' lang='lat' dir='ltr'>quattuor</span> <span class='ocrx_word' id='word_1_74' title='bbox 572 1799 720 1887; x_wconf 84' lang='lat' dir='ltr'>&lt;Capuae</span> <span class='ocrx_word' id='word_1_75' title='bbox 743 1823 764 1867; x_wconf 98' lang='lat' dir='ltr'>a</span> <span class='ocrx_word' id='word_1_76' title='bbox 786 1802 861 1867; x_wconf 93' lang='lat' dir='ltr'>ludo</span> <span class='ocrx_word' id='word_1_77' title='bbox 883 1801 987 1867; x_wconf 85' lang='lat' dir='ltr'>Gnaei</span> <span class='ocrx_word' id='word_1_78' title='bbox 1009 1803 1137 1867; x_wconf 89' lang='lat' dir='ltr'>Lentuli</span> <span class='ocrx_word' id='word_1_79' title='bbox 1160 1800 1294 1886; x_wconf 87' lang='lat' dir='ltr'>diffuge-</span> 
     </span>
    </p>

    <p class='ocr_par' dir='ltr' id='par_1_6' title="bbox 99 1900 1293 1996">
     <span class='ocr_line' id='line_1_12' title="bbox 99 1900 1293 1996; baseline 0.001 -21"><span class='ocrx_word' id='word_1_80' title='bbox 99 1900 101 1961; x_wconf 79' lang='grc' dir='ltr'>ἷ</span> <span class='ocrx_word' id='word_1_81' title='bbox 154 1917 211 1993; x_wconf 88' lang='lat' dir='ltr'>runt,</span> <span class='ocrx_word' id='word_1_82' title='bbox 234 1912 286 1996; x_wconf 91' lang='lat' dir='ltr'>qui</span> <span class='ocrx_word' id='word_1_83' title='bbox 314 1913 467 1978; x_wconf 87' lang='lat' dir='ltr'>continuo</span> <span class='ocrx_word' id='word_1_84' title='bbox 496 1912 632 1979; x_wconf 88' lang='lat' dir='ltr'>ducibus</span> <span class='ocrx_word' id='word_1_85' title='bbox 654 1911 751 1978; x_wconf 81' lang='lat' dir='ltr'>Crixo</span> <span class='ocrx_word' id='word_1_86' title='bbox 773 1920 805 1978; x_wconf 91' lang='lat' dir='ltr'>et</span> <span class='ocrx_word' id='word_1_87' title='bbox 828 1912 992 1978; x_wconf 84' lang='lat' dir='ltr'>Oenomao</span> <span class='ocrx_word' id='word_1_88' title='bbox 1016 1910 1121 1979; x_wconf 88' lang='lat' dir='ltr'>Gallis</span> <span class='ocrx_word' id='word_1_89' title='bbox 1143 1918 1176 1978; x_wconf 90' lang='lat' dir='ltr'>et</span> <span class='ocrx_word' id='word_1_90' title='bbox 1197 1913 1293 1995; x_wconf 88' lang='lat' dir='ltr'>Spar-</span> 
     </span>
    </p>

    <p class='ocr_par' dir='ltr' id='par_1_7' title="bbox 99 2020 1294 2328">
     <span class='ocr_line' id='line_1_13' title="bbox 99 2020 1294 2107; baseline 0.002 -22"><span class='ocrx_word' id='word_1_91' title='bbox 99 2024 101 2037; x_wconf 93' lang='lat'>&#39;</span> <span class='ocrx_word' id='word_1_92' title='bbox 152 2030 201 2085; x_wconf 74' lang='lat' dir='ltr'>troo</span> <span class='ocrx_word' id='word_1_93' title='bbox 224 2022 368 2106; x_wconf 84' lang='lat' dir='ltr'>Thrace&gt;</span> <span class='ocrx_word' id='word_1_94' title='bbox 395 2023 572 2090; x_wconf 83' lang='lat' dir='ltr'>Vesuuium</span> <span class='ocrx_word' id='word_1_95' title='bbox 600 2029 740 2088; x_wconf 91' lang='lat' dir='ltr'>montem</span> <span class='ocrx_word' id='word_1_96' title='bbox 770 2027 1018 2107; x_wconf 87' lang='lat' dir='ltr'>occupauerunt.</span> <span class='ocrx_word' id='word_1_97' title='bbox 1071 2020 1156 2088; x_wconf 88' lang='lat' dir='ltr'>unde</span> <span class='ocrx_word' id='word_1_98' title='bbox 1190 2041 1294 2087; x_wconf 88' lang='lat' dir='ltr'>erum-</span> 
     </span>
     <span class='ocr_line' id='line_1_14' title="bbox 154 2132 1294 2218; baseline 0.002 -23"><span class='ocrx_word' id='word_1_99' title='bbox 154 2138 235 2213; x_wconf 85' lang='lat' dir='ltr'>pentes</span> <span class='ocrx_word' id='word_1_100' title='bbox 266 2132 373 2199; x_wconf 92' lang='lat' dir='ltr'>Clodii</span> <span class='ocrx_word' id='word_1_101' title='bbox 406 2133 579 2218; x_wconf 88' lang='lat' dir='ltr'>praetoris,</span> <span class='ocrx_word' id='word_1_102' title='bbox 616 2132 671 2218; x_wconf 93' lang='lat' dir='ltr'>qui</span> <span class='ocrx_word' id='word_1_103' title='bbox 703 2153 758 2200; x_wconf 91' lang='lat' dir='ltr'>eos</span> <span class='ocrx_word' id='word_1_104' title='bbox 790 2132 959 2199; x_wconf 89' lang='lat' dir='ltr'>obsidione</span> <span class='ocrx_word' id='word_1_105' title='bbox 992 2132 1153 2215; x_wconf 85' lang='lat' dir='ltr'>cinxerat,</span> <span class='ocrx_word' id='word_1_106' title='bbox 1186 2139 1294 2198; x_wconf 90' lang='lat' dir='ltr'>eastra</span> 
     </span>
     <span class='ocr_line' id='line_1_15' title="bbox 153 2241 1293 2328; baseline 0.003 -25"><span class='ocrx_word' id='word_1_107' title='bbox 153 2250 386 2326; x_wconf 82' lang='lat' dir='ltr'>expugnauernnt</span> <span class='ocrx_word' id='word_1_108' title='bbox 414 2244 550 2328; x_wconf 89' lang='lat' dir='ltr'>ipsoque</span> <span class='ocrx_word' id='word_1_109' title='bbox 586 2244 620 2309; x_wconf 94' lang='lat' dir='ltr'>in</span> <span class='ocrx_word' id='word_1_110' title='bbox 654 2244 763 2327; x_wconf 85' lang='lat' dir='ltr'>lugam</span> <span class='ocrx_word' id='word_1_111' title='bbox 798 2252 869 2308; x_wconf 88' lang='lat' dir='ltr'>aeto</span> <span class='ocrx_word' id='word_1_112' title='bbox 912 2249 1027 2308; x_wconf 87' lang='lat' dir='ltr'>cuncta</span> <span class='ocrx_word' id='word_1_113' title='bbox 1068 2242 1101 2308; x_wconf 91' lang='lat' dir='ltr'>in</span> <span class='ocrx_word' id='word_1_114' title='bbox 1138 2241 1293 2328; x_wconf 86' lang='lat' dir='ltr'>praedam</span> 
     </span>
    </p>

    <p class='ocr_par' dir='ltr' id='par_1_8' title="bbox 122 2351 1390 2878">
     <span class='ocr_line' id='line_1_16' title="bbox 122 2351 1292 2439; baseline 0.003 -25"><span class='ocrx_word' id='word_1_115' title='bbox 122 2355 312 2419; x_wconf 75' lang='lat' dir='ltr'>tacuerunt.</span> <span class='ocrx_word' id='word_1_116' title='bbox 358 2353 434 2420; x_wconf 91' lang='lat' dir='ltr'>inde</span> <span class='ocrx_word' id='word_1_117' title='bbox 467 2373 525 2438; x_wconf 94' lang='lat' dir='ltr'>per</span> <span class='ocrx_word' id='word_1_118' title='bbox 548 2352 757 2420; x_wconf 80' lang='lat' dir='ltr'>Consentiam</span> <span class='ocrx_word' id='word_1_119' title='bbox 790 2361 822 2419; x_wconf 92' lang='lat' dir='ltr'>et</span> <span class='ocrx_word' id='word_1_120' title='bbox 843 2354 1061 2439; x_wconf 87' lang='lat' dir='ltr'>Metapontum</span> <span class='ocrx_word' id='word_1_121' title='bbox 1084 2351 1292 2418; x_wconf 88' lang='lat' dir='ltr'>circumducti</span> 
     </span>
     <span class='ocr_line' id='line_1_17' title="bbox 151 2458 1388 2549; baseline -0.001 -22"><span class='ocrx_word' id='word_1_122' title='bbox 151 2458 264 2544; x_wconf 57' lang='lat' dir='ltr'>dantia</span> <span class='ocrx_word' id='word_1_123' title='bbox 283 2463 376 2538; x_wconf 86' lang='lat' dir='ltr'>breui</span> <span class='ocrx_word' id='word_1_124' title='bbox 398 2464 530 2549; x_wconf 79' lang='lat' dir='ltr'>agmina</span> <span class='ocrx_word' id='word_1_125' title='bbox 551 2463 757 2548; x_wconf 89' lang='lat' dir='ltr'>collegerunt.</span> <span class='ocrx_word' id='word_1_126' title='bbox 801 2462 893 2546; x_wconf 86' lang='lat' dir='ltr'>&lt;nam</span> <span class='ocrx_word' id='word_1_127' title='bbox 914 2463 1010 2529; x_wconf 84' lang='lat' dir='ltr'>Crixo</span> <span class='ocrx_word' id='word_1_128' title='bbox 1033 2463 1145 2529; x_wconf 87' lang='lat' dir='ltr'>decem</span> <span class='ocrx_word' id='word_1_129' title='bbox 1167 2462 1291 2528; x_wconf 90' lang='lat' dir='ltr'>milium</span> <span class='ocrx_word' id='word_1_130' title='bbox 1385 2492 1388 2498; x_wconf 95' lang='lat'>·</span> 
     </span>
     <span class='ocr_line' id='line_1_18' title="bbox 151 2571 1293 2658; baseline 0.002 -25"><span class='ocrx_word' id='word_1_131' title='bbox 151 2571 295 2653; x_wconf 71' lang='lat' dir='ltr'>adludo,</span> <span class='ocrx_word' id='word_1_132' title='bbox 319 2572 476 2658; x_wconf 88' lang='lat' dir='ltr'>Spartaco</span> <span class='ocrx_word' id='word_1_133' title='bbox 498 2581 605 2638; x_wconf 89' lang='lat' dir='ltr'>autern</span> <span class='ocrx_word' id='word_1_134' title='bbox 627 2574 746 2658; x_wconf 80' lang='lat' dir='ltr'>triplex</span> <span class='ocrx_word' id='word_1_135' title='bbox 772 2581 847 2639; x_wconf 90' lang='lat' dir='ltr'>tuno</span> <span class='ocrx_word' id='word_1_136' title='bbox 874 2593 1025 2642; x_wconf 90' lang='lat' dir='ltr'>numerus</span> <span class='ocrx_word' id='word_1_137' title='bbox 1056 2573 1156 2641; x_wconf 86' lang='lat' dir='ltr'>luisse</span> <span class='ocrx_word' id='word_1_138' title='bbox 1184 2572 1293 2638; x_wconf 83' lang='lat' dir='ltr'>fertur.</span> 
     </span>
     <span class='ocr_line' id='line_1_19' title="bbox 151 2672 1390 2767; baseline -0.002 -22"><span class='ocrx_word' id='word_1_139' title='bbox 151 2676 302 2750; x_wconf 80' lang='lat' dir='ltr'>Oenomaus</span> <span class='ocrx_word' id='word_1_140' title='bbox 335 2683 421 2749; x_wconf 89' lang='lat' dir='ltr'>enim</span> <span class='ocrx_word' id='word_1_141' title='bbox 452 2682 518 2747; x_wconf 89' lang='lat' dir='ltr'>iarn</span> <span class='ocrx_word' id='word_1_142' title='bbox 551 2684 585 2748; x_wconf 91' lang='lat' dir='ltr'>in</span> <span class='ocrx_word' id='word_1_143' title='bbox 617 2685 781 2767; x_wconf 89' lang='lat' dir='ltr'>superiore</span> <span class='ocrx_word' id='word_1_144' title='bbox 816 2684 899 2749; x_wconf 90' lang='lat' dir='ltr'>bello</span> <span class='ocrx_word' id='word_1_145' title='bbox 932 2685 1036 2750; x_wconf 85' lang='lat' dir='ltr'>iuerat</span> <span class='ocrx_word' id='word_1_146' title='bbox 1063 2685 1198 2749; x_wconf 92' lang='lat' dir='ltr'>occisus.</span> <span class='ocrx_word' id='word_1_147' title='bbox 1241 2680 1294 2763; x_wconf 84' lang='lat' dir='ltr'>hi&gt;</span> <span class='ocrx_word' id='word_1_148' title='bbox 1384 2672 1390 2679; x_wconf 77' lang='grc'><strong>’</strong></span> 
     </span>
     <span class='ocr_line' id='line_1_20' title="bbox 150 2786 1290 2878; baseline -0.003 -21"><span class='ocrx_word' id='word_1_149' title='bbox 150 2786 231 2874; x_wconf 82' lang='lat' dir='ltr'>itaque</span> <span class='ocrx_word' id='word_1_150' title='bbox 250 2813 320 2858; x_wconf 93' lang='lat' dir='ltr'>cum</span> <span class='ocrx_word' id='word_1_151' title='bbox 343 2792 497 2859; x_wconf 91' lang='lat' dir='ltr'>caedibus</span> <span class='ocrx_word' id='word_1_152' title='bbox 519 2791 677 2859; x_wconf 85' lang='lat' dir='ltr'>incendiis</span> <span class='ocrx_word' id='word_1_153' title='bbox 699 2794 823 2878; x_wconf 92' lang='lat' dir='ltr'>rapinis</span> <span class='ocrx_word' id='word_1_154' title='bbox 847 2795 1031 2878; x_wconf 87' lang='lat' dir='ltr'>stuprisque</span> <span class='ocrx_word' id='word_1_155' title='bbox 1054 2793 1162 2857; x_wconf 89' lang='lat' dir='ltr'>omnia</span> <span class='ocrx_word' id='word_1_156' title='bbox 1177 2791 1290 2857; x_wconf 87' lang='lat' dir='ltr'>misce-</span> 
     </span>
    </p>

    <p class='ocr_par' dir='ltr' id='par_1_9' title="bbox 110 2899 1292 3648">
     <span class='ocr_line' id='line_1_21' title="bbox 114 2899 1292 2988; baseline -0.001 -24"><span class='ocrx_word' id='word_1_157' title='bbox 114 2902 202 2965; x_wconf 66' lang='lat' dir='ltr'>bont</span> <span class='ocrx_word' id='word_1_158' title='bbox 222 2901 267 2984; x_wconf 85' lang='lat' dir='ltr'>&lt;in</span> <span class='ocrx_word' id='word_1_159' title='bbox 295 2903 443 2988; x_wconf 82' lang='lat' dir='ltr'>exequiis</span> <span class='ocrx_word' id='word_1_160' title='bbox 472 2903 620 2987; x_wconf 88' lang='lat' dir='ltr'>captiuae</span> <span class='ocrx_word' id='word_1_161' title='bbox 649 2912 824 2983; x_wconf 89' lang='lat' dir='ltr'>matronae,</span> <span class='ocrx_word' id='word_1_162' title='bbox 858 2924 941 2987; x_wconf 88' lang='lat' dir='ltr'>quae</span> <span class='ocrx_word' id='word_1_163' title='bbox 974 2924 1009 2968; x_wconf 90' lang='lat' dir='ltr'>se</span> <span class='ocrx_word' id='word_1_164' title='bbox 1038 2902 1149 2967; x_wconf 90' lang='lat' dir='ltr'>doloro</span> <span class='ocrx_word' id='word_1_165' title='bbox 1180 2899 1292 2964; x_wconf 87' lang='lat' dir='ltr'>uiolati</span> 
     </span>
     <span class='ocr_line' id='line_1_22' title="bbox 149 3009 1292 3097; baseline 0.001 -25"><span class='ocrx_word' id='word_1_166' title='bbox 149 3010 254 3091; x_wconf 85' lang='lat' dir='ltr'>pudoris</span> <span class='ocrx_word' id='word_1_167' title='bbox 273 3022 456 3095; x_wconf 89' lang='lat' dir='ltr'>neeauerat,</span> <span class='ocrx_word' id='word_1_168' title='bbox 487 3034 602 3079; x_wconf 91' lang='lat' dir='ltr'>munus</span> <span class='ocrx_word' id='word_1_169' title='bbox 625 3012 840 3097; x_wconf 89' lang='lat' dir='ltr'>gladiatorum</span> <span class='ocrx_word' id='word_1_170' title='bbox 863 3034 902 3079; x_wconf 86' lang='lat' dir='ltr'>ox</span> <span class='ocrx_word' id='word_1_171' title='bbox 926 3012 1171 3096; x_wconf 88' lang='lat' dir='ltr'>quadringentis</span> <span class='ocrx_word' id='word_1_172' title='bbox 1193 3009 1292 3094; x_wconf 89' lang='lat' dir='ltr'>capti-</span> 
     </span>
     <span class='ocr_line' id='line_1_23' title="bbox 147 3119 1291 3208; baseline 0.003 -26"><span class='ocrx_word' id='word_1_173' title='bbox 147 3119 185 3185; x_wconf 90' lang='lat' dir='ltr'>uis</span> <span class='ocrx_word' id='word_1_174' title='bbox 201 3124 312 3190; x_wconf 87' lang='lat' dir='ltr'>scilieet</span> <span class='ocrx_word' id='word_1_175' title='bbox 335 3130 366 3189; x_wconf 91' lang='lat' dir='ltr'>et</span> <span class='ocrx_word' id='word_1_176' title='bbox 387 3123 473 3208; x_wconf 91' lang='lat' dir='ltr'>qnod</span> <span class='ocrx_word' id='word_1_177' title='bbox 495 3123 664 3207; x_wconf 78' lang='lat' dir='ltr'>spectandi</span> <span class='ocrx_word' id='word_1_178' title='bbox 686 3124 814 3188; x_wconf 83' lang='lat' dir='ltr'>inerant</span> <span class='ocrx_word' id='word_1_179' title='bbox 836 3123 1011 3208; x_wconf 90' lang='lat' dir='ltr'>spectaturi</span> <span class='ocrx_word' id='word_1_180' title='bbox 1026 3130 1136 3208; x_wconf 85' lang='lat' dir='ltr'>utpote</span> <span class='ocrx_word' id='word_1_181' title='bbox 1150 3121 1291 3187; x_wconf 90' lang='lat' dir='ltr'>lanistae</span> 
     </span>
     <span class='ocr_line' id='line_1_24' title="bbox 146 3229 1290 3320; baseline 0 -24"><span class='ocrx_word' id='word_1_182' title='bbox 146 3229 332 3311; x_wconf 71' lang='lat' dir='ltr'>gladiatorum</span> <span class='ocrx_word' id='word_1_183' title='bbox 354 3233 462 3320; x_wconf 90' lang='lat' dir='ltr'>potius</span> <span class='ocrx_word' id='word_1_184' title='bbox 485 3253 581 3318; x_wconf 88' lang='lat' dir='ltr'>quam</span> <span class='ocrx_word' id='word_1_185' title='bbox 604 3233 739 3297; x_wconf 91' lang='lat' dir='ltr'>militum</span> <span class='ocrx_word' id='word_1_186' title='bbox 763 3234 926 3318; x_wconf 90' lang='lat' dir='ltr'>principes</span> <span class='ocrx_word' id='word_1_187' title='bbox 948 3232 1127 3299; x_wconf 91' lang='lat' dir='ltr'>ediderunt.</span> <span class='ocrx_word' id='word_1_188' title='bbox 1172 3230 1290 3297; x_wconf 89' lang='lat' dir='ltr'>deinde</span> 
     </span>
     <span class='ocr_line' id='line_1_25' title="bbox 146 3340 1290 3410; baseline 0.002 -9"><span class='ocrx_word' id='word_1_189' title='bbox 146 3343 268 3410; x_wconf 78' lang='lat' dir='ltr'>musuleo</span> <span class='ocrx_word' id='word_1_190' title='bbox 283 3343 409 3410; x_wconf 85' lang='lat' dir='ltr'>Gellius</span> <span class='ocrx_word' id='word_1_191' title='bbox 431 3352 462 3408; x_wconf 91' lang='lat' dir='ltr'>et</span> <span class='ocrx_word' id='word_1_192' title='bbox 476 3344 632 3409; x_wconf 88' lang='lat' dir='ltr'>Lentulus</span> <span class='ocrx_word' id='word_1_193' title='bbox 654 3343 826 3409; x_wconf 89' lang='lat' dir='ltr'>aduersum</span> <span class='ocrx_word' id='word_1_194' title='bbox 850 3363 905 3410; x_wconf 89' lang='lat' dir='ltr'>eos</span> <span class='ocrx_word' id='word_1_195' title='bbox 928 3363 999 3408; x_wconf 92' lang='lat' dir='ltr'>cnm</span> <span class='ocrx_word' id='word_1_196' title='bbox 1023 3342 1166 3409; x_wconf 86' lang='lat' dir='ltr'>exercitu</span> <span class='ocrx_word' id='word_1_197' title='bbox 1188 3340 1290 3406; x_wconf 90' lang='lat' dir='ltr'>missi.</span> 
     </span>
     <span class='ocr_line' id='line_1_26' title="bbox 110 3450 1290 3538; baseline 0.002 -26"><span class='ocrx_word' id='word_1_198' title='bbox 110 3450 253 3530; x_wconf 69' lang='lat' dir='ltr'>liquorum</span> <span class='ocrx_word' id='word_1_199' title='bbox 274 3453 399 3520; x_wconf 86' lang='lat' dir='ltr'>Gellius</span> <span class='ocrx_word' id='word_1_200' title='bbox 423 3452 555 3518; x_wconf 81' lang='lat' dir='ltr'>Crixum</span> <span class='ocrx_word' id='word_1_201' title='bbox 577 3454 731 3518; x_wconf 88' lang='lat' dir='ltr'>acerrime</span> <span class='ocrx_word' id='word_1_202' title='bbox 753 3463 951 3537; x_wconf 89' lang='lat' dir='ltr'>pugnantem</span> <span class='ocrx_word' id='word_1_203' title='bbox 974 3453 1096 3538; x_wconf 89' lang='lat' dir='ltr'>proelio</span> <span class='ocrx_word' id='word_1_204' title='bbox 1118 3450 1290 3536; x_wconf 85' lang='lat' dir='ltr'>oppressit.</span> 
     </span>
     <span class='ocr_line' id='line_1_27' title="bbox 143 3555 1290 3648; baseline 0.003 -25"><span class='ocrx_word' id='word_1_205' title='bbox 143 3555 272 3630; x_wconf 75' lang='lat' dir='ltr'>lentulus</span> <span class='ocrx_word' id='word_1_206' title='bbox 303 3583 325 3628; x_wconf 91' lang='lat' dir='ltr'>a</span> <span class='ocrx_word' id='word_1_207' title='bbox 356 3564 512 3648; x_wconf 85' lang='lat' dir='ltr'>Spartaco</span> <span class='ocrx_word' id='word_1_208' title='bbox 545 3568 717 3648; x_wconf 89' lang='lat' dir='ltr'>superatus</span> <span class='ocrx_word' id='word_1_209' title='bbox 751 3564 883 3647; x_wconf 80' lang='lat' dir='ltr'>aufugit.</span> <span class='ocrx_word' id='word_1_210' title='bbox 938 3572 1013 3648; x_wconf 92' lang='lat' dir='ltr'>post</span> <span class='ocrx_word' id='word_1_211' title='bbox 1034 3565 1131 3629; x_wconf 91' lang='lat' dir='ltr'>etiam</span> <span class='ocrx_word' id='word_1_212' title='bbox 1154 3561 1290 3626; x_wconf 85' lang='lat' dir='ltr'>conlatis</span> 
     </span>
    </p>
   </div>
   <div class='ocr_carea' id='block_1_3' title="bbox 140 3866 1290 4870">
    <p class='ocr_par' dir='ltr' id='par_1_10' title="bbox 140 3866 1290 4870">
     <span class='ocr_line' id='line_1_28' title="bbox 195 3866 1290 3937; baseline -0.001 -18"><span class='ocrx_word' id='word_1_213' title='bbox 195 3870 310 3937; x_wconf 83' lang='lat' dir='ltr'>lprrato</span> <span class='ocrx_word' id='word_1_214' title='bbox 335 3869 445 3923; x_wconf 86' lang='lat' dir='ltr'>rubente</span> <span class='ocrx_word' id='word_1_215' title='bbox 467 3868 660 3924; x_wconf 78' lang='lat' dir='ltr'>tranlirlurtl)</span> <span class='ocrx_word' id='word_1_216' title='bbox 762 3866 973 3922; x_wconf 78' lang='lat' dir='ltr'>lcomrllel)</span> <span class='ocrx_word' id='word_1_217' title='bbox 1081 3867 1194 3920; x_wconf 77' lang='lat' dir='ltr'>turlut</span> <span class='ocrx_word' id='word_1_218' title='bbox 1216 3882 1290 3919; x_wconf 89' lang='lat' dir='ltr'>rome</span> 
     </span>
     <span class='ocr_line' id='line_1_29' title="bbox 140 3952 1290 4031; baseline -0.005 -17"><span class='ocrx_word' id='word_1_219' title='bbox 140 3952 242 4017; x_wconf 56' lang='lat' dir='ltr'>&amp;lxxmo</span> <span class='ocrx_word' id='word_1_220' title='bbox 259 3960 265 4026; x_wconf 91' lang='grc' dir='ltr'>Ι</span> <span class='ocrx_word' id='word_1_221' title='bbox 282 3960 392 4031; x_wconf 55' lang='lat' dir='ltr'>rupe</span> <span class='ocrx_word' id='word_1_222' title='bbox 461 3962 663 4019; x_wconf 76' lang='lat' dir='ltr'>ldrlrcrnmni</span> <span class='ocrx_word' id='word_1_223' title='bbox 683 3961 711 4015; x_wconf 87' lang='grc' dir='ltr'><em>Β</em></span> <span class='ocrx_word' id='word_1_224' title='bbox 780 3962 956 4016; x_wconf 85' lang='lat' dir='ltr'>contubnnul&#39;</span> <span class='ocrx_word' id='word_1_225' title='bbox 976 3959 1004 4014; x_wconf 96' lang='grc' dir='ltr'><em>Β</em></span> <span class='ocrx_word' id='word_1_226' title='bbox 1093 3965 1121 4012; x_wconf 84' lang='lat' dir='ltr'>le</span> <span class='ocrx_word' id='word_1_227' title='bbox 1149 3959 1197 4011; x_wconf 83' lang='lat' dir='ltr'>lxx</span> <span class='ocrx_word' id='word_1_228' title='bbox 1222 3972 1290 4010; x_wconf 76' lang='lat' dir='ltr'>enim</span> 
     </span>
     <span class='ocr_line' id='line_1_30' title="bbox 141 4044 1286 4126; baseline -0.005 -19"><span class='ocrx_word' id='word_1_229' title='bbox 141 4044 282 4118; x_wconf 71' lang='lat' dir='ltr'>&amp;quattuor</span> <span class='ocrx_word' id='word_1_230' title='bbox 295 4059 301 4126; x_wconf 98' lang='grc' dir='ltr'>Ι</span> <span class='ocrx_word' id='word_1_231' title='bbox 315 4054 479 4125; x_wconf 79' lang='lat' dir='ltr'>gladiatores</span> <span class='ocrx_word' id='word_1_232' title='bbox 494 4056 521 4110; x_wconf 95' lang='grc' dir='ltr'><em>Β</em></span> <span class='ocrx_word' id='word_1_233' title='bbox 583 4058 682 4108; x_wconf 76' lang='lat' dir='ltr'>lli-lt</span> <span class='ocrx_word' id='word_1_234' title='bbox 694 4053 734 4108; x_wconf 85' lang='lat' dir='ltr'>D:</span> <span class='ocrx_word' id='word_1_235' title='bbox 753 4054 866 4108; x_wconf 81' lang='lat' dir='ltr'>ducibus</span> <span class='ocrx_word' id='word_1_236' title='bbox 881 4061 993 4123; x_wconf 89' lang='lat' dir='ltr'>partaco</span> <span class='ocrx_word' id='word_1_237' title='bbox 1013 4068 1086 4107; x_wconf 83' lang='lat' dir='ltr'>crrxo</span> <span class='ocrx_word' id='word_1_238' title='bbox 1105 4051 1128 4103; x_wconf 73' lang='lat' dir='ltr'>d</span> <span class='ocrx_word' id='word_1_239' title='bbox 1146 4046 1286 4116; x_wconf 79' lang='lat' dir='ltr'>oenolmao</span> 
     </span>
     <span class='ocr_line' id='line_1_31' title="bbox 142 4141 1290 4219; baseline -0.005 -17"><span class='ocrx_word' id='word_1_240' title='bbox 142 4141 229 4202; x_wconf 63' lang='lat' dir='ltr'>tincto</span> <span class='ocrx_word' id='word_1_241' title='bbox 245 4164 330 4219; x_wconf 72' lang='lat' dir='ltr'>capue</span> <span class='ocrx_word' id='word_1_242' title='bbox 348 4148 413 4204; x_wconf 91' lang='lat' dir='ltr'>ludo</span> <span class='ocrx_word' id='word_1_243' title='bbox 431 4148 557 4217; x_wconf 84' lang='lat' dir='ltr'>fugerunt</span> <span class='ocrx_word' id='word_1_244' title='bbox 575 4148 602 4202; x_wconf 95' lang='grc' dir='ltr'><em>Β</em></span> <span class='ocrx_word' id='word_1_245' title='bbox 707 4152 737 4201; x_wconf 89' lang='grc'>10</span> <span class='ocrx_word' id='word_1_246' title='bbox 760 4156 826 4218; x_wconf 81' lang='lat' dir='ltr'>post</span> <span class='ocrx_word' id='word_1_247' title='bbox 843 4148 953 4202; x_wconf 89' lang='lat' dir='ltr'>Lentul1</span> <span class='ocrx_word' id='word_1_248' title='bbox 970 4147 1032 4201; x_wconf 84' lang='lat' dir='ltr'>odd.</span> <span class='ocrx_word' id='word_1_249' title='bbox 1052 4146 1148 4200; x_wconf 85' lang='lat' dir='ltr'>ellecto</span> <span class='ocrx_word' id='word_1_250' title='bbox 1167 4160 1238 4213; x_wconf 89' lang='lat' dir='ltr'>capu</span> <span class='ocrx_word' id='word_1_251' title='bbox 1256 4142 1290 4206; x_wconf 83' lang='grc' dir='ltr'>Ι),</span> 
     </span>
     <span class='ocr_line' id='line_1_32' title="bbox 142 4234 1289 4312; baseline -0.005 -16"><span class='ocrx_word' id='word_1_252' title='bbox 142 4234 227 4295; x_wconf 67' lang='lat' dir='ltr'>effracto</span> <span class='ocrx_word' id='word_1_253' title='bbox 250 4258 319 4312; x_wconf 84' lang='lat' dir='ltr'>capu</span> <span class='ocrx_word' id='word_1_254' title='bbox 344 4242 384 4306; x_wconf 84' lang='grc' dir='ltr'>Ρ,</span> <span class='ocrx_word' id='word_1_255' title='bbox 408 4241 447 4308; x_wconf 83' lang='lat' dir='ltr'>cs.</span> <span class='ocrx_word' id='word_1_256' title='bbox 470 4241 602 4297; x_wconf 66' lang='lat' dir='ltr'>Gruterus</span> <span class='ocrx_word' id='word_1_257' title='bbox 707 4245 734 4293; x_wconf 95' lang='grc'>11</span> <span class='ocrx_word' id='word_1_258' title='bbox 755 4256 868 4310; x_wconf 78' lang='lat' dir='ltr'>ynomao</span> <span class='ocrx_word' id='word_1_259' title='bbox 888 4241 940 4296; x_wconf 84' lang='grc' dir='ltr'>ΒΡ</span> <span class='ocrx_word' id='word_1_260' title='bbox 1043 4245 1072 4293; x_wconf 76' lang='lat' dir='ltr'>ll</span> <span class='ocrx_word' id='word_1_261' title='bbox 1092 4239 1230 4293; x_wconf 85' lang='lat' dir='ltr'>belubrum</span> <span class='ocrx_word' id='word_1_262' title='bbox 1246 4237 1289 4301; x_wconf 87' lang='lat' dir='ltr'>Il,</span> 
     </span>
     <span class='ocr_line' id='line_1_33' title="bbox 144 4329 1289 4402; baseline 0.003 -25"><span class='ocrx_word' id='word_1_263' title='bbox 144 4329 277 4398; x_wconf 79' lang='lat' dir='ltr'>netulbrnm</span> <span class='ocrx_word' id='word_1_264' title='bbox 304 4336 332 4390; x_wconf 91' lang='lat' dir='ltr'><em>B</em></span> <span class='ocrx_word' id='word_1_265' title='bbox 438 4339 468 4388; x_wconf 86' lang='grc'>13</span> <span class='ocrx_word' id='word_1_266' title='bbox 494 4333 682 4388; x_wconf 83' lang='lat' dir='ltr'>crncueratB</span> <span class='ocrx_word' id='word_1_267' title='bbox 787 4338 817 4388; x_wconf 87' lang='grc'>16</span> <span class='ocrx_word' id='word_1_268' title='bbox 842 4334 999 4402; x_wconf 79' lang='lat' dir='ltr'>colligarunt</span> <span class='ocrx_word' id='word_1_269' title='bbox 1017 4333 1071 4387; x_wconf 83' lang='lat' dir='ltr'>BI)</span> <span class='ocrx_word' id='word_1_270' title='bbox 1176 4335 1205 4383; x_wconf 85' lang='lat'>18</span> <span class='ocrx_word' id='word_1_271' title='bbox 1223 4344 1289 4398; x_wconf 75' lang='lat' dir='ltr'>yne-</span> 
     </span>
     <span class='ocr_line' id='line_1_34' title="bbox 143 4424 1290 4496; baseline 0.002 -24"><span class='ocrx_word' id='word_1_272' title='bbox 143 4424 238 4480; x_wconf 80' lang='lat' dir='ltr'>muto</span> <span class='ocrx_word' id='word_1_273' title='bbox 322 4432 353 4482; x_wconf 81' lang='grc'>19</span> <span class='ocrx_word' id='word_1_274' title='bbox 375 4429 485 4482; x_wconf 77' lang='lat' dir='ltr'>miscere</span> <span class='ocrx_word' id='word_1_275' title='bbox 503 4427 529 4481; x_wconf 89' lang='grc' dir='ltr'><em>Β</em></span> <span class='ocrx_word' id='word_1_276' title='bbox 620 4430 749 4489; x_wconf 79' lang='grc'><strong>111-132,</strong></span> <span class='ocrx_word' id='word_1_277' title='bbox 772 4433 800 4480; x_wconf 78' lang='lat' dir='ltr'>le</span> <span class='ocrx_word' id='word_1_278' title='bbox 824 4428 857 4496; x_wconf 84' lang='lat'>&lt;&gt;</span> <span class='ocrx_word' id='word_1_279' title='bbox 881 4426 921 4480; x_wconf 72' lang='lat' dir='ltr'>ll:</span> <span class='ocrx_word' id='word_1_280' title='bbox 946 4426 1081 4495; x_wconf 87' lang='lat' dir='ltr'>multeque</span> <span class='ocrx_word' id='word_1_281' title='bbox 1108 4426 1133 4478; x_wconf 88' lang='lat' dir='ltr'>le</span> <span class='ocrx_word' id='word_1_282' title='bbox 1148 4426 1153 4493; x_wconf 93' lang='grc' dir='ltr'>Ι</span> <span class='ocrx_word' id='word_1_283' title='bbox 1168 4428 1290 4476; x_wconf 88' lang='lat' dir='ltr'>matrone</span> 
     </span>
     <span class='ocr_line' id='line_1_35' title="bbox 145 4510 1287 4592; baseline -0.001 -23"><span class='ocrx_word' id='word_1_284' title='bbox 145 4510 283 4576; x_wconf 79' lang='lat' dir='ltr'>obdolorem</span> <span class='ocrx_word' id='word_1_285' title='bbox 300 4521 412 4592; x_wconf 73' lang='lat' dir='ltr'>pudoris</span> <span class='ocrx_word' id='word_1_286' title='bbox 427 4522 522 4576; x_wconf 85' lang='lat' dir='ltr'>urolatr</span> <span class='ocrx_word' id='word_1_287' title='bbox 537 4523 541 4586; x_wconf 95' lang='grc' dir='ltr'>Ι</span> <span class='ocrx_word' id='word_1_288' title='bbox 557 4525 697 4575; x_wconf 85' lang='lat' dir='ltr'>necarent·</span> <span class='ocrx_word' id='word_1_289' title='bbox 710 4535 796 4589; x_wconf 86' lang='lat' dir='ltr'>poene</span> <span class='ocrx_word' id='word_1_290' title='bbox 815 4535 869 4573; x_wconf 95' lang='lat' dir='ltr'>non</span> <span class='ocrx_word' id='word_1_291' title='bbox 887 4519 972 4573; x_wconf 86' lang='lat' dir='ltr'>leurul</span> <span class='ocrx_word' id='word_1_292' title='bbox 988 4519 1086 4573; x_wconf 90' lang='lat' dir='ltr'>bellum</span> <span class='ocrx_word' id='word_1_293' title='bbox 1104 4533 1131 4570; x_wconf 90' lang='lat' dir='ltr'>rn</span> <span class='ocrx_word' id='word_1_294' title='bbox 1149 4532 1180 4570; x_wconf 87' lang='lat' dir='ltr'>oa</span> <span class='ocrx_word' id='word_1_295' title='bbox 1192 4520 1196 4585; x_wconf 99' lang='grc' dir='ltr'>Ι</span> <span class='ocrx_word' id='word_1_296' title='bbox 1208 4530 1287 4584; x_wconf 86' lang='lat' dir='ltr'>quarn</span> 
     </span>
     <span class='ocr_line' id='line_1_36' title="bbox 145 4608 1287 4681; baseline -0.002 -16"><span class='ocrx_word' id='word_1_297' title='bbox 145 4608 380 4669; x_wconf 64' lang='lat' dir='ltr'>*intumuerunt</span> <span class='ocrx_word' id='word_1_298' title='bbox 397 4639 402 4650; x_wconf 90' lang='lat'><strong>·</strong></span> <span class='ocrx_word' id='word_1_299' title='bbox 417 4614 488 4668; x_wconf 85' lang='lat' dir='ltr'>Nam</span> <span class='ocrx_word' id='word_1_300' title='bbox 504 4617 508 4681; x_wconf 97' lang='grc' dir='ltr'>Ι</span> <span class='ocrx_word' id='word_1_301' title='bbox 523 4614 612 4667; x_wconf 83' lang='lat' dir='ltr'>multrl</span> <span class='ocrx_word' id='word_1_302' title='bbox 628 4612 742 4667; x_wconf 76' lang='lat' dir='ltr'>ducibui</span> <span class='ocrx_word' id='word_1_303' title='bbox 757 4613 780 4666; x_wconf 76' lang='lat' dir='ltr'>de</span> <span class='ocrx_word' id='word_1_304' title='bbox 798 4611 903 4666; x_wconf 81' lang='lat' dir='ltr'>duobus</span> <span class='ocrx_word' id='word_1_305' title='bbox 919 4612 993 4665; x_wconf 82' lang='lat' dir='ltr'>irmul</span> <span class='ocrx_word' id='word_1_306' title='bbox 1010 4627 1085 4665; x_wconf 92' lang='lat' dir='ltr'>roma</span> <span class='ocrx_word' id='word_1_307' title='bbox 1096 4616 1205 4674; x_wconf 84' lang='lat' dir='ltr'>lnorunn</span> <span class='ocrx_word' id='word_1_308' title='bbox 1223 4625 1287 4663; x_wconf 89' lang='lat' dir='ltr'>con-</span> 
     </span>
     <span class='ocr_line' id='line_1_37' title="bbox 148 4694 1287 4774; baseline 0.007 -27"><span class='ocrx_word' id='word_1_309' title='bbox 148 4694 220 4757; x_wconf 82' lang='lat' dir='ltr'>uhtu</span> <span class='ocrx_word' id='word_1_310' title='bbox 232 4709 308 4762; x_wconf 84' lang='lat' dir='ltr'>urctrt</span> <span class='ocrx_word' id='word_1_311' title='bbox 322 4708 352 4761; x_wconf 88' lang='lat' dir='ltr'>lx</span> <span class='ocrx_word' id='word_1_312' title='bbox 369 4706 428 4761; x_wconf 80' lang='lat' dir='ltr'>lere</span> <span class='ocrx_word' id='word_1_313' title='bbox 445 4707 545 4761; x_wconf 87' lang='lat' dir='ltr'>rnrlrum</span> <span class='ocrx_word' id='word_1_314' title='bbox 560 4712 565 4774; x_wconf 96' lang='grc' dir='ltr'>Ι</span> <span class='ocrx_word' id='word_1_315' title='bbox 581 4712 745 4760; x_wconf 89' lang='lat' dir='ltr'>armatorum</span> <span class='ocrx_word' id='word_1_316' title='bbox 769 4711 917 4759; x_wconf 77' lang='lat' dir='ltr'>exereitum</span> <span class='ocrx_word' id='word_1_317' title='bbox 944 4712 1174 4773; x_wconf 88' lang='lat' dir='ltr'>congregaueruut</span> <span class='ocrx_word' id='word_1_318' title='bbox 1188 4705 1197 4770; x_wconf 94' lang='grc' dir='ltr'>ΙΙ</span> <span class='ocrx_word' id='word_1_319' title='bbox 1209 4708 1287 4756; x_wconf 89' lang='lat' dir='ltr'>urctr-</span> 
     </span>
     <span class='ocr_line' id='line_1_38' title="bbox 146 4794 1289 4870; baseline -0.006 -16"><span class='ocrx_word' id='word_1_320' title='bbox 146 4802 183 4854; x_wconf 76' lang='lat' dir='ltr'>qur</span> <span class='ocrx_word' id='word_1_321' title='bbox 195 4796 244 4852; x_wconf 85' lang='lat' dir='ltr'>lunt</span> <span class='ocrx_word' id='word_1_322' title='bbox 259 4817 285 4854; x_wconf 90' lang='lat' dir='ltr'>rn</span> <span class='ocrx_word' id='word_1_323' title='bbox 302 4800 396 4870; x_wconf 77' lang='lat' dir='ltr'>apulia</span> <span class='ocrx_word' id='word_1_324' title='bbox 413 4815 430 4854; x_wconf 88' lang='lat' dir='ltr'>a</span> <span class='ocrx_word' id='word_1_325' title='bbox 446 4815 536 4855; x_wconf 85' lang='lat' dir='ltr'>marco</span> <span class='ocrx_word' id='word_1_326' title='bbox 547 4800 654 4854; x_wconf 88' lang='lat' dir='ltr'>lrcrnnro</span> <span class='ocrx_word' id='word_1_327' title='bbox 672 4800 676 4866; x_wconf 94' lang='grc' dir='ltr'>Ι</span> <span class='ocrx_word' id='word_1_328' title='bbox 692 4800 777 4852; x_wconf 80' lang='lat' dir='ltr'>cralto</span> <span class='ocrx_word' id='word_1_329' title='bbox 788 4798 945 4867; x_wconf 84' lang='lat' dir='ltr'>proconsule</span> <span class='ocrx_word' id='word_1_330' title='bbox 957 4823 961 4834; x_wconf 95' lang='lat'>·</span> <span class='ocrx_word' id='word_1_331' title='bbox 973 4798 999 4851; x_wconf 92' lang='lat' dir='ltr'><em>B</em></span> <span class='ocrx_word' id='word_1_332' title='bbox 1052 4802 1083 4851; x_wconf 80' lang='grc'>21</span> <span class='ocrx_word' id='word_1_333' title='bbox 1091 4805 1117 4852; x_wconf 79' lang='lat' dir='ltr'>et</span> <span class='ocrx_word' id='word_1_334' title='bbox 1127 4802 1158 4851; x_wconf 77' lang='grc'>15</span> <span class='ocrx_word' id='word_1_335' title='bbox 1171 4794 1289 4865; x_wconf 84' lang='lat' dir='ltr'>gelrulD</span> 
     </span>
    </p>
   </div>
   <div class='ocr_carea' id='block_1_4' title="bbox 1043 4906 1080 4952">
    <p class='ocr_par' dir='ltr' id='par_1_11' title="bbox 1043 4906 1080 4952">
     <span class='ocr_line' id='line_1_39' title="bbox 1043 4906 1080 4952; baseline 0 -19"><span class='ocrx_word' id='word_1_336' title='bbox 1043 4906 1080 4952; x_wconf 59' lang='lat' dir='ltr'>(JC</span> 
     </span>
    </p>
   </div>
   <div class='ocr_carea' id='block_1_5' title="bbox 0 0 1422 5394">
    <p class='ocr_par' dir='ltr' id='par_1_12' title="bbox 0 0 1422 5394">
     <span class='ocr_line' id='line_1_40' title="bbox 0 0 1422 5394; baseline 0 1"><span class='ocrx_word' id='word_1_337' title='bbox 0 0 1422 5394; x_wconf 95' lang='lat' dir='ltr'> </span> 
     </span>
    </p>
   </div>
  </div>
 </body>
</html>
