2834 5394
517 737 590 786 can.
612 736 738 786 111-v11
1192 725 1256 788 467

81 890 125 957 tis
145 890 326 974 uinetisque
348 890 461 956 solutis
484 889 518 955 in
533 890 678 956 amiram
700 891 870 956 irruerunt.
914 911 978 974 quo
1000 897 1166 975 perempto
1188 911 1255 956 nna

82 1021 152 1066 enm
175 1000 227 1067 his
249 999 304 1084 qui
325 1019 398 1064 rum
420 1019 458 1065 eo
481 1007 574 1066 erant
594 1006 892 1086 praeparaturaque
915 1000 1001 1065 omni
1017 1000 1085 1084 igni
1100 999 1256 1067 mandata

80 1110 116 1176 in
136 1109 329 1176 Romaniam
357 1109 489 1195 nauigio
516 1111 724 1179 transierunt.
766 1129 878 1176 uerum
905 1116 1015 1177 tamen
1043 1128 1104 1176 nee
1131 1110 1179 1178 sic
1206 1109 1255 1175 illi

81 1220 124 1286 ab
145 1219 260 1287 eadem
281 1229 517 1305 praeparatura
543 1219 761 1288 construenda
788 1228 998 1288 cessauerant
1024 1219 1084 1287 aed
1104 1219 1258 1288 Maulrias

51 1329 212 1416 squidem
228 1329 346 1395 militat
367 1337 481 1396 oonua
495 1330 691 1399 Caesaream
707 1329 945 1416 Cappadociae.
981 1328 1161 1397 Abulathar
1176 1349 1253 1396 uero

84 1439 210 1509 fabrum
231 1440 359 1507 naualis
381 1446 559 1508 structurae
581 1440 753 1522 constitnit,
781 1441 837 1525 qui
859 1440 995 1507 ueniens
1016 1441 1051 1505 in
1072 1439 1177 1505 locum
1199 1459 1253 1505 uo

82 1550 197 1616 cabulo
219 1550 413 1616 Phoenicem
435 1550 555 1635 Lyciae
583 1550 639 1616 ubi
669 1557 740 1616 erat
761 1549 923 1617 Constans
954 1549 1130 1634 imperator
1155 1556 1253 1634 atque

82 1660 255 1726 Romaious
277 1661 378 1728 stolus
400 1679 473 1725 oum
494 1679 533 1727 eo
555 1660 716 1728 naualiter
729 1659 912 1745 pugnaturi.
956 1678 1092 1744 eumque
1111 1660 1251 1725 futurum
1273 1654 1320 1722 VI

82 1778 169 1837 esset
189 1777 226 1836 nt
245 1771 421 1855 imperator
441 1790 513 1836 cnm
535 1770 606 1856 ipso
629 1770 760 1854 nauigio
774 1769 997 1855 praeliaretur,
1020 1770 1253 1854 contemplatur
1288 1844 1291 1851 ,

37 1899 67 1952 ro
82 1886 177 1946 nocte
198 1879 256 1946 illa
276 1881 381 1946 uisum
411 1881 482 1965 ipse
510 1879 662 1946 uidelicet
682 1879 770 1962 apud
792 1878 1112 1947 Thessalonicenses.
1155 1899 1252 1963 porro

82 1989 227 2055 narrauit
248 1989 375 2055 cuidam
398 1989 570 2056 coniectori
593 1989 788 2056 somniorum
816 1989 1062 2073 expergefaetus
1084 1989 1253 2056 uisionem.

84 2098 138 2183 qui
160 2099 206 2165 ait
228 2098 257 2165 ‘o
279 2100 454 2184 imperator
475 2099 597 2165 utinam
618 2118 679 2165 nee
700 2098 877 2167 dormisses
897 2116 959 2165 nee
980 2099 1140 2165 somnium
1161 2117 1255 2182 aspe-

83 2208 199 2275 xisses.
222 2228 297 2274 nam
319 2229 393 2277 esse
406 2209 660 2276 Thessalonicae
681 2209 747 2286 θὲς
762 2205 851 2294 ἄλλῳ
863 2207 924 2295 τὴν
939 2212 1034 2294 νίκην
1047 2208 1152 2274 innuit
1166 2205 1255 2291 quod

84 2317 313 2403 interpretatur
339 2338 441 2404 pone
469 2319 542 2384 alii
563 2319 780 2384 uictoriam
801 2317 834 2384 id
857 2325 909 2386 est
927 2316 970 2383 ad
985 2317 1149 2383 inimicum
1163 2323 1254 2383 tuum

36 2445 68 2497 ts
83 2428 218 2493 uictoria
239 2428 429 2495 reuertitur!
472 2446 552 2495 sane
578 2428 753 2514 imperator
780 2427 862 2494 nihil
890 2427 1061 2494 inueniena
1088 2426 1133 2494 ad
1160 2445 1280 2513 proe-¹

82 2537 160 2602 lium
181 2538 310 2606 naualis
331 2557 459 2621 pugnae
473 2539 688 2605 Romanorum
710 2539 833 2606 classes
855 2537 1052 2622 praestruxit
1065 2536 1109 2602 ad
1123 2536 1254 2602 bellum.

83 2646 198 2731 quibus
225 2648 259 2713 in
288 2648 474 2713 alterutrum
502 2647 697 2714 irruentibus
725 2653 919 2731 superantur
946 2646 1082 2713 Romani
1109 2653 1141 2712 et
1168 2665 1255 2712 com-

83 2757 216 2823 mixtum
247 2757 383 2823 eflicitur
414 2777 501 2823 mare
535 2758 693 2841 sanguine
724 2759 950 2822 Romanorum.
1009 2755 1114 2821 induit
1145 2763 1253 2821 antem

81 2865 256 2950 imperator
276 2867 376 2932 alium
398 2872 486 2953 ueste
508 2886 567 2932 sua
589 2873 621 2932 et
641 2866 790 2934 insiliens
811 2864 995 2951 praedictus
1017 2865 1102 2931 lilius
1124 2864 1253 2930 bucina-

34 2987 68 3040 ao
81 2975 160 3043 toris
191 2975 226 3043 in
254 2977 377 3060 regiam
408 2976 563 3059 scapham
595 2976 822 3058 imperatorem
852 2982 1016 3060 arreptum
1038 2981 1071 3041 et
1092 2974 1127 3040 in
1150 2974 1250 3041 aliam

83 3085 192 3150 nanim
215 3084 437 3152 transductum
460 3086 625 3169 inopinate
648 3087 797 3152 saluauit.
841 3105 936 3169 porro
965 3085 1038 3170 ipse
1059 3083 1255 3151 fortissimus

83 3196 220 3262 uiriliter
250 3196 404 3263 insistens
431 3195 658 3279 imperatoriae
691 3196 767 3261 naui
797 3196 915 3262 multos
946 3194 1063 3261 oceidit
1094 3193 1188 3259 morti
1217 3213 1253 3260 se

82 3305 187 3389 ipsum
210 3326 268 3389 pro
289 3305 483 3390 imperatore
505 3303 707 3371 contradens.
751 3304 836 3370 hune
857 3313 1026 3389 praeterea
1053 3304 1164 3370 hostes
1192 3304 1254 3368 oir-

83 3415 271 3481 cumdantes
300 3422 332 3480 et
360 3415 394 3479 in
423 3413 529 3480 medio
551 3415 727 3481 retinentes
749 3415 907 3500 putabant
926 3414 1033 3500 ipsum
1055 3432 1129 3480 esse
1150 3412 1254 3495 impe-

35 3531 68 3584 25
84 3531 232 3590 ratorem.
277 3532 447 3609 postquam
468 3531 576 3590 autem
598 3525 714 3590 multos
736 3524 964 3591 interfecerunt
985 3524 1105 3605 hostes,
1129 3520 1254 3588 oecide-

83 3639 157 3698 runt
178 3642 209 3698 et
230 3634 335 3718 ipsum
357 3653 516 3700 unacum
538 3635 585 3702 oia
608 3635 663 3719 qui
685 3634 835 3720 portabat
855 3633 1094 3719 imperatoriam
1117 3639 1251 3700 uestem.

82 3748 135 3808 ast
165 3743 338 3825 imperator
368 3744 476 3811 taliter
507 3745 541 3809 in
574 3744 682 3827 lugam
716 3764 829 3811 uersus
862 3745 1007 3810 saluatur
1029 3750 1060 3809 et
1087 3741 1251 3809 derelictis

81 3851 230 3918 omnibus
251 3853 418 3938 nauigauit
439 3852 761 3937 Constantinopolim.

166 3963 260 4027 Anno
282 3963 409 4049 imperii
432 3962 617 4031 Constantis
640 3970 753 4047 quarto
781 3962 905 4029 decimo
934 3962 1009 4029 dolo
1038 3967 1171 4027 necatus
1201 3967 1250 4027 est
1270 3957 1335 4024 VII

32 4085 65 4138 33
80 4071 218 4136 Hotmen
241 4072 382 4137 Arabum
405 4072 471 4138 dux
493 4092 563 4138 cum
579 4073 707 4139 Amiras
729 4073 842 4140 decem
864 4071 978 4139 luisset
997 4070 1103 4137 annis.
1146 4070 1183 4134 dt
1203 4070 1252 4134 in-

79 4187 170 4248 terea
211 4181 391 4268 perduellio
423 4183 457 4246 in
490 4182 597 4248 medio
628 4183 781 4265 ipsorum.
847 4186 1001 4266 quotquot
1031 4179 1119 4246 enim
1151 4198 1253 4264 penes

80 4309 222 4357 eremum
244 4299 346 4370 erant,
368 4291 425 4357 alii
447 4292 600 4358 uolebant
614 4292 851 4376 consobrinum,
874 4291 929 4357 alii
944 4309 1099 4375 generum
1114 4288 1253 4357 existen-

80 4406 143 4466 tem
173 4401 336 4485 quoudam
363 4400 580 4483 Muhammad‚
618 4401 652 4467 hi
681 4421 758 4468 uero
786 4401 841 4486 qui
866 4401 902 4466 in
923 4400 1020 4486 Syria
1051 4406 1084 4465 et
1104 4399 1253 4485 Aegypto

148 4583 350 4675 leum10ull
422 4589 480 4639 erat
497 4583 531 4639 θ’
599 4583 814 4640 4mnhamalD
891 4561 1056 4639 trencin
1132 4587 1209 4636 erant
1228 4583 1255 4638 l)

80 4677 281 4733 8romarcu1)
331 4681 444 4747 pugnatr
461 4675 515 4733 ΒΡ
583 4681 614 4730 to
630 4675 865 4732 thesalomcemll
919 4680 948 4729 13
968 4676 1034 4731 citet
1049 4674 1211 4731 thelalomoe
1227 4674 1255 4730 D

79 4770 209 4831 amul)
298 4775 326 4824 16
344 4769 519 4857 pqqltuntll
587 4773 617 4823 21
637 4768 746 4825 naurll
831 4767 969 4824 wecil)
1037 4747 1255 4824 taheremdD

79 4875 112 4926 33
130 4872 232 4938 egipto·
252 4863 424 4920 muhamad)

984 4963 1042 5018 30*
