2834 5394
457 696 566 744 merx
587 695 826 744 caesumouru
1165 679 1230 742 635·

89 853 122 903 ts
163 845 291 901 claudius
331 845 477 915 imperator
515 843 615 898 XXXI.
665 843 744 899 binus
761 844 881 898 Iulianus
906 842 1046 913 imperium
1062 843 1230 898 inuadeuss
1313 898 1320 911 ,

53 941 138 997 Gothi
167 940 203 995 ab
227 953 259 994 eo
280 937 430 994 incredibili
453 944 543 1007 strage
568 936 616 992 de·
667 937 764 992 Carino
790 935 929 991 occiditur.
964 935 1053 990 Cauni
1076 935 1179 990 scelera
1202 942 1231 991 et

53 1034 102 1090 leti
127 1033 390 1102 Alamannorumque
421 1033 515 1100 ingens
549 1030 616 1085 mul·
666 1031 799 1085 interitus.

53 1125 142 1181 titudo
161 1140 250 1181 caesa.
276 1124 380 1179 Claudii
399 1139 471 1179 mors
488 1124 617 1192 insignes·
703 1128 737 1177 40
750 1122 935 1178 Diocletianus
942 1120 1231 1191 ImperatorXXXVII.

54 1234 107 1291 qus
123 1225 187 1288 post
203 1225 316 1273 mortem
332 1218 456 1272 honores.
476 1217 620 1286 Quintilius
669 1218 773 1286 Aprum
789 1215 946 1270 Numeriani
965 1214 1164 1270 interfectorem
1181 1228 1233 1268 sus

55 1311 114 1366 eius
139 1310 225 1365 stater
247 1310 291 1365 uir
313 1310 439 1365 laudatus
472 1311 619 1379 imperator
669 1323 751 1363 manu
769 1309 903 1363 interimit.
927 1308 1042 1364 uictoria
1059 1309 1116 1363 eius
1134 1306 1231 1362 deca·

54 1404 159 1459 electus
177 1403 225 1458 sed
242 1419 305 1457 mox
322 1404 436 1459 occisus.

91 1501 123 1551 35
158 1497 320 1551 Aurelianus
345 1497 491 1565 imperator
507 1495 618 1549 XXXII.

56 1591 115 1646 eius
140 1590 293 1644 strenuitas.
328 1589 410 1643 Gothi
433 1589 468 1643 ab
498 1604 530 1644 eo
553 1588 620 1643 uicti

57 1684 262 1752 Romanumque
273 1682 413 1751 imperium
430 1682 547 1752 antiquis
564 1688 618 1737 ter·

56 1775 136 1830 miuls
154 1780 292 1830 statutum.
319 1774 462 1844 Septimius
478 1775 619 1844 imperium

58 1867 131 1936 apud
149 1867 289 1922 Dalmatas
312 1868 460 1937 arripiens,
486 1884 548 1922 mox
571 1867 619 1922 ob·

56 1966 206 2016 truncatus.
240 1961 403 2016 Aurelianus
420 1961 539 2030 'primunr
562 1960 620 2015 dia·

58 2054 166 2109 demate
182 2068 257 2108 usus.

94 2153 126 2202 36
160 2146 226 2201 urbs
243 2148 325 2202 muris
342 2148 519 2203 ualidioribus
539 2153 566 2202 et
582 2148 621 2203 la·

59 2241 174 2295 tioribus
192 2247 269 2309 septa
296 2240 418 2310 Solisque
440 2242 569 2311 templum
587 2242 622 2296 ab

59 2349 91 2388 eo
111 2332 282 2388 aedificatum
305 2334 434 2402 porcinae
451 2335 539 2389 carnis
556 2349 622 2389 usus

60 2427 160 2497 populo
184 2427 330 2483 Institutas.
366 2428 480 2483 uictoria
510 2428 543 2482 de
569 2427 621 2483 Te·

59 2520 126 2574 trico
153 2526 181 2574 et
197 2521 251 2575 alia
268 2520 302 2576 de
324 2520 444 2576 Zenobia
459 2521 623 2590 insignisque

63 2613 97 2666 de
115 2614 235 2683 utrisque
252 2614 410 2683 triumphus.

96 2709 126 2758 37
162 2706 375 2760 Mouetarioruur
391 2706 516 2771 rebellio,
533 2706 622 2775 maui-

63 2806 104 2852 ter
137 2797 171 2852 ab
198 2790 343 2853 Aureliano
378 2798 522 2853 uindicata.
566 2799 624 2853 eius

63 2889 207 2944 crudelitas
235 2895 262 2944 et
288 2892 408 2946 saeuitia.
449 2891 536 2946 Dacia
561 2907 624 2961 pro·

61 2984 151 3038 uineis
168 2989 279 3038 mutata
297 2999 369 3038 nona
386 2984 537 3053 persecutio
549 2982 625 3039 Obri-

61 3077 210 3137 stianorum
234 3076 268 3131 ab
287 3092 319 3131 eo
337 3076 453 3132 decreta.
487 3076 626 3132 Aureliani

62 3171 193 3224 imeritus.

97 3267 129 3318 38
172 3263 285 3318 Tacitus
319 3264 439 3319 XXXIII
472 3265 626 3333 imperator.

63 3357 145 3411 breue
163 3358 219 3411 eius
245 3357 385 3426 imperium
411 3374 473 3412 mox
497 3356 626 3411 defuncti.

63 3451 120 3504 eius
138 3465 280 3505 successor
297 3450 440 3505 Florianus
464 3451 550 3505 frater
576 3449 625 3503 im·

63 3547 171 3610 perator
188 3542 320 3597 XXXIIII
347 3544 393 3613 qui
410 3551 501 3599 tamen
524 3549 551 3598 et
567 3543 626 3612 ipse

63 3650 126 3689 mox
134 3634 221 3704 periit.
239 3636 345 3691 Probus
362 3636 507 3705 imperator
516 3635 626 3689 XXXV.

65 3728 121 3782 elus
138 3728 167 3782 in
184 3728 260 3782 bellis
276 3728 399 3796 gerendis
417 3729 540 3785 felicitas.
577 3728 626 3783 Sa·

62 3821 187 3875 turninus
211 3821 240 3874 in
257 3821 360 3876 oriente
382 3821 528 3891 imperator
551 3837 626 3876 crea·

63 3920 107 3968 tus
142 3921 169 3967 et
196 3913 260 3968 alibi
282 3913 413 3969 Proculus
449 3921 476 3969 et
502 3914 627 3969 Bonosus

64 4005 113 4059 sed
130 4007 153 4060 ei
171 4021 188 4059 a
206 4006 295 4061 Probo
319 4008 421 4076 maguis
440 4008 629 4063 certaminibus

65 4099 195 4168 oppressi.
224 4101 320 4155 uineae
337 4100 421 4155 Gallis
439 4107 466 4154 et
482 4101 629 4155 Pannoniis

66 4193 222 4260 permissae.
256 4193 339 4248 Probi
357 4194 460 4248 caedes.

99 4290 131 4339 39
161 4285 246 4340 Oarus
263 4287 409 4356 imperator
426 4287 544 4341 XXXVI
567 4303 628 4342 curn

66 4377 229 4433 Numeriano
248 4386 275 4433 et
292 4379 389 4434 Carino
407 4380 467 4435 liliis
485 4382 549 4435 suis.
574 4381 628 4435 Ba·

68 4469 146 4539 hylae
162 4472 326 4541 martyrium.
362 4471 452 4527 Carini
474 4475 632 4543 praeclarae

68 4570 159 4630 gestae
191 4565 323 4620 aduersus
351 4566 448 4621 Persae
483 4568 565 4636 inque
599 4583 631 4623 eo

68 4654 138 4709 bello
155 4655 287 4712 interitus.
304 4657 485 4714 Numerianus
503 4674 520 4713 a
537 4674 631 4714 socero

68 4748 142 4816 Apro
169 4764 218 4816 per
243 4750 353 4807 iusidias
382 4752 547 4822 Interiectus.
582 4752 631 4807 Sa-

669 1402 737 1457 rino.
771 1400 961 1471 Bagaudarum
978 1401 1109 1456 tumultus
1126 1399 1231 1454 inGal·

669 1495 719 1560 lia,
745 1494 791 1565 qui
809 1510 826 1548 a
842 1494 1006 1550 Maximiano
1024 1493 1141 1549 Caesare
1158 1508 1232 1548 com·

669 1588 771 1658 pressi,
794 1604 873 1657 quem
895 1587 955 1643 ideo
974 1586 1159 1642 Diocletianus
1183 1585 1232 1640 mi·

670 1687 751 1736 serat.

705 1778 735 1828 41
773 1773 918 1828 Carausius
942 1773 1080 1828 Achilleus
1112 1771 1234 1826 labsum

672 1868 786 1923 disemis
802 1867 831 1922 in
848 1867 915 1922 locis
942 1867 1082 1936 imperium
1100 1869 1234 1938 arrIpiunt

672 1962 832 2031 diuerseque
849 1960 921 2016 exitu
939 1960 1050 2029 periere.
1074 1961 1167 2016 radas
1183 1976 1233 2016 un·

673 2054 753 2124 dique
779 2054 882 2108 turbae.
922 2054 1110 2109 Diocletianus
1144 2054 1235 2123 itaque

672 2148 865 2202 Maximianum
888 2150 1039 2216 Augustum
1057 2154 1144 2203 creat:
1164 2146 1234 2202 Con-

673 2242 800 2295 stantium
822 2256 888 2295 uero
904 2249 932 2296 et
945 2241 1082 2296 Galerium
1096 2240 1235 2296 Caesares.

707 2340 740 2388 tl
775 2334 966 2389 aconstautio
992 2349 1036 2388 res
1060 2334 1128 2389 benc
1144 2341 1237 2404 gestae

674 2435 769 2483 contra
794 2424 962 2482 Alamannos
996 2434 1024 2482 et
1050 2427 1079 2482 in
1101 2429 1196 2483 Africa
1218 2442 1237 2482 a

673 2521 838 2576 Maximiano
856 2528 951 2576 contra
965 2520 1236 2591 Quinquegentianos.

673 2615 812 2669 Achilleus
835 2614 863 2667 in
879 2616 1001 2684 Aegypto
1030 2614 1236 2669 sDiocletiano

675 2715 818 2776 superatus
843 2716 871 2761 et
887 2708 1005 2762 occisus:
1043 2724 1097 2776 qua
1121 2707 1235 2761 uictoria

675 2799 773 2855 acerbe
791 2816 856 2854 usus
874 2800 1066 2854 Diocletianus.
1102 2799 1234 2854 Constan-

675 2892 724 2946 tini
741 2891 829 2946 adhuc
847 2892 926 2946 ualde
943 2893 1046 2946 iuuenis
1070 2893 1097 2945 in
1116 2907 1148 2946 eo
1165 2892 1236 2946 bello

677 2985 835 3049 stoenuitas,
858 2985 935 3039 cuius
956 2986 1029 3039 uitae
1052 2985 1154 3039 frustra
1170 2984 1239 3040 insi-

677 3077 766 3132 diatus
784 3077 976 3132 Diocletianus.

712 3175 744 3225 43
780 3170 884 3226 decima
906 3171 1117 3227 christianorum
1148 3186 1240 3240 perse·

677 3265 768 3329 cutio,
792 3264 933 3319 immanior
958 3265 1099 3333 prioribus.
1151 3269 1240 3319 terrae

676 3364 766 3413 motus
777 3358 805 3412 in
818 3357 902 3428 Syria
921 3358 1044 3414 Galerius
1061 3365 1157 3412 contra
1170 3356 1240 3411 Nar·

677 3466 752 3506 scum
762 3451 906 3506 Persarum
918 3467 1007 3521 regem
1023 3451 1175 3507 inconsulte
1189 3465 1240 3520 pu·

677 3552 755 3614 goat:
774 3560 922 3614 magnaque
939 3545 1083 3600 insolentia
1099 3560 1117 3599 a
1131 3543 1239 3601 Diocle·

678 3638 752 3693 tiano
778 3637 838 3693 ideo
856 3645 993 3708 exceptus.
1028 3655 1091 3694 mox
1114 3652 1242 3693 successu

678 3731 778 3799 ingenti
795 3747 838 3786 res
855 3733 937 3800 gerit,
963 3747 1025 3801 rege
1042 3733 1186 3787 Persarum
1211 3732 1239 3785 iu

678 3824 785 3880 ultimas
802 3825 960 3880 solitodInes
978 3832 1056 3880 acto:
1075 3825 1189 3896 ideoque
1200 3825 1241 3878 in·

677 3917 751 3987 genti
768 3918 870 3972 bonore
887 3918 1079 3973 sDiocletiano
1093 3924 1242 3987 susceptus.

713 4015 747 4064 lt
782 4010 860 4064 uaris
877 4010 937 4065 dein
956 4019 983 4064 et
1001 4010 1078 4066 simul
1102 4016 1130 4064 et
1153 4010 1242 4065 asin·

679 4102 748 4172 gulis
765 4102 836 4157 bella
852 4110 935 4172 gesta.
959 4118 1047 4158 mores
1065 4111 1093 4157 et
1109 4102 1243 4172 ingenium

680 4195 841 4250 Diocletiani
859 4202 886 4250 et
903 4196 1066 4251 Maximiani.
1101 4197 1147 4266 qui
1160 4196 1242 4251 ambo

679 4290 790 4358 imperio
817 4289 909 4344 relicto
937 4289 973 4343 sd
1000 4290 1134 4359 priuatam
1158 4289 1244 4343 nitu

684 4381 842 4436 concedunt.

717 4481 748 4528 45
785 4475 946 4530 Diocletiani
972 4491 1034 4530 cum
1050 4475 1086 4529 sd
1099 4476 1242 4545 imperim

683 4567 864 4636 recipiendum
903 4575 1044 4637 rogaretur
1074 4584 1237 4637 supernum

683 4676 740 4715 erus
758 4677 837 4716 mors.
