<?xml version="1.0" encoding="UTF-8"?>
<!DOCTYPE html PUBLIC "-//W3C//DTD XHTML 1.0 Transitional//EN"
    "http://www.w3.org/TR/xhtml1/DTD/xhtml1-transitional.dtd">
<html xmlns="http://www.w3.org/1999/xhtml" xml:lang="en" lang="en">
 <head>
  <title>
</title>
<meta http-equiv="Content-Type" content="text/html;charset=utf-8" />
  <meta name='ocr-system' content='tesseract 3.04.00' />
  <meta name='ocr-capabilities' content='ocr_page ocr_carea ocr_par ocr_line ocrx_word'/>
</head>
<body>
  <div class='ocr_page' id='page_1' title='image "./historiamiscell00sagagoog_0181.png"; bbox 0 0 2834 5394; ppageno 0'>
   <div class='ocr_carea' id='block_1_1' title="bbox 606 616 1294 678">
    <p class='ocr_par' dir='ltr' id='par_1_1' title="bbox 606 616 1294 678">
     <span class='ocr_line' id='line_1_1' title="bbox 606 616 1294 678; baseline 0 -1"><span class='ocrx_word' id='word_1_1' title='bbox 606 628 678 677; x_wconf 76' lang='lat' dir='ltr'>cuc.</span> <span class='ocrx_word' id='word_1_2' title='bbox 702 628 809 674; x_wconf 85' lang='lat' dir='ltr'>v—vu</span> <span class='ocrx_word' id='word_1_3' title='bbox 1235 616 1294 678; x_wconf 87' lang='grc'>167</span> 
     </span>
    </p>
   </div>
   <div class='ocr_carea' id='block_1_2' title="bbox 115 778 1298 2188">
    <p class='ocr_par' dir='ltr' id='par_1_2' title="bbox 115 778 1298 2188">
     <span class='ocr_line' id='line_1_2' title="bbox 163 778 1295 866; baseline 0.004 -23"><span class='ocrx_word' id='word_1_4' title='bbox 163 780 297 863; x_wconf 70' lang='lat' dir='ltr'>spamus</span> <span class='ocrx_word' id='word_1_5' title='bbox 318 778 520 846; x_wconf 85' lang='lat' dir='ltr'>atrocissimo</span> <span class='ocrx_word' id='word_1_6' title='bbox 542 780 652 845; x_wconf 89' lang='lat' dir='ltr'>nauali</span> <span class='ocrx_word' id='word_1_7' title='bbox 679 781 803 865; x_wconf 92' lang='lat' dir='ltr'>proelio</span> <span class='ocrx_word' id='word_1_8' title='bbox 832 779 991 848; x_wconf 89' lang='lat' dir='ltr'>aduersus</span> <span class='ocrx_word' id='word_1_9' title='bbox 1012 780 1201 866; x_wconf 90' lang='lat' dir='ltr'>Pompeium</span> <span class='ocrx_word' id='word_1_10' title='bbox 1223 801 1295 847; x_wconf 90' lang='lat' dir='ltr'>oon-</span> 
     </span>
     <span class='ocr_line' id='line_1_3' title="bbox 161 886 1296 974; baseline 0.003 -19"><span class='ocrx_word' id='word_1_11' title='bbox 161 886 216 957; x_wconf 82' lang='lat' dir='ltr'>lixit</span> <span class='ocrx_word' id='word_1_12' title='bbox 236 898 264 956; x_wconf 92' lang='lat' dir='ltr'>et</span> <span class='ocrx_word' id='word_1_13' title='bbox 288 890 377 956; x_wconf 89' lang='lat' dir='ltr'>uicit.</span> <span class='ocrx_word' id='word_1_14' title='bbox 421 909 498 955; x_wconf 89' lang='lat' dir='ltr'>nam</span> <span class='ocrx_word' id='word_1_15' title='bbox 526 896 653 955; x_wconf 89' lang='lat' dir='ltr'>eentum</span> <span class='ocrx_word' id='word_1_16' title='bbox 681 892 851 974; x_wconf 80' lang='lat' dir='ltr'><strong>sexaginta</strong></span> <span class='ocrx_word' id='word_1_17' title='bbox 874 899 905 957; x_wconf 92' lang='lat' dir='ltr'>et</span> <span class='ocrx_word' id='word_1_18' title='bbox 932 897 997 957; x_wconf 90' lang='lat' dir='ltr'>tres</span> <span class='ocrx_word' id='word_1_19' title='bbox 1026 911 1128 958; x_wconf 88' lang='lat' dir='ltr'>naues</span> <span class='ocrx_word' id='word_1_20' title='bbox 1158 898 1214 957; x_wconf 92' lang='lat' dir='ltr'>aut</span> <span class='ocrx_word' id='word_1_21' title='bbox 1241 892 1296 958; x_wconf 92' lang='lat' dir='ltr'>de·</span> 
     </span>
     <span class='ocr_line' id='line_1_4' title="bbox 157 999 1296 1086; baseline 0.005 -23"><span class='ocrx_word' id='word_1_22' title='bbox 157 1001 236 1067; x_wconf 83' lang='lat' dir='ltr'>uenit</span> <span class='ocrx_word' id='word_1_23' title='bbox 253 1008 309 1067; x_wconf 91' lang='lat' dir='ltr'>aut</span> <span class='ocrx_word' id='word_1_24' title='bbox 329 999 426 1085; x_wconf 87' lang='lat' dir='ltr'>oepit.</span> <span class='ocrx_word' id='word_1_25' title='bbox 456 1000 629 1084; x_wconf 88' lang='lat' dir='ltr'>Pompeius</span> <span class='ocrx_word' id='word_1_26' title='bbox 652 1020 723 1066; x_wconf 90' lang='lat' dir='ltr'>cum</span> <span class='ocrx_word' id='word_1_27' title='bbox 746 1001 857 1068; x_wconf 85' lang='lat' dir='ltr'>decem</span> <span class='ocrx_word' id='word_1_28' title='bbox 884 1007 917 1067; x_wconf 93' lang='lat' dir='ltr'>et</span> <span class='ocrx_word' id='word_1_29' title='bbox 931 1007 1055 1086; x_wconf 79' lang='lat' dir='ltr'><strong>septem</strong></span> <span class='ocrx_word' id='word_1_30' title='bbox 1077 1002 1217 1069; x_wconf 91' lang='lat' dir='ltr'>nauibus</span> <span class='ocrx_word' id='word_1_31' title='bbox 1239 1003 1296 1069; x_wconf 83' lang='lat' dir='ltr'>uix</span> 
     </span>
     <span class='ocr_line' id='line_1_5' title="bbox 154 1109 1296 1196; baseline 0.003 -22"><span class='ocrx_word' id='word_1_32' title='bbox 154 1109 235 1194; x_wconf 82' lang='lat' dir='ltr'>bpsus</span> <span class='ocrx_word' id='word_1_33' title='bbox 254 1110 370 1176; x_wconf 86' lang='lat' dir='ltr'>euasit.</span> <span class='ocrx_word' id='word_1_34' title='bbox 415 1109 560 1195; x_wconf 79' lang='lat' dir='ltr'><strong>Lepidus</strong></span> <span class='ocrx_word' id='word_1_35' title='bbox 583 1130 702 1195; x_wconf 84' lang='lat' dir='ltr'>magua</span> <span class='ocrx_word' id='word_1_36' title='bbox 724 1111 840 1196; x_wconf 84' lang='lat' dir='ltr'>uiginti</span> <span class='ocrx_word' id='word_1_37' title='bbox 861 1112 1023 1196; x_wconf 82' lang='lat' dir='ltr'>legionum</span> <span class='ocrx_word' id='word_1_38' title='bbox 1053 1112 1228 1178; x_wconf 82' lang='lat' dir='ltr'>insolentia</span> <span class='ocrx_word' id='word_1_39' title='bbox 1249 1118 1296 1177; x_wconf 92' lang='lat' dir='ltr'>tu·</span> 
     </span>
     <span class='ocr_line' id='line_1_6' title="bbox 132 1220 1296 1307; baseline 0.004 -25"><span class='ocrx_word' id='word_1_40' title='bbox 132 1232 217 1287; x_wconf 69' lang='lat' dir='ltr'>cneus</span> <span class='ocrx_word' id='word_1_41' title='bbox 240 1239 311 1285; x_wconf 87' lang='lat' dir='ltr'>oum</span> <span class='ocrx_word' id='word_1_42' title='bbox 338 1220 525 1286; x_wconf 76' lang='lat' dir='ltr'><strong>Messanam</strong></span> <span class='ocrx_word' id='word_1_43' title='bbox 552 1221 707 1288; x_wconf 82' lang='lat' dir='ltr'>militibus</span> <span class='ocrx_word' id='word_1_44' title='bbox 735 1221 930 1306; x_wconf 74' lang='lat' dir='ltr'>permissam</span> <span class='ocrx_word' id='word_1_45' title='bbox 958 1222 1155 1307; x_wconf 79' lang='lat' dir='ltr'>diripuisset</span> <span class='ocrx_word' id='word_1_46' title='bbox 1189 1223 1296 1307; x_wconf 91' lang='lat' dir='ltr'>ipsum</span> 
     </span>
     <span class='ocr_line' id='line_1_7' title="bbox 151 1328 1296 1417; baseline 0.003 -23"><span class='ocrx_word' id='word_1_47' title='bbox 151 1328 294 1397; x_wconf 76' lang='lat' dir='ltr'>demerem</span> <span class='ocrx_word' id='word_1_48' title='bbox 315 1329 360 1395; x_wconf 87' lang='lat' dir='ltr'>ad</span> <span class='ocrx_word' id='word_1_49' title='bbox 382 1349 417 1396; x_wconf 89' lang='lat' dir='ltr'>se</span> <span class='ocrx_word' id='word_1_50' title='bbox 439 1331 623 1396; x_wconf 88' lang='lat' dir='ltr'>uenientem</span> <span class='ocrx_word' id='word_1_51' title='bbox 645 1333 745 1398; x_wconf 91' lang='lat' dir='ltr'>semel</span> <span class='ocrx_word' id='word_1_52' title='bbox 769 1339 866 1416; x_wconf 85' lang='lat' dir='ltr'>atque</span> <span class='ocrx_word' id='word_1_53' title='bbox 887 1332 1004 1398; x_wconf 88' lang='lat' dir='ltr'>iterum</span> <span class='ocrx_word' id='word_1_54' title='bbox 1026 1332 1149 1417; x_wconf 90' lang='lat' dir='ltr'>spreuit</span> <span class='ocrx_word' id='word_1_55' title='bbox 1181 1352 1220 1397; x_wconf 91' lang='lat' dir='ltr'>ac</span> <span class='ocrx_word' id='word_1_56' title='bbox 1241 1354 1296 1417; x_wconf 83' lang='lat' dir='ltr'>po</span> 
     </span>
     <span class='ocr_line' id='line_1_8' title="bbox 148 1440 1296 1525; baseline 0.002 -20"><span class='ocrx_word' id='word_1_57' title='bbox 148 1440 191 1507; x_wconf 88' lang='lat' dir='ltr'>tius</span> <span class='ocrx_word' id='word_1_58' title='bbox 207 1440 278 1507; x_wconf 88' lang='lat' dir='ltr'>telis</span> <span class='ocrx_word' id='word_1_59' title='bbox 299 1441 412 1525; x_wconf 77' lang='lat' dir='ltr'>appeti</span> <span class='ocrx_word' id='word_1_60' title='bbox 433 1440 539 1506; x_wconf 92' lang='lat' dir='ltr'>iussit.</span> <span class='ocrx_word' id='word_1_61' title='bbox 583 1460 666 1525; x_wconf 87' lang='lat' dir='ltr'>quae</span> <span class='ocrx_word' id='word_1_62' title='bbox 688 1441 743 1507; x_wconf 93' lang='lat' dir='ltr'>ille</span> <span class='ocrx_word' id='word_1_63' title='bbox 766 1444 899 1508; x_wconf 86' lang='lat' dir='ltr'>collecta</span> <span class='ocrx_word' id='word_1_64' title='bbox 921 1442 955 1507; x_wconf 90' lang='lat' dir='ltr'>in</span> <span class='ocrx_word' id='word_1_65' title='bbox 977 1443 1105 1508; x_wconf 89' lang='lat' dir='ltr'>laeuum</span> <span class='ocrx_word' id='word_1_66' title='bbox 1128 1442 1296 1508; x_wconf 81' lang='lat' dir='ltr'>brachium</span> 
     </span>
     <span class='ocr_line' id='line_1_9' title="bbox 146 1550 1296 1637; baseline 0.001 -21"><span class='ocrx_word' id='word_1_67' title='bbox 146 1550 249 1616; x_wconf 82' lang='lat' dir='ltr'>lucerna</span> <span class='ocrx_word' id='word_1_68' title='bbox 279 1550 467 1635; x_wconf 88' lang='lat' dir='ltr'>repellendo</span> <span class='ocrx_word' id='word_1_69' title='bbox 490 1551 614 1617; x_wconf 88' lang='lat' dir='ltr'>uitauit.</span> <span class='ocrx_word' id='word_1_70' title='bbox 658 1570 736 1617; x_wconf 83' lang='lat' dir='ltr'>mox</span> <span class='ocrx_word' id='word_1_71' title='bbox 757 1552 892 1620; x_wconf 90' lang='lat' dir='ltr'>inmisso</span> <span class='ocrx_word' id='word_1_72' title='bbox 914 1572 997 1637; x_wconf 90' lang='lat' dir='ltr'>equo</span> <span class='ocrx_word' id='word_1_73' title='bbox 1026 1552 1069 1617; x_wconf 90' lang='lat' dir='ltr'>ad</span> <span class='ocrx_word' id='word_1_74' title='bbox 1091 1573 1167 1620; x_wconf 93' lang='lat' dir='ltr'>suos</span> <span class='ocrx_word' id='word_1_75' title='bbox 1190 1573 1296 1620; x_wconf 88' lang='lat' dir='ltr'>reuer-</span> 
     </span>
     <span class='ocr_line' id='line_1_10' title="bbox 147 1660 1296 1748; baseline 0.003 -21"><span class='ocrx_word' id='word_1_76' title='bbox 147 1679 186 1727; x_wconf 88' lang='lat' dir='ltr'>us</span> <span class='ocrx_word' id='word_1_77' title='bbox 201 1661 416 1742; x_wconf 86' lang='lat' dir='ltr'>instructoque</span> <span class='ocrx_word' id='word_1_78' title='bbox 437 1661 581 1726; x_wconf 84' lang='lat' dir='ltr'>exercitu</span> <span class='ocrx_word' id='word_1_79' title='bbox 602 1660 777 1728; x_wconf 87' lang='lat' dir='ltr'>aduersum</span> <span class='ocrx_word' id='word_1_80' title='bbox 798 1662 957 1747; x_wconf 90' lang='lat' dir='ltr'>Lepidum</span> <span class='ocrx_word' id='word_1_81' title='bbox 980 1663 1114 1730; x_wconf 89' lang='lat' dir='ltr'>ueniens</span> <span class='ocrx_word' id='word_1_82' title='bbox 1140 1663 1296 1748; x_wconf 86' lang='lat' dir='ltr'>plurimas</span> 
     </span>
     <span class='ocr_line' id='line_1_11' title="bbox 115 1770 1296 1858; baseline 0.003 -25"><span class='ocrx_word' id='word_1_83' title='bbox 115 1784 136 1834; x_wconf 84' lang='lat' dir='ltr'>u</span> <span class='ocrx_word' id='word_1_84' title='bbox 146 1770 264 1854; x_wconf 76' lang='lat' dir='ltr'>legiones</span> <span class='ocrx_word' id='word_1_85' title='bbox 276 1770 396 1855; x_wconf 79' lang='lat' dir='ltr'>Lepidi</span> <span class='ocrx_word' id='word_1_86' title='bbox 416 1772 530 1856; x_wconf 85' lang='lat' dir='ltr'>paucis</span> <span class='ocrx_word' id='word_1_87' title='bbox 551 1771 726 1838; x_wconf 82' lang='lat' dir='ltr'>interiectis</span> <span class='ocrx_word' id='word_1_88' title='bbox 747 1774 888 1839; x_wconf 88' lang='lat' dir='ltr'>transire</span> <span class='ocrx_word' id='word_1_89' title='bbox 909 1773 944 1838; x_wconf 93' lang='lat' dir='ltr'>in</span> <span class='ocrx_word' id='word_1_90' title='bbox 966 1793 1057 1838; x_wconf 87' lang='lat' dir='ltr'>suam</span> <span class='ocrx_word' id='word_1_91' title='bbox 1073 1779 1198 1858; x_wconf 89' lang='lat' dir='ltr'>partem</span> <span class='ocrx_word' id='word_1_92' title='bbox 1214 1793 1296 1837; x_wconf 92' lang='lat' dir='ltr'>com-</span> 
     </span>
     <span class='ocr_line' id='line_1_12' title="bbox 146 1879 1298 1967; baseline 0.003 -22"><span class='ocrx_word' id='word_1_93' title='bbox 146 1880 214 1963; x_wconf 87' lang='lat' dir='ltr'>pulit.</span> <span class='ocrx_word' id='word_1_94' title='bbox 254 1879 400 1966; x_wconf 88' lang='lat' dir='ltr'>Lepidus</span> <span class='ocrx_word' id='word_1_95' title='bbox 430 1879 563 1946; x_wconf 89' lang='lat' dir='ltr'>tandem</span> <span class='ocrx_word' id='word_1_96' title='bbox 585 1882 777 1965; x_wconf 84' lang='lat' dir='ltr'>intellegens</span> <span class='ocrx_word' id='word_1_97' title='bbox 807 1903 870 1967; x_wconf 88' lang='lat' dir='ltr'>quo</span> <span class='ocrx_word' id='word_1_98' title='bbox 899 1883 1028 1948; x_wconf 89' lang='lat' dir='ltr'>uanitas</span> <span class='ocrx_word' id='word_1_99' title='bbox 1058 1902 1118 1948; x_wconf 90' lang='lat' dir='ltr'>sua</span> <span class='ocrx_word' id='word_1_100' title='bbox 1150 1880 1298 1948; x_wconf 84' lang='lat' dir='ltr'>tenderet</span> 
     </span>
     <span class='ocr_line' id='line_1_13' title="bbox 147 1988 1296 2077; baseline 0.003 -23"><span class='ocrx_word' id='word_1_101' title='bbox 147 1988 266 2075; x_wconf 87' lang='lat' dir='ltr'>deposito</span> <span class='ocrx_word' id='word_1_102' title='bbox 280 1989 510 2077; x_wconf 88' lang='lat' dir='ltr'>paludamento</span> <span class='ocrx_word' id='word_1_103' title='bbox 525 1992 763 2077; x_wconf 83' lang='lat' dir='ltr'>adsumptaque</span> <span class='ocrx_word' id='word_1_104' title='bbox 784 1998 874 2058; x_wconf 88' lang='lat' dir='ltr'>ueste</span> <span class='ocrx_word' id='word_1_105' title='bbox 889 1994 980 2077; x_wconf 91' lang='lat' dir='ltr'>pulla</span> <span class='ocrx_word' id='word_1_106' title='bbox 1002 1994 1139 2077; x_wconf 88' lang='lat' dir='ltr'>supplex</span> <span class='ocrx_word' id='word_1_107' title='bbox 1161 1991 1296 2058; x_wconf 79' lang='lat' dir='ltr'>Caesari</span> 
     </span>
     <span class='ocr_line' id='line_1_14' title="bbox 148 2099 1295 2188; baseline 0.003 -25"><span class='ocrx_word' id='word_1_108' title='bbox 148 2099 225 2168; x_wconf 76' lang='lat' dir='ltr'>immo</span> <span class='ocrx_word' id='word_1_109' title='bbox 238 2102 337 2167; x_wconf 88' lang='lat' dir='ltr'>uitam</span> <span class='ocrx_word' id='word_1_110' title='bbox 348 2108 381 2166; x_wconf 91' lang='lat' dir='ltr'>et</span> <span class='ocrx_word' id='word_1_111' title='bbox 395 2101 481 2166; x_wconf 90' lang='lat' dir='ltr'>bona</span> <span class='ocrx_word' id='word_1_112' title='bbox 494 2101 681 2186; x_wconf 87' lang='lat' dir='ltr'>impetrauit</span> <span class='ocrx_word' id='word_1_113' title='bbox 696 2110 851 2188; x_wconf 91' lang='lat' dir='ltr'>perpetuo</span> <span class='ocrx_word' id='word_1_114' title='bbox 866 2102 997 2185; x_wconf 88' lang='lat' dir='ltr'>quidem</span> <span class='ocrx_word' id='word_1_115' title='bbox 1012 2103 1164 2168; x_wconf 91' lang='lat' dir='ltr'>multatus</span> <span class='ocrx_word' id='word_1_116' title='bbox 1188 2101 1295 2167; x_wconf 86' lang='lat' dir='ltr'>exilio.</span> 
     </span>
    </p>
   </div>
   <div class='ocr_carea' id='block_1_3' title="bbox 116 2211 1297 2631">
    <p class='ocr_par' dir='ltr' id='par_1_3' title="bbox 116 2211 1297 2631">
     <span class='ocr_line' id='line_1_15' title="bbox 149 2211 1297 2298; baseline 0.001 -23"><span class='ocrx_word' id='word_1_117' title='bbox 149 2211 249 2279; x_wconf 83' lang='lat' dir='ltr'>laurm</span> <span class='ocrx_word' id='word_1_118' title='bbox 263 2212 416 2278; x_wconf 77' lang='lat' dir='ltr'>Gesseris</span> <span class='ocrx_word' id='word_1_119' title='bbox 438 2211 620 2296; x_wconf 84' lang='lat' dir='ltr'>praefectus</span> <span class='ocrx_word' id='word_1_120' title='bbox 642 2219 743 2278; x_wconf 85' lang='lat' dir='ltr'>totam</span> <span class='ocrx_word' id='word_1_121' title='bbox 764 2233 869 2298; x_wconf 89' lang='lat' dir='ltr'>paene</span> <span class='ocrx_word' id='word_1_122' title='bbox 886 2213 1031 2280; x_wconf 87' lang='lat' dir='ltr'>Siciliam</span> <span class='ocrx_word' id='word_1_123' title='bbox 1054 2212 1139 2278; x_wconf 91' lang='lat' dir='ltr'>ierro</span> <span class='ocrx_word' id='word_1_124' title='bbox 1161 2217 1297 2297; x_wconf 89' lang='lat' dir='ltr'>pertem-</span> 
     </span>
     <span class='ocr_line' id='line_1_16' title="bbox 116 2322 1297 2409; baseline 0.005 -29"><span class='ocrx_word' id='word_1_125' title='bbox 116 2326 243 2403; x_wconf 80' lang='lat' dir='ltr'>oplstam</span> <span class='ocrx_word' id='word_1_126' title='bbox 262 2322 532 2404; x_wconf 80' lang='lat' dir='ltr'>conterritamque</span> <span class='ocrx_word' id='word_1_127' title='bbox 559 2322 593 2387; x_wconf 90' lang='lat' dir='ltr'>in</span> <span class='ocrx_word' id='word_1_128' title='bbox 620 2322 718 2388; x_wconf 85' lang='lat' dir='ltr'>fidem</span> <span class='ocrx_word' id='word_1_129' title='bbox 740 2325 871 2409; x_wconf 85' lang='lat' dir='ltr'>recepit.</span> <span class='ocrx_word' id='word_1_130' title='bbox 915 2323 1132 2407; x_wconf 83' lang='lat' dir='ltr'>quadraginta</span> <span class='ocrx_word' id='word_1_131' title='bbox 1153 2328 1185 2388; x_wconf 94' lang='lat' dir='ltr'>et</span> <span class='ocrx_word' id='word_1_132' title='bbox 1206 2326 1297 2407; x_wconf 77' lang='lat' dir='ltr'>quat-</span> 
     </span>
     <span class='ocr_line' id='line_1_17' title="bbox 151 2432 1297 2518; baseline 0.005 -25"><span class='ocrx_word' id='word_1_133' title='bbox 151 2434 201 2495; x_wconf 82' lang='lat' dir='ltr'>tuor</span> <span class='ocrx_word' id='word_1_134' title='bbox 217 2432 359 2516; x_wconf 81' lang='lat' dir='ltr'>legiones</span> <span class='ocrx_word' id='word_1_135' title='bbox 388 2433 448 2498; x_wconf 92' lang='lat' dir='ltr'>sub</span> <span class='ocrx_word' id='word_1_136' title='bbox 476 2432 572 2498; x_wconf 87' lang='lat' dir='ltr'>unius</span> <span class='ocrx_word' id='word_1_137' title='bbox 600 2438 675 2498; x_wconf 89' lang='lat' dir='ltr'>tunc</span> <span class='ocrx_word' id='word_1_138' title='bbox 696 2433 831 2518; x_wconf 89' lang='lat' dir='ltr'>imperio</span> <span class='ocrx_word' id='word_1_139' title='bbox 855 2432 1007 2500; x_wconf 82' lang='lat' dir='ltr'>Caesaris</span> <span class='ocrx_word' id='word_1_140' title='bbox 1028 2439 1130 2499; x_wconf 89' lang='lat' dir='ltr'>erant.</span> <span class='ocrx_word' id='word_1_141' title='bbox 1175 2432 1297 2499; x_wconf 89' lang='lat' dir='ltr'>milites</span> 
     </span>
     <span class='ocr_line' id='line_1_18' title="bbox 152 2540 1296 2631; baseline 0.006 -29"><span class='ocrx_word' id='word_1_142' title='bbox 152 2540 322 2608; x_wconf 85' lang='lat' dir='ltr'>multitudine</span> <span class='ocrx_word' id='word_1_143' title='bbox 344 2542 518 2608; x_wconf 82' lang='lat' dir='ltr'>ferociores</span> <span class='ocrx_word' id='word_1_144' title='bbox 550 2542 708 2624; x_wconf 86' lang='lat' dir='ltr'>quosdam</span> <span class='ocrx_word' id='word_1_145' title='bbox 730 2562 788 2628; x_wconf 91' lang='lat' dir='ltr'>pro</span> <span class='ocrx_word' id='word_1_146' title='bbox 811 2543 1009 2631; x_wconf 86' lang='lat' dir='ltr'>accipiendis</span> <span class='ocrx_word' id='word_1_147' title='bbox 1032 2543 1121 2626; x_wconf 80' lang='lat' dir='ltr'>agris</span> <span class='ocrx_word' id='word_1_148' title='bbox 1142 2543 1296 2609; x_wconf 90' lang='lat' dir='ltr'>tumultus</span> 
     </span>
    </p>
   </div>
   <div class='ocr_carea' id='block_1_4' title="bbox 122 2650 1380 4277">
    <p class='ocr_par' dir='ltr' id='par_1_4' title="bbox 122 2650 1299 3397">
     <span class='ocr_line' id='line_1_19' title="bbox 153 2650 1297 2736; baseline 0.003 -24"><span class='ocrx_word' id='word_1_149' title='bbox 153 2651 351 2719; x_wconf 66' lang='lat' dir='ltr'>exalbuerant.</span> <span class='ocrx_word' id='word_1_150' title='bbox 396 2650 455 2719; x_wconf 88' lang='lat' dir='ltr'>sed</span> <span class='ocrx_word' id='word_1_151' title='bbox 477 2650 599 2719; x_wconf 82' lang='lat' dir='ltr'>Caesar</span> <span class='ocrx_word' id='word_1_152' title='bbox 627 2653 736 2718; x_wconf 87' lang='lat' dir='ltr'>animo</span> <span class='ocrx_word' id='word_1_153' title='bbox 765 2653 880 2736; x_wconf 82' lang='lat' dir='ltr'>ingens</span> <span class='ocrx_word' id='word_1_154' title='bbox 909 2653 1025 2735; x_wconf 86' lang='lat' dir='ltr'>uiginti</span> <span class='ocrx_word' id='word_1_155' title='bbox 1048 2653 1138 2717; x_wconf 89' lang='lat' dir='ltr'>milia</span> <span class='ocrx_word' id='word_1_156' title='bbox 1159 2651 1297 2717; x_wconf 91' lang='lat' dir='ltr'>militum</span> 
     </span>
     <span class='ocr_line' id='line_1_20' title="bbox 154 2761 1298 2846; baseline 0.003 -25"><span class='ocrx_word' id='word_1_157' title='bbox 154 2763 349 2844; x_wconf 82' lang='lat' dir='ltr'>exauctorauit,</span> <span class='ocrx_word' id='word_1_158' title='bbox 365 2762 498 2846; x_wconf 80' lang='lat' dir='ltr'>triginta</span> <span class='ocrx_word' id='word_1_159' title='bbox 513 2762 603 2827; x_wconf 88' lang='lat' dir='ltr'>milia</span> <span class='ocrx_word' id='word_1_160' title='bbox 618 2783 784 2829; x_wconf 88' lang='lat' dir='ltr'>seruorum</span> <span class='ocrx_word' id='word_1_161' title='bbox 802 2762 941 2829; x_wconf 91' lang='lat' dir='ltr'>dominis</span> <span class='ocrx_word' id='word_1_162' title='bbox 957 2762 1105 2842; x_wconf 91' lang='lat' dir='ltr'>restituit,</span> <span class='ocrx_word' id='word_1_163' title='bbox 1130 2782 1188 2829; x_wconf 82' lang='lat' dir='ltr'>ser</span> <span class='ocrx_word' id='word_1_164' title='bbox 1207 2761 1298 2826; x_wconf 88' lang='lat' dir='ltr'>milia</span> 
     </span>
     <span class='ocr_line' id='line_1_21' title="bbox 122 2870 1297 2955; baseline 0 -21"><span class='ocrx_word' id='word_1_165' title='bbox 122 2874 255 2950; x_wconf 69' lang='lat' dir='ltr'>bquomm</span> <span class='ocrx_word' id='word_1_166' title='bbox 277 2871 400 2937; x_wconf 89' lang='lat' dir='ltr'>domini</span> <span class='ocrx_word' id='word_1_167' title='bbox 422 2892 487 2937; x_wconf 92' lang='lat' dir='ltr'>non</span> <span class='ocrx_word' id='word_1_168' title='bbox 509 2872 664 2937; x_wconf 85' lang='lat' dir='ltr'>extabant</span> <span class='ocrx_word' id='word_1_169' title='bbox 694 2872 727 2937; x_wconf 90' lang='lat' dir='ltr'>in</span> <span class='ocrx_word' id='word_1_170' title='bbox 762 2893 889 2938; x_wconf 86' lang='lat' dir='ltr'>erucem</span> <span class='ocrx_word' id='word_1_171' title='bbox 927 2872 1001 2955; x_wconf 83' lang='lat' dir='ltr'>egit.</span> <span class='ocrx_word' id='word_1_172' title='bbox 1048 2891 1150 2937; x_wconf 89' lang='lat' dir='ltr'>ouans</span> <span class='ocrx_word' id='word_1_173' title='bbox 1185 2870 1297 2936; x_wconf 93' lang='lat' dir='ltr'>urbem</span> 
     </span>
     <span class='ocr_line' id='line_1_22' title="bbox 155 2976 1299 3068; baseline -0.004 -18"><span class='ocrx_word' id='word_1_174' title='bbox 155 2976 287 3062; x_wconf 60' lang='lat' dir='ltr'>{tunsus</span> <span class='ocrx_word' id='word_1_175' title='bbox 309 2991 345 3047; x_wconf 92' lang='lat' dir='ltr'>ut</span> <span class='ocrx_word' id='word_1_176' title='bbox 366 2982 604 3067; x_wconf 88' lang='lat' dir='ltr'>inperpetuum</span> <span class='ocrx_word' id='word_1_177' title='bbox 625 2983 816 3049; x_wconf 78' lang='lat' dir='ltr'>tribuniciae</span> <span class='ocrx_word' id='word_1_178' title='bbox 838 2983 1008 3068; x_wconf 88' lang='lat' dir='ltr'>potestatis</span> <span class='ocrx_word' id='word_1_179' title='bbox 1033 2987 1119 3049; x_wconf 86' lang='lat' dir='ltr'>esset</span> <span class='ocrx_word' id='word_1_180' title='bbox 1139 3002 1160 3047; x_wconf 91' lang='lat' dir='ltr'>a</span> <span class='ocrx_word' id='word_1_181' title='bbox 1184 2986 1299 3047; x_wconf 89' lang='lat' dir='ltr'>senatu</span> 
     </span>
     <span class='ocr_line' id='line_1_23' title="bbox 155 3085 367 3159; baseline 0.033 -9"><span class='ocrx_word' id='word_1_182' title='bbox 155 3085 285 3158; x_wconf 86' lang='lat' dir='ltr'>decretum</span> <span class='ocrx_word' id='word_1_183' title='bbox 308 3099 367 3159; x_wconf 91' lang='lat' dir='ltr'>est.</span> 
     </span>
     <span class='ocr_line' id='line_1_24' title="bbox 212 3197 1297 3270; baseline -0.006 -2"><span class='ocrx_word' id='word_1_184' title='bbox 212 3202 266 3270; x_wconf 84' lang='lat' dir='ltr'>His</span> <span class='ocrx_word' id='word_1_185' title='bbox 295 3202 410 3268; x_wconf 90' lang='lat' dir='ltr'>diebus</span> <span class='ocrx_word' id='word_1_186' title='bbox 439 3209 529 3268; x_wconf 86' lang='lat' dir='ltr'>trans</span> <span class='ocrx_word' id='word_1_187' title='bbox 552 3202 695 3267; x_wconf 80' lang='lat' dir='ltr'>Tiberim</span> <span class='ocrx_word' id='word_1_188' title='bbox 728 3222 746 3268; x_wconf 93' lang='lat' dir='ltr'>e</span> <span class='ocrx_word' id='word_1_189' title='bbox 774 3203 910 3268; x_wconf 84' lang='lat' dir='ltr'>taberna</span> <span class='ocrx_word' id='word_1_190' title='bbox 939 3203 1103 3268; x_wconf 86' lang='lat' dir='ltr'>meritoria</span> <span class='ocrx_word' id='word_1_191' title='bbox 1132 3201 1204 3266; x_wconf 87' lang='lat' dir='ltr'>iens</span> <span class='ocrx_word' id='word_1_192' title='bbox 1232 3197 1297 3264; x_wconf 90' lang='lat' dir='ltr'>olei</span> 
     </span>
     <span class='ocr_line' id='line_1_25' title="bbox 154 3311 1201 3397; baseline 0.002 -25"><span class='ocrx_word' id='word_1_193' title='bbox 154 3312 215 3376; x_wconf 86' lang='lat' dir='ltr'>tene</span> <span class='ocrx_word' id='word_1_194' title='bbox 231 3312 407 3380; x_wconf 84' lang='lat' dir='ltr'>exundauit</span> <span class='ocrx_word' id='word_1_195' title='bbox 427 3330 467 3378; x_wconf 88' lang='lat' dir='ltr'>ao</span> <span class='ocrx_word' id='word_1_196' title='bbox 488 3332 546 3395; x_wconf 91' lang='lat' dir='ltr'>per</span> <span class='ocrx_word' id='word_1_197' title='bbox 568 3318 668 3376; x_wconf 88' lang='lat' dir='ltr'>totum</span> <span class='ocrx_word' id='word_1_198' title='bbox 692 3312 776 3378; x_wconf 88' lang='lat' dir='ltr'>dieur</span> <span class='ocrx_word' id='word_1_199' title='bbox 801 3314 984 3397; x_wconf 82' lang='lat' dir='ltr'>largissimo</span> <span class='ocrx_word' id='word_1_200' title='bbox 1007 3313 1077 3377; x_wconf 90' lang='lat' dir='ltr'>riuo</span> <span class='ocrx_word' id='word_1_201' title='bbox 1100 3311 1201 3375; x_wconf 84' lang='lat' dir='ltr'>fluxit.</span> 
     </span>
    </p>

    <p class='ocr_par' dir='ltr' id='par_1_5' title="bbox 125 3412 1380 3948">
     <span class='ocr_line' id='line_1_26' title="bbox 125 3412 1380 3507; baseline -0.006 -20"><span class='ocrx_word' id='word_1_202' title='bbox 125 3419 146 3471; x_wconf 74' lang='lat' dir='ltr'>b</span> <span class='ocrx_word' id='word_1_203' title='bbox 213 3423 366 3489; x_wconf 81' lang='lat' dir='ltr'>Antonius</span> <span class='ocrx_word' id='word_1_204' title='bbox 388 3442 464 3487; x_wconf 92' lang='lat' dir='ltr'>uero</span> <span class='ocrx_word' id='word_1_205' title='bbox 486 3428 598 3489; x_wconf 88' lang='lat' dir='ltr'>eontra</span> <span class='ocrx_word' id='word_1_206' title='bbox 618 3422 756 3488; x_wconf 88' lang='lat' dir='ltr'>Parthos</span> <span class='ocrx_word' id='word_1_207' title='bbox 779 3423 939 3506; x_wconf 86' lang='lat' dir='ltr'>profectus</span> <span class='ocrx_word' id='word_1_208' title='bbox 972 3429 1141 3507; x_wconf 86' lang='lat' dir='ltr'>postquam</span> <span class='ocrx_word' id='word_1_209' title='bbox 1165 3417 1298 3484; x_wconf 73' lang='lat' dir='ltr'>Araxius</span> <span class='ocrx_word' id='word_1_210' title='bbox 1319 3412 1380 3478; x_wconf 88' lang='lat' dir='ltr'>Vll</span> 
     </span>
     <span class='ocr_line' id='line_1_27' title="bbox 155 3528 1300 3615; baseline 0.001 -23"><span class='ocrx_word' id='word_1_211' title='bbox 155 3532 310 3615; x_wconf 75' lang='lat' dir='ltr'>tansmisit,</span> <span class='ocrx_word' id='word_1_212' title='bbox 348 3532 496 3598; x_wconf 90' lang='lat' dir='ltr'>omnibus</span> <span class='ocrx_word' id='word_1_213' title='bbox 524 3530 667 3614; x_wconf 85' lang='lat' dir='ltr'>undique</span> <span class='ocrx_word' id='word_1_214' title='bbox 695 3532 789 3598; x_wconf 88' lang='lat' dir='ltr'>malis</span> <span class='ocrx_word' id='word_1_215' title='bbox 821 3533 1057 3599; x_wconf 88' lang='lat' dir='ltr'>circumuentus</span> <span class='ocrx_word' id='word_1_216' title='bbox 1085 3531 1141 3597; x_wconf 80' lang='lat' dir='ltr'>uix</span> <span class='ocrx_word' id='word_1_217' title='bbox 1168 3528 1300 3594; x_wconf 87' lang='lat' dir='ltr'>tandem</span> 
     </span>
     <span class='ocr_line' id='line_1_28' title="bbox 155 3635 1301 3727; baseline 0 -24"><span class='ocrx_word' id='word_1_218' title='bbox 155 3635 327 3709; x_wconf 74' lang='lat' dir='ltr'>Antiochiam</span> <span class='ocrx_word' id='word_1_219' title='bbox 354 3663 426 3707; x_wconf 89' lang='lat' dir='ltr'>eum</span> <span class='ocrx_word' id='word_1_220' title='bbox 448 3642 560 3727; x_wconf 85' lang='lat' dir='ltr'>paucis</span> <span class='ocrx_word' id='word_1_221' title='bbox 582 3641 687 3707; x_wconf 87' lang='lat' dir='ltr'>rediit.</span> <span class='ocrx_word' id='word_1_222' title='bbox 717 3663 793 3706; x_wconf 85' lang='lat' dir='ltr'>narn</span> <span class='ocrx_word' id='word_1_223' title='bbox 815 3661 887 3706; x_wconf 89' lang='lat' dir='ltr'>cum</span> <span class='ocrx_word' id='word_1_224' title='bbox 903 3642 1139 3708; x_wconf 88' lang='lat' dir='ltr'>multitudinem</span> <span class='ocrx_word' id='word_1_225' title='bbox 1157 3641 1301 3724; x_wconf 87' lang='lat' dir='ltr'>equitum</span> 
     </span>
     <span class='ocr_line' id='line_1_29' title="bbox 154 3748 1299 3837; baseline -0.003 -19"><span class='ocrx_word' id='word_1_226' title='bbox 154 3752 175 3810; x_wconf 71' lang='lat' dir='ltr'>et</span> <span class='ocrx_word' id='word_1_227' title='bbox 189 3753 415 3837; x_wconf 83' lang='lat' dir='ltr'>sagittariorum</span> <span class='ocrx_word' id='word_1_228' title='bbox 438 3751 480 3817; x_wconf 90' lang='lat' dir='ltr'>ab</span> <span class='ocrx_word' id='word_1_229' title='bbox 495 3752 644 3818; x_wconf 93' lang='lat' dir='ltr'>omnibus</span> <span class='ocrx_word' id='word_1_230' title='bbox 661 3752 803 3836; x_wconf 88' lang='lat' dir='ltr'>proeliis,</span> <span class='ocrx_word' id='word_1_231' title='bbox 828 3772 911 3836; x_wconf 87' lang='lat' dir='ltr'>quae</span> <span class='ocrx_word' id='word_1_232' title='bbox 933 3754 1028 3837; x_wconf 88' lang='lat' dir='ltr'>plura</span> <span class='ocrx_word' id='word_1_233' title='bbox 1049 3751 1228 3836; x_wconf 86' lang='lat' dir='ltr'>temptauit,</span> <span class='ocrx_word' id='word_1_234' title='bbox 1253 3748 1299 3814; x_wconf 91' lang='lat' dir='ltr'>ui·</span> 
     </span>
     <span class='ocr_line' id='line_1_30' title="bbox 154 3859 1299 3948; baseline -0.003 -22"><span class='ocrx_word' id='word_1_235' title='bbox 154 3864 201 3926; x_wconf 72' lang='lat' dir='ltr'>bus</span> <span class='ocrx_word' id='word_1_236' title='bbox 217 3882 343 3948; x_wconf 85' lang='lat' dir='ltr'>semper</span> <span class='ocrx_word' id='word_1_237' title='bbox 364 3862 529 3946; x_wconf 84' lang='lat' dir='ltr'>effugeret,</span> <span class='ocrx_word' id='word_1_238' title='bbox 552 3869 619 3926; x_wconf 93' lang='lat' dir='ltr'>tum</span> <span class='ocrx_word' id='word_1_239' title='bbox 642 3869 811 3946; x_wconf 87' lang='lat' dir='ltr'>praeterea</span> <span class='ocrx_word' id='word_1_240' title='bbox 826 3863 958 3928; x_wconf 90' lang='lat' dir='ltr'>incertis</span> <span class='ocrx_word' id='word_1_241' title='bbox 975 3868 1007 3927; x_wconf 90' lang='lat' dir='ltr'>et</span> <span class='ocrx_word' id='word_1_242' title='bbox 1022 3862 1141 3944; x_wconf 83' lang='lat' dir='ltr'>ignotis</span> <span class='ocrx_word' id='word_1_243' title='bbox 1157 3859 1299 3942; x_wconf 83' lang='lat' dir='ltr'>regionis</span> 
     </span>
    </p>

    <p class='ocr_par' dir='ltr' id='par_1_6' title="bbox 125 3963 1302 4277">
     <span class='ocr_line' id='line_1_31' title="bbox 125 3963 1299 4058; baseline -0.003 -21"><span class='ocrx_word' id='word_1_244' title='bbox 125 3963 208 4037; x_wconf 72' lang='lat' dir='ltr'>alcu</span> <span class='ocrx_word' id='word_1_245' title='bbox 226 3971 399 4058; x_wconf 88' lang='lat' dir='ltr'>impeditus</span> <span class='ocrx_word' id='word_1_246' title='bbox 421 3972 616 4055; x_wconf 80' lang='lat' dir='ltr'>grauissima</span> <span class='ocrx_word' id='word_1_247' title='bbox 638 3973 722 4038; x_wconf 85' lang='lat' dir='ltr'>lame</span> <span class='ocrx_word' id='word_1_248' title='bbox 745 3971 788 4036; x_wconf 92' lang='lat' dir='ltr'>ad</span> <span class='ocrx_word' id='word_1_249' title='bbox 803 3971 960 4039; x_wconf 86' lang='lat' dir='ltr'>nefandos</span> <span class='ocrx_word' id='word_1_250' title='bbox 977 3972 1066 4037; x_wconf 88' lang='lat' dir='ltr'>eibos</span> <span class='ocrx_word' id='word_1_251' title='bbox 1088 3976 1219 4035; x_wconf 86' lang='lat' dir='ltr'>coactus</span> <span class='ocrx_word' id='word_1_252' title='bbox 1241 3975 1299 4034; x_wconf 90' lang='lat' dir='ltr'>est.</span> 
     </span>
     <span class='ocr_line' id='line_1_32' title="bbox 153 4075 1302 4157; baseline -0.003 -13"><span class='ocrx_word' id='word_1_253' title='bbox 153 4075 254 4157; x_wconf 82' lang='lat' dir='ltr'>plurimi</span> <span class='ocrx_word' id='word_1_254' title='bbox 275 4082 412 4148; x_wconf 90' lang='lat' dir='ltr'>militum</span> <span class='ocrx_word' id='word_1_255' title='bbox 440 4100 513 4148; x_wconf 90' lang='lat' dir='ltr'>sese</span> <span class='ocrx_word' id='word_1_256' title='bbox 541 4082 688 4149; x_wconf 90' lang='lat' dir='ltr'>hostibus</span> <span class='ocrx_word' id='word_1_257' title='bbox 720 4081 922 4148; x_wconf 88' lang='lat' dir='ltr'>dediderunt.</span> <span class='ocrx_word' id='word_1_258' title='bbox 968 4080 1045 4147; x_wconf 90' lang='lat' dir='ltr'>inde</span> <span class='ocrx_word' id='word_1_259' title='bbox 1074 4079 1107 4145; x_wconf 92' lang='lat' dir='ltr'>in</span> <span class='ocrx_word' id='word_1_260' title='bbox 1131 4078 1302 4144; x_wconf 85' lang='lat' dir='ltr'>Graeciam</span> 
     </span>
     <span class='ocr_line' id='line_1_33' title="bbox 153 4188 1302 4277; baseline -0.003 -21"><span class='ocrx_word' id='word_1_261' title='bbox 153 4190 253 4259; x_wconf 76' lang='lat' dir='ltr'>transiit</span> <span class='ocrx_word' id='word_1_262' title='bbox 273 4192 432 4274; x_wconf 84' lang='lat' dir='ltr'>iussitque</span> <span class='ocrx_word' id='word_1_263' title='bbox 454 4192 659 4277; x_wconf 84' lang='lat' dir='ltr'>Pompeium,</span> <span class='ocrx_word' id='word_1_264' title='bbox 696 4191 751 4275; x_wconf 88' lang='lat' dir='ltr'>qui</span> <span class='ocrx_word' id='word_1_265' title='bbox 780 4192 884 4258; x_wconf 87' lang='lat' dir='ltr'>uictus</span> <span class='ocrx_word' id='word_1_266' title='bbox 912 4190 1096 4258; x_wconf 82' lang='lat' dir='ltr'>aGaesare</span> <span class='ocrx_word' id='word_1_267' title='bbox 1126 4188 1302 4256; x_wconf 87' lang='lat' dir='ltr'>exercitum</span> 
     </span>
    </p>
   </div>
   <div class='ocr_carea' id='block_1_5' title="bbox 155 4361 431 4381">
    <p class='ocr_par' dir='ltr' id='par_1_7' title="bbox 155 4361 431 4381">
     <span class='ocr_line' id='line_1_34' title="bbox 155 4361 431 4381; baseline -0.004 1"><span class='ocrx_word' id='word_1_268' title='bbox 155 4361 431 4381; x_wconf 39' lang='lat' dir='ltr'>&#39;Q————</span> 
     </span>
    </p>
   </div>
   <div class='ocr_carea' id='block_1_6' title="bbox 152 4474 1307 4826">
    <p class='ocr_par' dir='ltr' id='par_1_8' title="bbox 152 4474 1307 4826">
     <span class='ocr_line' id='line_1_35' title="bbox 200 4474 1304 4547; baseline -0.003 -16"><span class='ocrx_word' id='word_1_269' title='bbox 200 4480 214 4531; x_wconf 82' lang='lat'>8</span> <span class='ocrx_word' id='word_1_270' title='bbox 230 4477 377 4546; x_wconf 73' lang='lat' dir='ltr'>repellendo</span> <span class='ocrx_word' id='word_1_271' title='bbox 395 4492 465 4532; x_wconf 83' lang='lat' dir='ltr'>corr.</span> <span class='ocrx_word' id='word_1_272' title='bbox 491 4478 520 4532; x_wconf 81' lang='lat' dir='ltr'>tn</span> <span class='ocrx_word' id='word_1_273' title='bbox 543 4477 694 4547; x_wconf 88' lang='lat' dir='ltr'>repellendo</span> <span class='ocrx_word' id='word_1_274' title='bbox 713 4476 785 4532; x_wconf 84' lang='lat' dir='ltr'>iol)</span> <span class='ocrx_word' id='word_1_275' title='bbox 899 4481 928 4532; x_wconf 83' lang='lat'>13</span> <span class='ocrx_word' id='word_1_276' title='bbox 948 4482 1091 4545; x_wconf 77' lang='lat' dir='ltr'>imperauit</span> <span class='ocrx_word' id='word_1_277' title='bbox 1108 4476 1142 4531; x_wconf 69' lang='lat' dir='ltr'>D*</span> <span class='ocrx_word' id='word_1_278' title='bbox 1235 4474 1304 4528; x_wconf 87' lang='lat' dir='ltr'>mul·</span> 
     </span>
     <span class='ocr_line' id='line_1_36' title="bbox 152 4567 1307 4626; baseline -0.003 -3"><span class='ocrx_word' id='word_1_279' title='bbox 152 4570 328 4626; x_wconf 70' lang='lat' dir='ltr'>montell)</span> <span class='ocrx_word' id='word_1_280' title='bbox 433 4574 467 4626; x_wconf 77' lang='lat'>24</span> <span class='ocrx_word' id='word_1_281' title='bbox 494 4570 599 4626; x_wconf 79' lang='lat' dir='ltr'>haul)</span> <span class='ocrx_word' id='word_1_282' title='bbox 709 4569 847 4624; x_wconf 70' lang='lat' dir='ltr'>tollunt</span> <span class='ocrx_word' id='word_1_283' title='bbox 875 4570 902 4625; x_wconf 83' lang='lat' dir='ltr'>o</span> <span class='ocrx_word' id='word_1_284' title='bbox 1004 4575 1036 4624; x_wconf 79' lang='lat'>25</span> <span class='ocrx_word' id='word_1_285' title='bbox 1067 4574 1163 4625; x_wconf 85' lang='lat' dir='ltr'>contra</span> <span class='ocrx_word' id='word_1_286' title='bbox 1191 4567 1307 4622; x_wconf 76' lang='lat' dir='ltr'>Parthos</span> 
     </span>
     <span class='ocr_line' id='line_1_37' title="bbox 153 4659 1307 4734; baseline -0.002 -17"><span class='ocrx_word' id='word_1_287' title='bbox 153 4661 218 4731; x_wconf 58' lang='lat' dir='ltr'>blus]</span> <span class='ocrx_word' id='word_1_288' title='bbox 253 4664 392 4734; x_wconf 81' lang='lat' dir='ltr'>prolectat</span> <span class='ocrx_word' id='word_1_289' title='bbox 418 4680 469 4718; x_wconf 89' lang='lat' dir='ltr'>om.</span> <span class='ocrx_word' id='word_1_290' title='bbox 493 4664 520 4720; x_wconf 88' lang='grc' dir='ltr'>Ι)</span> <span class='ocrx_word' id='word_1_291' title='bbox 629 4667 661 4718; x_wconf 79' lang='lat'>26</span> <span class='ocrx_word' id='word_1_292' title='bbox 686 4663 814 4733; x_wconf 89' lang='lat' dir='ltr'>undique]</span> <span class='ocrx_word' id='word_1_293' title='bbox 839 4679 901 4732; x_wconf 84' lang='lat' dir='ltr'>unq.</span> <span class='ocrx_word' id='word_1_294' title='bbox 926 4663 952 4719; x_wconf 83' lang='grc' dir='ltr'>Ι)</span> <span class='ocrx_word' id='word_1_295' title='bbox 1068 4667 1101 4717; x_wconf 76' lang='lat'>28</span> <span class='ocrx_word' id='word_1_296' title='bbox 1130 4663 1256 4731; x_wconf 73' lang='lat' dir='ltr'>sagittam</span> <span class='ocrx_word' id='word_1_297' title='bbox 1281 4659 1307 4714; x_wconf 79' lang='lat'>1&gt;</span> 
     </span>
     <span class='ocr_line' id='line_1_38' title="bbox 153 4751 364 4826; baseline 0.014 -14"><span class='ocrx_word' id='word_1_298' title='bbox 153 4751 310 4826; x_wconf 67' lang='lat' dir='ltr'>bremont</span> <span class='ocrx_word' id='word_1_299' title='bbox 324 4758 364 4815; x_wconf 73' lang='grc' dir='ltr'>θ’</span> 
     </span>
    </p>
   </div>
   <div class='ocr_carea' id='block_1_7' title="bbox 0 0 1432 5394">
    <p class='ocr_par' dir='ltr' id='par_1_9' title="bbox 0 0 1432 5394">
     <span class='ocr_line' id='line_1_39' title="bbox 0 0 1432 5394; baseline 0 0"><span class='ocrx_word' id='word_1_300' title='bbox 0 0 1432 5394; x_wconf 95' lang='lat' dir='ltr'> </span> 
     </span>
    </p>
   </div>
  </div>
 </body>
</html>
