2834 5394
180 286 242 350 386
671 298 764 345 nrsru
784 297 872 343 xvur

181 458 285 517 matus
307 457 338 515 ct
359 451 536 535 pauxillum
564 450 762 534 alanguore
790 448 945 515 dimissus
974 449 1145 514 aduocauit
1171 455 1236 512 tam
1261 449 1361 534 Euty-

179 561 286 627 cbium
308 560 492 646 pontificem
514 568 547 624 ct
568 567 714 626 senatum
749 578 844 640 quam
874 579 986 625 omncs
1010 558 1193 625 sacerdotes
1216 564 1248 623 et
1269 558 1360 624 ciues

182 678 215 738 et
236 670 375 736 adducto
391 670 533 736 Caesare
548 669 678 734 Tiberio
700 669 808 752 palam
832 669 980 736 omnibus
1003 668 1182 753 appellauit
1202 688 1275 733 eum
1299 668 1360 730 irn-

28 780 198 847 XXXlIII
223 787 405 868 peratorem
420 780 472 846 lris
489 779 690 846 sermonibus
712 800 790 843 usus
814 778 897 844 ‘eccc
912 779 992 844 deus
1008 779 1167 844 benefecit
1181 778 1250 859 tibi,
1273 776 1360 841 bunc

180 891 325 957 habitum
348 889 428 956 deus
450 889 510 954 tibi
534 888 632 970 dedit,
656 909 720 954 non
743 909 813 972 ego.
859 889 982 954 honora
1005 889 1093 953 illurn
1117 896 1151 952 ut
1172 896 1207 951 tu
1230 906 1358 970 quoque

144 1050 147 1057 .
179 1001 348 1067 honoraris
371 1000 412 1064 ab
435 999 517 1083 ipso.
563 999 688 1064 honora
709 1004 843 1062 matrem
866 1006 953 1062 tuam
983 992 1066 1082 quae
1095 997 1269 1081 aliquando
1302 1003 1391 1062 tuab

180 1110 311 1176 domina
327 1110 394 1174 luit.
418 1110 500 1176 nosti
525 1107 610 1192 quod
633 1109 771 1193 primum
787 1109 857 1174 cius
874 1128 986 1174 seruus
1010 1108 1117 1189 lueris,
1141 1128 1226 1174 nunc
1249 1114 1357 1172 autom

179 1220 275 1286 filius.
313 1239 354 1284 uc
375 1219 547 1303 gratuleris
570 1219 603 1284 in
627 1218 849 1301 sanguinibus,
872 1238 913 1283 nc
936 1220 1149 1285 communices
1172 1216 1356 1297 huninidis,

179 1348 221 1396 nc
243 1331 362 1394 malum
384 1349 443 1414 pro
459 1330 543 1394 malo
558 1327 687 1411 reddas,
710 1347 751 1392 nc
772 1328 807 1392 in
829 1329 914 1392 malo
936 1328 1124 1393 inimicitiae
1140 1328 1254 1394 similis
1276 1326 1356 1390 milri

180 1438 341 1505 efficiaris.
371 1458 432 1522 ego
455 1438 540 1504 enim
564 1445 599 1503 ut
620 1438 716 1503 horno
738 1438 876 1523 eulpaui.
910 1445 942 1502 et
964 1439 1049 1503 enirn
1065 1438 1238 1520 culpabilis
1254 1438 1356 1503 lactus
1376 1449 1408 1497 tc

179 1571 252 1616 suru
287 1555 318 1614 ct
345 1549 452 1634 recepi
481 1547 656 1614 secundum
692 1555 824 1632 peccata
853 1568 934 1613 mea.
980 1547 1037 1613 sed
1066 1568 1197 1611 causam
1229 1547 1356 1612 habebo

179 1679 250 1724 curn
282 1659 335 1724 his
372 1659 426 1742 qui
462 1658 523 1723 boo
558 1657 637 1722 mihi
667 1659 811 1724 lecerunt
843 1665 919 1723 autc
947 1658 1087 1722 tribuual
1115 1656 1246 1721 Christi.
1292 1676 1355 1721 non

179 1770 284 1835 eleuet
305 1774 337 1833 te
358 1767 411 1832 hic
432 1767 562 1833 habitus
590 1787 684 1851 quem
707 1766 748 1831 ad
771 1767 899 1832 modum
924 1788 983 1832 me.
1022 1769 1068 1833 sic
1092 1767 1232 1832 adtende
1255 1767 1356 1830 omni·

182 1878 240 1944 bus
262 1878 344 1944 sicut
365 1876 432 1943 tibi.
477 1877 557 1942 scito
580 1877 652 1960 quis
674 1877 772 1942 fureris
795 1879 922 1961 etquis
945 1878 1039 1942 nrodo
1063 1878 1194 1943 onisas.
1240 1896 1281 1942 ue
1305 1898 1354 1943 au-

179 1986 311 2073 perbias
333 1995 365 2052 ot
386 2006 450 2051 non
473 1985 633 2070 peccabis.
678 1987 760 2050 nosti
789 1988 859 2069 quis
888 1988 1001 2052 luerim
1028 1995 1059 2052 ct
1082 1989 1153 2070 quis
1176 1988 1278 2052 lactus
1301 1995 1405 2052 err-1⁵

178 2097 296 2163 titur-im
319 2103 351 2160 et
372 2095 518 2161 existam.
548 2114 660 2161 omnes
683 2096 736 2161 isti
760 2096 817 2160 tilii
839 2097 885 2160 tui
909 2105 982 2162 suut
1004 2106 1035 2162 et
1058 2098 1152 2163 scrui.
1188 2098 1253 2163 scis
1268 2096 1353 2181 quod

178 2227 238 2292 pro
267 2204 446 2273 uisceribus
475 2205 555 2270 rucis
585 2205 809 2270 honorauerim
831 2213 872 2271 tc.
918 2207 977 2272 lros
1005 2228 1076 2272 cunr
1106 2207 1218 2273 uideas
1242 2227 1354 2273 omues

179 2322 359 2403 quaesunt
380 2316 427 2382 rci
450 2314 614 2399 publicae,
637 2314 738 2381 uides.
784 2316 915 2382 intende
946 2317 1036 2381 militi
1066 2327 1136 2400 tuo,
1167 2337 1207 2382 no
1236 2317 1355 2384 milites

179 2427 338 2512 suscipias
361 2446 402 2492 ue
424 2425 533 2490 dicant
555 2425 613 2489 tibi
635 2424 765 2510 quidam
789 2427 866 2510 quia
887 2426 1037 2493 decessor
1058 2435 1131 2492 tuus
1153 2428 1262 2493 taliter
1283 2447 1355 2491 cou-

180 2546 329 2605 ncrsatus
351 2544 410 2603 eat.
455 2536 535 2600 hacc
557 2536 643 2601 enirn
667 2534 737 2599 dico
767 2536 924 2620 aquibus
953 2557 1070 2619 passus
1094 2558 1173 2601 sunr.
1219 2538 1275 2621 qui
1299 2536 1355 2601 ha·
1372 2548 1407 2597 to

179 2648 257 2713 bent
284 2647 499 2727 substautias,
528 2647 674 2710 fruantur
696 2646 752 2711 eis.
798 2646 849 2711 bis
877 2666 954 2712 uero
996 2648 1050 2731 qui
1079 2668 1143 2712 uon
1174 2645 1357 2719 habuerint,

179 2756 282 2821 dona!
326 2763 358 2820 et
389 2756 474 2819 lactu
503 2756 647 2820 oratione
683 2776 703 2819 a
731 2739 917 2838 patriarcha
954 2776 1024 2821 curn
1056 2756 1214 2823 dixissent
1242 2777 1355 2823 omnes

179 2866 302 2948 ‘amem’
325 2864 439 2930 cecidit
461 2863 583 2929 Caesar
605 2864 648 2928 ad
669 2864 769 2949 pedes
791 2866 994 2950 imperatoris
1017 2874 1049 2931 ct
1071 2866 1152 2932 dixit
1173 2867 1202 2932 ei
1226 2866 1271 2934 ‘si
1295 2867 1355 2948 uis,

179 2997 266 3043 sum:
290 2975 317 3043 si
340 2976 398 3058 uis,
423 2995 487 3039 nou
510 2972 600 3039 sum?
643 2981 675 3038 et
696 2975 872 3055 imperator
894 2975 1003 3041 ‘deus'
1025 2977 1071 3040 ait
1093 2977 1164 3060 ‘qui
1186 2977 1261 3042 fecit
1283 2996 1355 3042 cae-

179 3088 244 3149 lunr
274 3090 305 3150 et
334 3092 452 3148 terrain
489 3084 560 3167 ipsc
588 3083 696 3146 oruuia
725 3104 807 3166 qnae
836 3085 943 3150 diccrc
972 3087 1090 3153 oblitus
1120 3109 1200 3169 sum,
1237 3087 1270 3151 iu
1300 3107 1355 3151 cor
1372 3094 1406 3144 25

26 3192 156 3261 XXXV
180 3202 267 3258 tuum
289 3193 456 3257 immittat?
500 3212 594 3276 porro
617 3212 688 3256 curu
711 3193 791 3258 haec
813 3203 1060 3279 persequeretur
1081 3198 1273 3280 irupcrator,
1309 3217 1356 3262 re·

180 3302 289 3388 plebat
318 3302 458 3368 lacrimis
490 3308 589 3367 lotum
621 3304 800 3387 collegium.
845 3305 929 3387 quod
959 3325 1029 3371 cum
1059 3309 1197 3372 solutum
1231 3307 1355 3381 luissct.¹

180 3412 331 3479 Tiberius
354 3411 440 3477 dona
462 3411 598 3478 subditis
621 3413 800 3496 impertitus
824 3422 873 3480 est
901 3422 933 3480 ct
961 3435 1178 3500 quaecumque
1201 3418 1234 3481 in
1258 3418 1356 3500 impc-

181 3523 310 3588 ratoriis
333 3522 606 3607 appellationibus
628 3525 726 3590 moris
749 3524 900 3589 existunt.
944 3526 996 3589 bic
1018 3527 1159 3592 lustinus
1180 3527 1273 3590 initio
1298 3527 1352 3589 inr-

178 3635 261 3717 pcrii
284 3634 332 3699 sui
356 3633 458 3698 bonus
481 3632 554 3714 luit,
583 3640 658 3715 post
686 3636 719 3697 in
748 3635 833 3698 omni
863 3636 1003 3700 auaritia
1025 3635 1137 3700 incidit
1165 3636 1270 3701 idest
1299 3656 1353 3700 ex·
1370 3641 1406 3688 ³0

179 3751 303 3827 emptor
324 3764 518 3827 promerunt,
542 3750 724 3809 senatorum
748 3745 937 3826 expoliator.
983 3748 1032 3810 cui
1061 3753 1152 3810 tauta
1185 3745 1243 3810 luit
1265 3746 1353 3828 cupi·

178 3852 287 3917 ditatis
311 3854 417 3919 rabies
440 3862 474 3917 ut
496 3872 589 3918 arcas
612 3854 733 3919 ferreas
755 3853 880 3919 iuberet
901 3854 971 3920 ficri
994 3857 1027 3920 in
1051 3856 1167 3937 quibus
1183 3875 1354 3940 quaecum-

179 3983 240 4046 que
261 3963 408 4044 rapicbat
433 3963 502 4026 auri
525 3963 647 4028 talcnta
669 3971 888 4046 congregaret.

183 4092 329 4099 -ψ,
344 4094 353 4098 ⁴.
365 4093 405 4099 ...-
424 4090 477 4098 -ο

249 4144 426 4199 leutrcn'rD
495 4146 676 4215 3tybenoll
748 4145 993 4199 renormat>
1044 4148 1185 4215 culpabilis
1204 4148 1241 4201 P:
1266 4148 1353 4201 rucul-

178 4237 318 4304 pabrlrll)
420 4241 452 4309 ,13
471 4237 694 4307 queammodul)
819 4241 847 4290 18
875 4237 970 4306 qurD
1077 4245 1105 4294 19
1132 4241 1264 4309 suspicias
1283 4243 1354 4295 coni.

180 4328 312 4381 Gmclerus
397 4334 430 4382 20
449 4329 653 4399 aqu1b3pall'd
672 4329 762 4399 qual)
857 4330 1070 4400 28tyber1lulD
1138 4333 1351 4403 imperatorrlD

178 4422 210 4472 32
229 4435 256 4472 ru
275 4420 345 4487 anb;
366 4420 470 4489 cdql)
