2834 5394
191 263 253 325 450
699 278 790 324 nram
812 278 859 324 xx

191 428 321 495 milibus
351 429 460 513 procul
484 448 504 493 a
526 428 637 494 Narba
658 428 791 495 tluminc
820 429 874 494 ubi
904 439 973 495 erat
996 430 1165 496 Persarum
1194 431 1376 512 exercitus,

191 541 275 606 inter
308 560 389 623 qrros
411 539 577 604 habebant
604 539 701 603 etiam
725 538 915 623 elephantes
938 540 1103 607 ducentos.
1147 548 1179 606 et
1201 539 1295 606 misit
1316 541 1376 605 im-

188 657 318 735 perator
340 650 511 734 Georgium
541 649 744 715 turmarchen
768 649 1031 715 Armeniacorum
1062 657 1095 715 nt
1116 651 1176 715 iret
1197 669 1305 735 usque
1327 651 1372 716 ad

187 759 307 826 flumen
331 768 363 826 et
385 759 524 825 disceret
546 766 650 824 utrum
672 758 801 825 Narbas
829 759 947 825 uadum
970 760 1114 826 baberet.
1159 770 1190 824 et
1217 779 1292 824 curn
1322 760 1371 825 in-

188 872 331 937 uenisset
352 868 438 953 quod
460 877 574 954 pontes
597 869 786 935 incidissent
808 880 840 936 et
862 870 980 936 uadum
1002 892 1065 935 non
1082 870 1225 949 baberet,
1249 870 1294 935 ad
1311 871 1403 935 ime

187 986 368 1066 peratorem
391 979 511 1045 reuersi
535 985 619 1061 sunt,
642 980 697 1063 qui
719 988 824 1045 morus
840 981 975 1048 Sizuron
998 980 1076 1046 adit.
1121 988 1153 1045 ct
1174 980 1367 1045 circumibat

187 1089 364 1157 incendens
393 1091 544 1172 regiones
574 1097 606 1155 et
633 1090 729 1157 urbes
766 1109 824 1174 per
851 1097 951 1156 totum
975 1091 1184 1156 Februarium
1208 1109 1367 1157 mensem.

187 1200 302 1266 Martio
325 1220 401 1266 uero
423 1219 536 1266 mense
558 1219 630 1265 curn
652 1200 796 1266 uenisset
824 1202 857 1266 in
882 1200 1049 1286 praedium
1080 1201 1165 1285 qnod
1194 1200 1367 1267 dicebatur

186 1312 330 1394 Barzan,
362 1311 465 1376 iecere
494 1318 618 1395 septem
647 1310 718 1377 dies
747 1318 778 1375 et
806 1312 893 1378 misit
921 1312 1090 1378 Mesetium
1120 1318 1302 1397 praetorem
1331 1313 1365 1376 in

187 1441 315 1489 cursum
345 1427 377 1486 et
404 1420 576 1486 adiunctus
604 1427 655 1486 est
682 1421 712 1486 ei
742 1420 959 1487 Gundabusas
993 1421 1188 1488 chiliarchus
1229 1421 1414 1486 miliriaco

187 1532 389 1599 Sarbaranae
412 1548 482 1594 cum
506 1531 580 1596 aliis
603 1531 758 1615 quinque,
788 1531 891 1597 tribus
913 1532 1096 1610 comitibus,
1131 1530 1257 1597 duobus
1287 1551 1365 1597 uero

187 1641 392 1709 axiomaticis
415 1648 447 1705 et
468 1640 560 1706 duxit
582 1659 637 1706 eos
662 1640 704 1705 ad
727 1641 961 1724 imperatorem.

30 1751 227 1820 XXXXVII
277 1751 338 1829 Qui
370 1749 521 1816 uidelicet
550 1750 767 1818 Gundabusas
797 1771 848 1817 res
877 1751 1079 1817 necessarias
1100 1751 1285 1834 imperatori
1309 1770 1365 1816 an·

184 1862 345 1927 nuntiauit
366 1860 479 1926 dicens
507 1861 647 1945 ‘quando
676 1861 819 1944 fugiebat
841 1860 999 1927 Cbosroes
1028 1860 1309 1945 aDamastagerd
1333 1867 1365 1925 et

184 1971 266 2036 adiit
294 1969 536 2054 Ctesiphontem
574 1977 670 2054 atque
707 1972 903 2051 Seleuciam,
933 1970 1139 2056 dysenteriae
1171 1972 1362 2054 languorem
1382 1981 1411 2031 rt

184 2080 317 2145 incurrit
344 2086 376 2144 et
404 2079 505 2144 uoluit
526 2081 628 2145 tilium
652 2102 743 2146 sunm
766 2081 954 2162 lierdasan‚
982 2101 1078 2164 quem
1105 2088 1218 2165 genuit
1240 2100 1281 2146 ex
1303 2081 1364 2165 Sy-

184 2210 262 2271 rum,
285 2209 438 2255 coronare
460 2196 557 2274 atque
572 2210 740 2274 regressus
755 2192 869 2256 iterum
884 2211 1011 2257 amnem
1027 2191 1178 2256 transiuit
1198 2198 1230 2255 et
1252 2209 1362 2256 secum

183 2301 276 2368 duruit
290 2300 463 2367 Mordasan
486 2308 583 2382 atque
605 2301 717 2386 Syrem
740 2309 772 2367 et
793 2301 892 2366 alium
914 2302 1016 2366 tilium
1039 2304 1110 2367 eius
1132 2301 1207 2365 Aer.
1242 2301 1362 2385 primo-

182 2413 326 2498 genitum
355 2418 462 2477 autem
491 2412 590 2477 filium
620 2432 711 2478 suum
741 2411 881 2496 Syrobin
915 2419 947 2477 et
969 2412 1084 2478 iratres
1107 2411 1177 2476 eius
1206 2429 1360 2476 necnon

183 2530 215 2589 et
243 2523 394 2589 mulieres
426 2542 504 2589 suas
540 2522 662 2588 dimisit
689 2523 773 2587 ultra
801 2521 929 2587 flunren.
974 2529 1199 2606 compertoque
1222 2519 1360 2604 Syrohis
1376 2536 1410 2586 to

181 2632 267 2717 quod
289 2632 459 2698 llerdasan
483 2652 635 2698 coronare
659 2633 763 2714 uellet,
797 2632 943 2699 turbatus
966 2639 1015 2698 est
1046 2639 1078 2696 et
1100 2631 1187 2697 misit
1208 2629 1361 2694 collacta-

180 2761 276 2806 neum
300 2762 392 2806 suum
420 2740 461 2806 ad
484 2741 708 2807 Gundabusan
738 2741 897 2808 mandans
925 2742 955 2807 ei
992 2749 1023 2806 et
1052 2741 1164 2806 dicens
1195 2740 1279 2805 ‘ueni
1310 2740 1359 2805 cis

181 2850 300 2917 flumen
324 2858 358 2915 ut
380 2852 494 2935 loquar
515 2858 630 2917 tecum.
674 2852 783 2917 atille
806 2852 912 2917 timuit
927 2850 1092 2919 Obosroen
1114 2858 1146 2915 et
1166 2869 1231 2915 non
1253 2856 1361 2915 trans-

181 2962 241 3027 iuit
263 2961 319 3028 sed
343 2960 511 3027 mandauit
533 2962 561 3027 ei
586 2960 721 3027 ‘scribe’
742 2962 892 3045 inquiens
916 2961 1004 3026 ‘mihi
1038 2981 1095 3047 per
1123 2960 1357 3025 collactaneum

24 3070 239 3139 XXXXVIII
253 3090 359 3135 meum
370 3071 521 3155 quiequid
534 3071 692 3136 nolueris!
708 3078 740 3137 et
755 3072 884 3156 scripsit
899 3072 929 3137 ei
946 3070 1079 3156 Syrobis
1095 3069 1254 3154 ‘quoniam
1272 3072 1359 3135 nosti
1377 3085 1411 3136 25

182 3180 321 3265 qualiter
347 3199 400 3245 res
429 3180 559 3263 publica
595 3181 764 3247 Persarum
801 3201 860 3267 per
894 3201 1032 3264 nequam
1063 3180 1224 3245 bominem
1258 3180 1358 3245 istum

181 3289 347 3356 (lhosroen
370 3296 482 3373 pereat
511 3296 543 3353 et
564 3292 638 3356 uult
659 3310 812 3357 coronare
833 3291 1006 3358 lierdasan
1031 3298 1064 3357 et
1085 3310 1137 3356 me
1159 3290 1357 3374 primogeni-

179 3410 245 3467 tum
268 3421 360 3467 suum
384 3400 576 3484 contempsit
604 3406 637 3465 ct
664 3403 692 3467 si
722 3403 880 3469 allocutus
901 3402 1001 3469 fueris
1023 3401 1197 3467 exercitum
1219 3409 1254 3464 ut
1275 3400 1358 3465 reci·

179 3514 271 3597 piant
292 3531 352 3592 me,
383 3517 415 3575 et
442 3531 539 3593 rogas
562 3530 670 3575 eorum
693 3512 819 3595 augebo
849 3519 881 3577 et
902 3531 1014 3596 pacem
1043 3530 1114 3576 curn
1137 3512 1352 3574 Romanorum

180 3624 372 3708 imperatore
395 3640 433 3685 ae
455 3621 568 3687 'loreis
590 3622 704 3686 iaciam
728 3630 760 3687 et
782 3622 864 3688 bene
887 3621 1033 3687 uiuamus
1055 3629 1087 3686 et
1103 3620 1197 3686 stude
1212 3639 1283 3684 cum
1299 3640 1354 3705 po·
1373 3631 1408 3681 ao

180 3734 255 3819 pulo
278 3740 333 3797 tuo
361 3737 396 3796 ut
426 3751 486 3815 ego
508 3751 640 3814 regnem
664 3740 696 3797 et
718 3751 829 3797 omnes
845 3752 904 3798 uos
927 3731 1102 3817 prouebam
1125 3737 1158 3796 et
1172 3730 1354 3795 auxiliabor

247 4043 262 4092 2
281 4046 308 4094 et
325 4056 378 4093 ram
396 4039 420 4093 b
439 4040 464 4095 I)
533 4043 547 4093 3
565 4038 724 4093 turmacben
746 4039 769 4093 l)
854 4045 870 4094 6
888 4040 992 4093 lizuron
1013 4038 1080 4094 IlP:
1098 4040 1207 4094 cizuron
1226 4039 1353 4109 Boupor-

178 4133 272 4186 sianas
288 4140 315 4185 et
332 4134 495 4187 olnastosius
564 4131 688 4186 blacere
706 4131 732 4185 D
809 4137 839 4186 10
856 4131 1090 4201 gundabundail)
1162 4138 1186 4186 ll
1210 4132 1310 4186 larbam
1333 4132 1356 4185 b

181 4228 210 4277 tt
228 4223 296 4291 fugit
313 4224 339 4278 Ι)
391 4230 417 4290 a]
435 4225 514 4280 adl)
569 4230 597 4279 tt
617 4211 780 4293 ctrirphontd
797 4223 824 4279 D
875 4223 1069 4294 drlcmtenel)
1123 4230 1154 4280 16
1172 4224 1356 4278 merdolanl)

181 4318 210 4367 18
236 4314 339 4383 Syram]
368 4304 426 4372 ferd
453 4317 477 4372 l)
570 4303 743 4387 raptorio
853 4320 886 4372 26
911 4317 990 4371 ritum
1016 4319 1045 4372 ia
1069 4318 1126 4387 (inc
1151 4333 1222 4372 cers.
1248 4333 1298 4371 om.
1332 4316 1356 4370 l>

177 4409 209 4459 30
226 4392 334 4476 imprem
351 4407 378 4462 Ι)
