2834 5394
485 742 559 791 can.
582 743 876 791 mum-mxu
1200 728 1261 789 447

83 917 142 982 per
178 896 427 963 intercessiones
456 895 509 962 dei
536 896 711 980 genetricis
739 895 818 960 talia
845 895 1002 962 miracula
1027 902 1145 980 patrat.
1189 893 1263 979 quis

84 1007 170 1072 euim
199 1007 343 1091 sperauit
371 1026 522 1090 umquam
544 1007 655 1091 fugero
678 1005 844 1072 Chosroeu
872 1006 997 1072 aiaoie
1017 1006 1155 1072 Romani
1176 1004 1263 1089 prin·

85 1117 166 1202 cipis
194 1116 236 1183 de
257 1117 387 1201 palatiis
410 1116 493 1199 suis,
524 1136 608 1200 quae
630 1123 722 1182 erant
749 1116 783 1180 in
811 1115 1070 1200 Damastsgerd‚
1101 1121 1133 1180 et
1153 1120 1263 1199 petere

87 1227 327 1312 Ctesiphontem
356 1226 433 1291 dum
456 1247 476 1291 a
499 1227 614 1310 uiginti
636 1232 786 1311 quattuor
814 1226 910 1293 annis
931 1246 1050 1311 passus
1072 1223 1262 1309 Ctesiphon·

53 1344 152 1403 stem
174 1336 286 1402 uidere
307 1357 372 1402 non
395 1336 491 1403 luerit
519 1336 578 1403 sed
601 1338 634 1401 in
656 1335 896 1419 Damastagerd
918 1337 1045 1419 regalia
1065 1336 1136 1402 eius
1158 1340 1260 1401 erant.

169 1448 366 1512 lnuenerunt
382 1453 489 1513 autem
505 1447 616 1531 populi
629 1448 847 1512 Romanorum
865 1448 899 1511 in
914 1447 1044 1532 palatiis
1063 1447 1132 1513 eius
1154 1444 1241 1529 apud
1263 1441 1414 1511 XXXXI

85 1556 322 1641 Damastagerd
336 1563 480 1622 trecenta
495 1558 711 1622 Romanorum
724 1556 843 1638 banda,
859 1577 943 1642 quae
957 1576 1017 1639 per
1030 1555 1160 1623 diuersa
1171 1574 1263 1640 oepe-

84 1673 160 1733 runt
180 1675 335 1752 tempora.
359 1667 552 1733 inuenerunt
574 1667 670 1733 etiam
694 1667 821 1751 species
845 1688 928 1752 qnae
945 1673 1170 1733 remanserant
1184 1666 1262 1730 mul-

86 1786 148 1858 tas,
171 1779 266 1842 aloen
288 1778 413 1843 scilicet
434 1778 568 1842 multam
590 1785 623 1843 et
637 1778 727 1861 ligna
741 1778 830 1843 aloes
845 1797 973 1861 magna,
996 1777 1146 1861 equibus
1162 1795 1273 1864 unum·

40 1904 70 1952 10
87 1887 237 1971 quodque
260 1887 465 1971 septuaginta
486 1887 613 1971 pondus
630 1887 771 1953 habebat
791 1888 845 1953 uel
860 1888 1024 1970 octoginta
1037 1888 1202 1968 librarum,
1225 1891 1258 1951 et

88 1999 224 2064 sericum
259 1998 424 2080 copiosum
453 2017 491 2062 ao
527 1999 620 2083 piper
648 2006 681 2065 et
709 1997 897 2064 carbasinas
935 1997 1087 2064 camisias
1128 1996 1261 2061 multas:

87 2107 222 2175 sacchar
243 2127 370 2191 quoquo
392 2118 489 2192 atque
512 2108 655 2173 zinziber
677 2113 709 2172 et
730 2108 813 2173 alias
828 2108 956 2192 specius
979 2109 1063 2173 ultra
1078 2124 1262 2173 mensuram

51 2285 52 2288 ,
88 2218 141 2282 uel
163 2237 341 2283 nnmerum.
386 2218 517 2301 quidam
548 2238 625 2283 uero
653 2226 685 2284 et
713 2224 882 2302 argentum
911 2227 943 2284 et
963 2217 1145 2284 holoserica
1167 2215 1262 2282 uesti-

90 2335 199 2392 menta
219 2328 420 2393 lectisternia
437 2348 493 2394 seu
516 2348 576 2393 acu
598 2334 748 2395 contexta
769 2330 903 2413 tapetia,
926 2348 1060 2412 quorum
1082 2331 1151 2392 erat
1165 2324 1259 2409 copia

46 2452 72 2500 rs
90 2436 200 2500 multa.
230 2446 385 2521 erantque
408 2439 517 2503 omnis
539 2439 625 2505 bona
647 2439 757 2505 ualde:
780 2458 864 2521 quae
886 2446 1018 2524 propter
1040 2436 1126 2522 quod
1146 2435 1264 2519 grauia

91 2553 212 2629 essent,
249 2548 378 2631 penitus
407 2547 630 2614 incenderunt.
674 2548 731 2614 sed
761 2555 793 2615 et
821 2550 959 2616 tentoria
985 2546 1139 2614 Chosrois
1168 2553 1264 2630 atque

91 2656 240 2737 cortinas,
264 2678 345 2740 quas
369 2659 402 2722 iu
425 2658 555 2724 modurn
578 2658 730 2725 tendebat
744 2661 921 2744 porticuum
944 2658 1074 2744 quando
1095 2658 1130 2722 in
1151 2675 1265 2739 campo

94 2773 201 2833 castra
229 2766 426 2848 metabatur,
458 2775 572 2833 cuncta
600 2776 832 2852 cremauerunt,
870 2770 947 2854 quin
976 2777 1007 2834 et
1039 2775 1164 2834 statuas
1193 2765 1264 2830 eius

97 2878 223 2943 multas.
268 2877 460 2943 inuenerunt
482 2885 587 2943 autem
612 2886 644 2944 ot
665 2881 699 2944 in
722 2879 773 2945 his
795 2879 926 2963 palatiis
949 2879 1075 2943 auiaria
1103 2884 1135 2942 et
1157 2876 1266 2941 dorca-

42 3005 74 3055 m
92 2986 150 3052 des
174 2995 205 3052 et
226 2988 337 3053 asinos
359 2996 505 3071 agrestes
528 2996 559 3053 et
582 3008 727 3071 pauoues
749 2995 781 3054 et
803 2988 981 3071 phasianos
1009 2987 1154 3052 infinitae
1184 2983 1264 3047 mul·

90 3097 236 3162 titudinis
259 3117 318 3162 neo
340 3118 405 3162 non
427 3098 461 3163 in
484 3099 609 3163 uiuario
633 3099 703 3165 eius
724 3100 836 3164 leones
857 3117 896 3163 ae
918 3097 1052 3181 tigrides
1075 3097 1176 3161 mirae
1197 3112 1263 3157 ma-

90 3206 269 3290 gnitudinis
292 3207 394 3272 uiuos.
439 3207 480 3273 de
502 3215 608 3274 cetero
631 3209 840 3292 confugerunt
872 3208 914 3274 ad
947 3209 1174 3293 imperatorem
1195 3204 1266 3289 plu·

90 3317 163 3381 rimi
192 3336 233 3382 en
263 3317 400 3401 captiuis
428 3317 588 3385 Edesseni
618 3320 740 3385 scilieet
769 3326 802 3384 et
830 3319 1043 3384 Alexandrini
1081 3316 1138 3385 sed
1166 3321 1199 3381 et
1226 3333 1267 3379 ex

92 3427 166 3492 aliis
198 3425 332 3492 urbibus
361 3427 583 3495 multitudines
607 3429 767 3513 copiosae.
812 3429 887 3495 lecit
908 3430 1033 3496 interea
1053 3430 1227 3514 imperator
1248 3414 1416 3487 XXXXII

44 3554 75 3602 as
93 3536 300 3601 iestiuitatem
322 3538 478 3602 luminum
501 3558 602 3621 penes
623 3539 862 3622 Damastagerd
891 3541 1028 3606 laetatus
1056 3548 1089 3606 et
1115 3558 1266 3607 recreans

94 3650 158 3707 tam
175 3646 328 3729 populum
350 3666 447 3727 quam
462 3648 614 3714 iumenta.
641 3649 718 3732 quin
734 3657 765 3714 et
780 3648 933 3717 Chosrois
948 3651 1071 3736 palatia
1085 3650 1264 3729 destruens,

94 3753 243 3819 aedificia
264 3755 415 3822 uidelicet
437 3778 520 3841 quae
542 3766 634 3823 erant
649 3760 869 3844 comptissima
883 3768 915 3826 et
930 3760 1124 3829 admiranda
1139 3761 1265 3828 domos·

94 3884 156 3948 que
179 3865 364 3948 stupendas,
388 3887 471 3950 quae
493 3887 596 3952 usquc
618 3868 661 3933 ad
682 3871 902 3954 pauimentum
924 3869 1090 3954 deposuit,
1114 3871 1265 3956 quatinus

95 3974 254 4041 Chosroes
284 3975 442 4042 edisceret
479 3998 574 4061 quam
603 3977 716 4043 durum
749 3979 922 4045 habuerint
957 3982 1093 4046 Romani
1122 3981 1265 4045 dolorem

42 4104 73 4153 30
91 4084 223 4152 urbibus
252 4086 321 4152 suis
349 4085 503 4153 desolatis
539 4087 581 4152 ab
610 4107 647 4154 eo
676 4089 778 4154 nihilo
801 4091 907 4156 minus
937 4097 969 4156 et
990 4091 1141 4156 incensis.
1186 4089 1266 4155 tenti

91 4204 197 4261 autem
220 4202 341 4261 suntet
357 4216 398 4262 ex
412 4197 526 4264 aulicis
542 4198 655 4281 palatii
671 4200 762 4264 multi
785 4200 838 4283 qui
852 4200 1040 4283 interrogati
1056 4199 1186 4284 quando
1201 4198 1266 4266 dis·

95 4434 394 4445 -——-—-.-.—

158 4604 227 4653 3et
254 4605 270 4653 4
295 4600 535 4670 etrlyphontamll
638 4603 712 4657 tllrr's
730 4603 808 4672 elohe
826 4603 852 4657 l)
949 4610 975 4658 tl
997 4603 1172 4660 charbosiuas
1190 4602 1265 4663 Bou·

89 4693 251 4761 porcianus:
269 4693 418 4748 obalbalral
434 4692 489 4748 ΒΡ
558 4698 587 4746 tt
607 4694 702 4750 sachar
719 4694 746 4750 D
796 4697 966 4751 zazrnborD
1034 4702 1064 4752 19
1083 4695 1215 4753 doreadas
1230 4694 1264 4749 ll‘

90 4789 121 4838 23
141 4784 239 4840 odelini
262 4785 289 4840 Ι)
392 4792 423 4841 24
448 4787 652 4843 multudinetl)
737 4794 769 4843 27
788 4789 998 4846 ammuandal)
1092 4796 1123 4845 3⁰
1143 4788 1267 4845 desolent

92 4877 181 4931 labi)
250 4883 279 4933 31
301 4880 410 4949 quoll)
461 4880 648 4936 drleollerril)
