2834 5394
90 235 152 302 tar
561 254 652 300 nram
675 254 776 301 xvrur

89 406 143 489 qui
166 403 365 471 subadiuuae
387 405 545 487 dignitate
568 404 747 469 habebatur
769 405 908 488 insignis
931 415 963 472 ct
976 406 1141 473 Andreaut
1155 408 1258 474 Scom-

88 514 168 582 bron
191 523 223 581 et
244 513 352 580 Dauid
374 514 656 600 chartophylacem
678 515 881 582 Hormisdae.

171 624 294 693 Eodem
322 646 407 691 anno
430 626 550 692 Persae
579 633 818 693 transmeantes
840 627 1043 711 Euphraten,
1078 634 1180 693 totam
1203 629 1257 712 Sy-

88 738 169 802 riam
191 745 224 802 et
245 736 463 803 Palaestinam
496 740 528 800 ct
547 736 733 802 Phoenicen
765 737 956 822 depraedati
990 747 1066 804 sunt
1097 740 1196 804 multo
1228 739 1258 803 in

86 849 241 914 Romanis
263 846 387 913 excidio
410 854 605 933 perpetrato.
1270 861 1284 907 s

35 951 66 1016 Il
172 958 266 1022 Anno
290 977 366 1022 uero
396 957 521 1042 imperii
544 957 673 1024 Phocae
702 966 792 1023 sexto
815 959 944 1024 Priscus
966 959 1083 1023 intueri
1106 979 1171 1024 non
1194 980 1256 1024 sus·

83 1069 190 1134 tinans
219 1075 285 1132 taur
313 1068 433 1133 iniusta
455 1067 627 1132 homicidia
649 1087 746 1151 quam
768 1077 876 1133 cetera
898 1069 985 1133 mala
1006 1089 1090 1153 quae
1112 1089 1133 1143 a
1154 1068 1258 1133 Phoca

84 1178 312 1265 patrabantur,
350 1177 479 1263 scripsit
510 1176 552 1243 ad
586 1177 768 1242 Heraclium
810 1179 979 1263 patricium
1013 1188 1045 1246 et
1078 1188 1257 1263 praetorem

84 1289 211 1353 Africae
231 1308 295 1372 quo
310 1286 493 1353 Heraclium
517 1288 616 1353 filium
640 1309 734 1353 suum
757 1296 788 1353 et
802 1289 952 1353 Nicotam
975 1289 1074 1353 tilium
1092 1288 1254 1373 Gregorae

83 1399 211 1484 patricii
244 1399 487 1484 subpraetorem
520 1419 613 1463 suum
643 1398 783 1465 mitteret
812 1399 964 1482 quatinus
993 1408 1105 1464 contra
1127 1399 1254 1466 Phocan
1270 1407 1293 1456 lt

84 1509 231 1576 uenirent
253 1517 433 1594 tyrannum,
471 1507 624 1574 audiebat
652 1510 737 1573 enim
767 1509 801 1573 in
822 1509 931 1574 Africa
959 1510 991 1574 iu
1015 1529 1087 1574 eum
1109 1510 1256 1577 meditari

83 1618 291 1687 rebellionem
314 1619 399 1685 uude
421 1638 480 1684 nec
502 1618 634 1702 nauigia
656 1618 718 1683 boc
740 1639 825 1684 anno
849 1618 1162 1704 Constantinopolim
1185 1641 1255 1685 con·

83 1729 285 1798 scenderunt.
330 1728 447 1794 occidit
474 1737 581 1794 autem
610 1729 736 1796 Phoeas
767 1749 894 1796 omnem
923 1731 1147 1813 cognationem
1170 1731 1254 1795 Mau·

83 1840 150 1905 rioii
173 1848 205 1906 et
228 1839 459 1906 Comentiolum
483 1848 664 1925 praetorem
688 1838 837 1906 Thracae
860 1850 891 1906 et
913 1841 995 1907 alios
1018 1841 1146 1906 multos.

168 1951 269 2015 Facta
301 1957 350 2016 est
378 1956 484 2015 summ
512 1950 546 2014 in
575 1970 660 2014 auno
683 1950 745 2016 isto
768 1950 865 2016 etiam
889 1952 1068 2017 mortalitas
1092 1959 1124 2017 et
1147 1950 1255 2035 inopia
1272 1956 1294 2004 ¹⁵

82 2060 186 2125 omnis
215 2061 346 2144 speciei.
391 2066 562 2145 praeterea
586 2060 703 2126 Persae
733 2080 797 2125 una
824 2081 895 2125 cum
919 2061 1103 2145 Kardariga
1132 2062 1253 2146 egressi

82 2178 235 2255 ceperunt
255 2170 442 2235 Armeniam
465 2179 497 2236 ct
513 2169 754 2257 Cappadociam
776 2179 1022 2255 pugnantesque
1039 2174 1252 2237 Romanomm

82 2286 247 2346 uertemnt
269 2280 410 2347 militias.
455 2288 673 2367 ceperuntque
695 2279 860 2346 Galatiam
891 2290 923 2346 et
944 2282 1202 2366 Paphlagoniam
1222 2291 1253 2348 et

82 2397 239 2457 uenerunt
271 2410 372 2476 usque
400 2390 443 2457 ad
465 2390 702 2457 Chalcedonam
734 2391 806 2456 sine
835 2393 990 2475 parcitate
1019 2392 1254 2477 depopulantes

81 2521 207 2568 omnem
231 2509 380 2569 aetatem.
425 2511 457 2568 et
479 2501 608 2587 quidem
630 2503 751 2569 Persae
779 2502 856 2568 loris
887 2510 1011 2585 portam
1033 2504 1188 2570 Romanis
1210 2512 1254 2588 ty·
1269 2511 1296 2560 bl

82 2612 250 2678 rannidem
273 2613 464 2679 inferebant.
510 2612 634 2679 Phocas
657 2633 734 2678 uero
764 2613 957 2677 intrinsecus
984 2613 1036 2677 his
1067 2614 1179 2697 peiora
1202 2634 1254 2698 pa-

79 2723 187 2787 trabat
209 2722 359 2788 ocoidens
381 2731 478 2807 atque
500 2724 679 2808 captiuans.

0 2824 62 2887 llll
170 2831 264 2897 Anno
287 2833 414 2917 imperii
428 2832 555 2897 Pboeae
579 2833 714 2917 septimo
729 2832 920 2898 Antiochcni
936 2833 1076 2897 Hebraei
1092 2835 1253 2899 simultate

80 2942 225 3026 inquieta
265 2943 436 3010 commissa
470 2950 582 3008 contra
620 2942 823 3009 Christianos
858 2943 1007 3008 occidunt
1045 2945 1254 3010 Anastasium

80 3072 231 3136 magnum
255 3053 469 3138 patriarcham
492 3053 684 3118 Antiochiae
715 3054 876 3118 mittentes
899 3064 1046 3118 naturam
1069 3055 1195 3120 clusin
1218 3075 1254 3121 os
1270 3063 1298 3113 25

80 3162 150 3227 eius
173 3169 204 3226 et
226 3162 380 3246 posthoc
403 3163 568 3229 trahentes
591 3183 662 3228 cunr
679 3163 712 3228 in
728 3164 868 3247 plateam
886 3164 982 3229 urbis.
1028 3165 1255 3229 interfecerunt
1287 3156 1290 3161 ’

80 3278 186 3337 autem
215 3272 331 3338 multos
359 3272 477 3337 ciuium
508 3279 540 3338 ot
567 3272 779 3339 incenderunt
808 3294 873 3339 cos.
918 3274 1044 3340 Phocas
1074 3295 1151 3340 uero
1180 3276 1256 3341 fecit

81 3381 226 3448 comitem
251 3382 382 3449 orientis
398 3382 560 3449 Bonosum
576 3392 608 3449 et
623 3383 717 3449 Cotin
740 3384 930 3468 magistrum
952 3385 1086 3449 militum
1102 3392 1133 3450 et
1149 3393 1254 3451 trans-

80 3492 168 3560 misit
189 3513 244 3560 eos
266 3491 424 3559 aduersus
446 3493 518 3560 illos
541 3501 573 3560 et
601 3516 666 3560 non
695 3495 826 3560 ualuere
855 3493 969 3560 sedare
999 3494 1253 3578 inquietudinem

80 3622 199 3669 eorum.
244 3613 473 3670 coaceruantes
495 3624 572 3670 uero
595 3605 754 3671 exereitus
777 3605 938 3669 irruerunt
967 3606 1000 3669 in
1030 3605 1102 3669 illos
1131 3613 1163 3669 et
1184 3606 1254 3689 plu·
1270 3622 1300 3670 co

79 3715 179 3780 rimos
211 3713 396 3780 oeciderunt
427 3723 459 3780 et
491 3714 650 3800 quosdam
683 3734 793 3780 eorum
828 3713 1026 3781 detruncatis
1055 3715 1188 3781 artubus
1211 3715 1253 3780 ab

79 3823 157 3889 urbe
179 3824 387 3890 reddiderunt
409 3831 564 3892 extorres.
610 3825 736 3890 Phocas
758 3833 865 3892 autem
896 3825 971 3889 iecit
994 3822 1178 3890 Circenscnr
1208 3826 1253 3889 lu·

79 4003 380 4018 ..ᾗ-*-

150 4113 158 4160 1
180 4106 292 4165 ledbrou
310 4124 344 4172 tm
363 4114 401 4165 itu
419 4111 487 4166 olibi
503 4126 556 4163 nort
574 4109 756 4182 significahat
777 4107 801 4160 Il
895 4114 909 4161 ‘2
929 4095 1122 4177 chartophlacd
1141 4109 1166 4162 D
1236 4114 1249 4162 3

78 4197 244 4256 eufratenI)
313 4178 495 4272 lphaleltmd
513 4212 540 4258 ct
557 4202 733 4273 phenrcenl)
785 4201 889 4254 lmala
907 4202 1067 4289 ceteraqgl)
1129 4207 1158 4255 11
1178 4218 1251 4255 com-

78 4292 231 4347 mentiolum
249 4295 275 4348 l)
327 4297 443 4352 transl)
514 4302 544 4352 16
564 4293 738 4364 cardangal)
800 4297 828 4348 lS
846 4293 1034 4362 peplrla!gonra
1051 4293 1076 4346 Ι)
1150 4300 1177 4347 lc
1195 4295 1251 4349 cal-

78 4356 231 4438 cedondll
299 4392 332 4440 10
350 4403 454 4445 omnem
472 4388 569 4446 cml)
637 4391 669 4442 25
688 4386 872 4457 patriarchum
890 4386 924 4439 12⁴
994 4393 1024 4442 ‘rt
1044 4388 1149 4456 Ppocas
1165 4386 1191 4439 0
