3142 5056
537 345 645 393 muux
667 343 906 393 cssrsvuouvu
1243 331 1308 396 659

161 499 195 550 at
230 493 345 550 ecclesis
361 493 388 546 b.
407 491 526 558 Mariae,
544 509 613 564 quae
630 493 689 550 Me·
740 493 830 547 menis
846 499 945 563 quarta
961 493 1084 550 aBasue
1102 494 1223 549 subacta.
1241 493 1309 550 Phi-

125 588 252 657 tropolite
287 585 443 649 dicebatur,
479 586 618 642 destructa
663 593 690 643 et
740 585 856 654 lippicas
874 587 909 640 ab
926 585 1069 642 Absimsro
1087 586 1229 656 relegatus.
1304 605 1307 620 ·

127 682 185 737 eius
201 681 263 736 ioca
279 679 355 734 iacta
363 679 455 748 phiala
471 680 506 734 ab
514 680 690 750 imperatore:
774 683 790 730 5
825 678 977 747 principum
991 680 1135 735 Armeniae
1153 679 1308 735 concana

127 772 612 842 callinicusquepatriarchacoactus
628 773 689 830 ideo
740 785 855 826 naeuos
888 771 999 826 rebellio
1040 771 1128 842 adque
1168 772 1306 828 Romanos

126 867 275 923 credonem
291 866 390 921 facere.
741 863 864 919 deiectio.
899 880 946 920 eos
971 865 1141 920 Muhammat
1173 865 1308 936 supplicio

161 964 195 1015 35
216 959 387 1014 Mahammat
396 959 549 1014 Armeniam
566 967 690 1029 quanam
740 955 843 1022 uincit,
878 957 1006 1013 menia
1032 959 1129 1014 iterium
1155 960 1305 1030 subiugata.

126 1052 231 1109 inuadit
254 1052 406 1121 multosque
430 1053 553 1122 captiuos
571 1053 690 1110 abducit.
740 1049 859 1106 Rusoni
877 1050 911 1106 de
929 1050 1071 1106 Saracenis
1088 1052 1210 1107 uictoris.
1305 1062 1308 1092 ³

126 1146 261 1214 quomodo
279 1144 443 1200 lastinianus
468 1146 579 1216 imperio
596 1147 691 1217 pulsus
775 1148 792 1198 6
826 1143 944 1199 lieraclii
970 1144 1024 1200 alia
1050 1145 1083 1200 de
1101 1146 1237 1201 Arabibas
1263 1147 1307 1200 ui·

125 1238 214 1294 inerit.
255 1238 399 1294 Leontium
433 1238 479 1294 diu
512 1241 541 1294 in
567 1241 691 1297 custodis
741 1236 835 1292 ctoria.
870 1237 1037 1293 lastinianus
1053 1239 1150 1293 iterum
1168 1237 1202 1292 ad
1219 1239 1306 1308 impe·

126 1331 248 1388 habitum
265 1331 345 1386 amici
362 1337 393 1386 at
409 1331 550 1402 imperium
564 1339 690 1404 capessat
740 1329 809 1383 uum
836 1329 978 1398 adspirans
1005 1331 1124 1400 profugit
1149 1332 1184 1386 ad
1207 1330 1307 1388 chus-

128 1423 316 1480 adhortantur.
740 1437 804 1476 num
827 1421 990 1480 Garumnam
1018 1424 1166 1493 principem
1193 1424 1239 1494 qui
1264 1425 1304 1480 illi

160 1521 194 1572 ³6
228 1517 359 1573 Leontius
387 1517 520 1587 quomodo
543 1519 690 1590 imperator
739 1529 859 1570 sororem
876 1531 953 1570 susm
971 1517 999 1570 in
1016 1532 1127 1571 uxorem
1145 1517 1235 1572 uadit.

125 1609 223 1665 iaetus.
773 1611 788 1659 'l
825 1607 960 1664 Chaianas
996 1609 1135 1678 promissis
1169 1609 1308 1664 absimari·

160 1707 191 1757 37
226 1703 390 1758 lastinianus
408 1718 474 1758 naso
494 1711 522 1759 et
537 1703 627 1774 lingua
644 1721 686 1762 re.
737 1698 864 1754 inductus
882 1701 1058 1757 lastinianum
1076 1702 1205 1758 trucidari
1219 1701 1303 1768 iubet,

125 1795 182 1852 cisa
209 1797 350 1865 relegatur.
396 1795 548 1866 Stephanus
574 1799 687 1854 sacella·
739 1792 784 1862 qni
800 1793 866 1862 fuge
882 1793 1005 1850 elabitur.

123 1888 180 1944 rius
207 1897 234 1944 st
261 1889 416 1944 Theodotus
451 1890 588 1958 logotheta
614 1907 688 1948 com·
774 1888 789 1940 8
824 1887 987 1943 lastinianus
1004 1887 1181 1958 Balgaroram
1203 1890 1304 1959 princi·

25 2059 30 2064 ,
123 1982 204 2037 busti.
739 1993 800 2048 pem
810 1979 945 2035 Terbellin
963 1981 998 2035 ad
1016 1995 1046 2036 se
1060 1981 1241 2039 reducendam
1258 1983 1299 2038 in-

357 2119 360 2126 .
740 2071 822 2128 ducit.
857 2073 1013 2130 Abimelech
1048 2076 1160 2130 moritur
1196 2077 1240 2131 cui
1274 2077 1302 2132 in

357 2179 454 2245 XXII
738 2181 819 2234 mgna
838 2166 1033 2222 Saracenorum
1057 2169 1177 2223 succedit
1193 2169 1293 2224 Vhalid

737 2259 903 2314 lastinianus
929 2265 1019 2314 casua
1036 2277 1096 2316 cam
1113 2262 1239 2330 Balgaria
1266 2261 1308 2317 ad

158 2359 168 2408 l
198 2354 329 2410 Mandas
346 2355 612 2424 imperatorLXHli.
638 2357 685 2412 Se-
736 2353 832 2406 arbem
849 2353 927 2422 pouit
944 2369 1056 2422 eamque
1072 2355 1183 2410 obtinet.

119 2446 229 2502 ualidas
256 2447 355 2502 multos
373 2448 497 2517 captiuos
522 2447 688 2505 eRonania
772 2449 788 2498 9
807 2445 970 2501 lastinianus
986 2447 1098 2515 imperio
1115 2454 1225 2517 recepto
1235 2447 1302 2502 Ter·

118 2539 242 2596 obducit.
276 2540 377 2594 hazica
392 2539 534 2597 Arahibus
560 2542 683 2598 subdita:
739 2537 801 2592 belli
827 2539 912 2594 unta
936 2539 1008 2594 dona
1025 2541 1144 2595 tribuens
1169 2541 1307 2609 Balgaros‘

118 2633 166 2702 qui
202 2639 229 2686 et
252 2632 377 2687 Africam
407 2633 537 2688 obtineat.
572 2635 686 2691 Ioannes
738 2629 853 2684 dimittit.
878 2632 1036 2687 Absimarus
1054 2649 1069 2687 e
1086 2633 1301 2702 lagaretractus.

115 2725 251 2796 patricius
279 2741 340 2780 cam
369 2727 456 2780 classe
484 2727 633 2783 aLeontio
658 2729 686 2784 in
736 2723 880 2778 Heraclius
898 2741 959 2780 cam
977 2725 1033 2779 suis
1051 2715 1309 2794 compluribassusss

114 2819 247 2876 Africam
280 2819 378 2874 musas
419 2820 543 2876 hostibus
586 2822 687 2891 iugatis
737 2817 822 2886 pensi·
857 2818 1015 2873 Abeimaraa
1043 2824 1070 2872 et
1094 2819 1224 2873 Leontius
1254 2818 1301 2874 de·

116 2929 179 2969 eam
198 2912 302 2966 liberat.
736 2909 873 2964 honestati
890 2910 1000 2978 capitali
1026 2911 1157 2980 supplicio
1176 2911 1310 2966 afficiam-¹

152 3011 168 3059 ²
207 3005 342 3058 exereitus
361 3005 480 3070 rebellio,
499 3005 686 3074 quiAbsima-
737 3009 789 3056 tur.
826 3002 972 3058 Callinicus
991 3003 1145 3071 patriarcha
1171 3019 1301 3058 excaeca·

115 3114 178 3154 ram
207 3098 394 3165 imperatorem
422 3107 516 3153 creent
548 3098 685 3154 Tiberium
735 3102 781 3149 tas
815 3101 843 3150 et
876 3096 1026 3165 relegatuss
1062 3096 1141 3166 eique
1173 3096 1302 3152 suffectus

119 3189 300 3246 nominantes.
319 3190 474 3258 pestilentia
491 3191 518 3245 in
535 3192 603 3247 arbe
614 3193 684 3247 Cou-
736 3187 830 3259 Cyrus.

115 3282 303 3349 sunanopoli.
330 3281 469 3337 abumari
486 3299 546 3338 cum
565 3285 686 3342 exercitu
772 3285 803 3335 ¹⁰
823 3281 966 3336 Iustiniani
984 3282 1128 3338 crudelitas
1146 3281 1243 3338 caedes
1259 3282 1302 3338 in·

114 3377 262 3433 aduentus.
735 3387 859 3430 numeras
887 3375 1030 3444 patrantis.
1074 3391 1184 3430 uxorem
1212 3375 1301 3431 Theo·
1396 3391 1398 3398 ·

151 3475 168 3524 3
206 3468 271 3522 arbs
289 3466 432 3521 Absimaro
445 3467 559 3536 prodita
594 3470 683 3526 Leon·
734 3467 828 3522 doram
856 3483 918 3522 cum
939 3467 994 3522 filio
1013 3467 1120 3523 Tiberio
1145 3468 1308 3524 aChsiauo

115 3565 174 3619 tius
203 3575 271 3615 naso
299 3558 419 3614 abscisso
446 3560 475 3612 in
492 3563 683 3618 monasterium
734 3560 833 3630 accipit
850 3575 952 3628 eosque
975 3567 1095 3616 comunt.

114 3665 222 3712 trusus.
256 3652 391 3706 Absirnari
409 3652 556 3708 crudelitas
574 3653 602 3708 in
620 3656 685 3710 ami-
773 3657 801 3708 ll
838 3651 937 3707 Vhalid
954 3652 1043 3707 mium
1070 3652 1202 3707 aduersas
1221 3651 1297 3708 Chri·

114 3746 292 3807 cosLeoutii.
309 3745 463 3800 Heraclium
477 3745 588 3802 fratrem
606 3763 685 3817 prae·
736 3747 847 3802 sdanos.
871 3746 1035 3800 lastinianus
1053 3761 1148 3814 pacem
1165 3761 1227 3800 cam
1236 3745 1310 3801 Bul·-

112 3852 206 3900 torem
222 3839 510 3908 augularemomninm
524 3842 685 3896 antonomum
735 3841 807 3908 garis
845 3839 927 3896 solait
969 3838 1109 3907 classeque
1144 3845 1302 3895 consancta

112 3935 286 3994 merolanam
304 3932 467 4001 equestrium
485 3933 632 3988 coustituit
736 3939 831 3988 contra
865 3946 911 3986 eos
937 3930 1081 4000 egreditar.
1123 3931 1311 4000 Bulgaroram'

148 4035 166 4084 4
193 4026 354 4083 absimarus
371 4025 517 4094 imperator
525 4024 608 4080 LXV.
627 4023 683 4081 Ro·
736 4025 852 4080 uictoria
868 4024 1091 4094 imperatorisque
1119 4029 1146 4078 et
1163 4023 1300 4080 Romano·

110 4122 188 4180 maai
214 4133 264 4188 per
281 4117 385 4188 Syriam
407 4116 576 4172 Samosatam
600 4133 686 4189 usque
735 4134 795 4173 ram
812 4117 893 4172 foeda
909 4115 982 4186 iuga.

109 4213 326 4289 progrediantur
350 4210 441 4266 mulas
459 4211 545 4266 caesis
556 4212 684 4280 plurima·
773 4215 801 4266 ll
828 4211 883 4266 alia
900 4209 990 4266 clades
1002 4209 1101 4266 dueum
1116 4207 1301 4265 &manorum

113 4322 171 4382 que
188 4305 294 4376 praem
310 4303 409 4358 ablata.
444 4303 595 4360 Sshdeilae
613 4305 683 4361 irru-
733 4305 803 4360 inter
828 4319 858 4360 se
884 4302 1101 4360 contendentium
1136 4309 1250 4372 accepts
1283 4317 1301 4358 a

111 4403 182 4476 ptis),
210 4397 260 4467 qui
276 4395 342 4452 nihil
358 4395 502 4466 profluens
518 4397 596 4454 redit.
630 4399 683 4454 Ar·
733 4397 930 4468 Mudmaqai
940 4396 1105 4467 Tyrauuium
1116 4395 1209 4452 urbem
1219 4396 1300 4466 capit

1040 4498 1096 4550 42⁴¹
