<?xml version="1.0" encoding="UTF-8"?>
<!DOCTYPE html PUBLIC "-//W3C//DTD XHTML 1.0 Transitional//EN"
    "http://www.w3.org/TR/xhtml1/DTD/xhtml1-transitional.dtd">
<html xmlns="http://www.w3.org/1999/xhtml" xml:lang="en" lang="en">
 <head>
  <title>
</title>
<meta http-equiv="Content-Type" content="text/html;charset=utf-8" />
  <meta name='ocr-system' content='tesseract 3.04.00' />
  <meta name='ocr-capabilities' content='ocr_page ocr_carea ocr_par ocr_line ocrx_word'/>
</head>
<body>
  <div class='ocr_page' id='page_1' title='image "./historiamiscell00sagagoog_0051.png"; bbox 0 0 3154 5084; ppageno 0'>
   <div class='ocr_carea' id='block_1_1' title="bbox 588 317 1326 379">
    <p class='ocr_par' dir='ltr' id='par_1_1' title="bbox 588 317 1326 379">
     <span class='ocr_line' id='line_1_1' title="bbox 588 317 1326 379; baseline -0.012 -3"><span class='ocrx_word' id='word_1_1' title='bbox 588 329 659 376; x_wconf 76' lang='lat' dir='ltr'>cnr.</span> <span class='ocrx_word' id='word_1_2' title='bbox 683 329 894 377; x_wconf 80' lang='lat' dir='ltr'>xxn-xxmr</span> <span class='ocrx_word' id='word_1_3' title='bbox 1285 317 1326 379; x_wconf 85' lang='lat'>37</span> 
     </span>
    </p>
   </div>
   <div class='ocr_carea' id='block_1_2' title="bbox 100 479 1469 3100">
    <p class='ocr_par' dir='ltr' id='par_1_2' title="bbox 100 479 1469 3100">
     <span class='ocr_line' id='line_1_2' title="bbox 145 479 1327 565; baseline -0.001 -17"><span class='ocrx_word' id='word_1_4' title='bbox 145 482 270 548; x_wconf 84' lang='lat' dir='ltr'>auxilio</span> <span class='ocrx_word' id='word_1_5' title='bbox 286 481 474 546; x_wconf 83' lang='lat' dir='ltr'><strong>Tarentinis</strong></span> <span class='ocrx_word' id='word_1_6' title='bbox 496 499 567 544; x_wconf 90' lang='lat' dir='ltr'>enm</span> <span class='ocrx_word' id='word_1_7' title='bbox 580 499 639 565; x_wconf 92' lang='lat' dir='ltr'>per</span> <span class='ocrx_word' id='word_1_8' title='bbox 656 480 781 565; x_wconf 87' lang='lat' dir='ltr'>legates</span> <span class='ocrx_word' id='word_1_9' title='bbox 797 501 817 546; x_wconf 88' lang='lat' dir='ltr'>a</span> <span class='ocrx_word' id='word_1_10' title='bbox 832 479 955 546; x_wconf 79' lang='lat' dir='ltr'><strong>Senatu</strong></span> <span class='ocrx_word' id='word_1_11' title='bbox 979 487 1190 563; x_wconf 79' lang='lat' dir='ltr'>arguerentur</span> <span class='ocrx_word' id='word_1_12' title='bbox 1210 482 1327 565; x_wconf 87' lang='lat' dir='ltr'>turpis·</span> 
     </span>
     <span class='ocr_line' id='line_1_3' title="bbox 146 589 1327 676; baseline -0.001 -19"><span class='ocrx_word' id='word_1_13' title='bbox 146 593 263 658; x_wconf 90' lang='lat' dir='ltr'>simam</span> <span class='ocrx_word' id='word_1_14' title='bbox 293 591 379 676; x_wconf 93' lang='lat' dir='ltr'>rupti</span> <span class='ocrx_word' id='word_1_15' title='bbox 410 589 551 656; x_wconf 79' lang='lat' dir='ltr'>foederis</span> <span class='ocrx_word' id='word_1_16' title='bbox 587 590 692 655; x_wconf 84' lang='lat' dir='ltr'>labem</span> <span class='ocrx_word' id='word_1_17' title='bbox 730 600 939 676; x_wconf 87' lang='lat' dir='ltr'>praesumpto</span> <span class='ocrx_word' id='word_1_18' title='bbox 975 592 1219 658; x_wconf 87' lang='lat' dir='ltr'>aeeumnlauere</span> <span class='ocrx_word' id='word_1_19' title='bbox 1256 611 1327 676; x_wconf 89' lang='lat' dir='ltr'>per-</span> 
     </span>
     <span class='ocr_line' id='line_1_4' title="bbox 145 703 240 768; baseline -0.021 0"><span class='ocrx_word' id='word_1_20' title='bbox 145 703 240 768; x_wconf 90' lang='lat' dir='ltr'>iurio.</span> 
     </span>
     <span class='ocr_line' id='line_1_5' title="bbox 233 809 1327 894; baseline 0.001 -18"><span class='ocrx_word' id='word_1_21' title='bbox 233 814 324 876; x_wconf 83' lang='lat' dir='ltr'>Tune</span> <span class='ocrx_word' id='word_1_22' title='bbox 346 812 444 878; x_wconf 91' lang='lat' dir='ltr'>etiam</span> <span class='ocrx_word' id='word_1_23' title='bbox 460 811 696 894; x_wconf 83' lang='lat' dir='ltr'>Vulsinienses,</span> <span class='ocrx_word' id='word_1_24' title='bbox 718 811 924 877; x_wconf 86' lang='lat' dir='ltr'>Etruseorum</span> <span class='ocrx_word' id='word_1_25' title='bbox 946 809 1174 890; x_wconf 83' lang='lat' dir='ltr'>florentissimi,</span> <span class='ocrx_word' id='word_1_26' title='bbox 1199 813 1327 878; x_wconf 85' lang='lat' dir='ltr'>luxuria</span> 
     </span>
     <span class='ocr_line' id='line_1_6' title="bbox 109 920 1329 1008; baseline -0.003 -18"><span class='ocrx_word' id='word_1_27' title='bbox 109 943 124 990; x_wconf 80' lang='lat' dir='ltr'>s</span> <span class='ocrx_word' id='word_1_28' title='bbox 144 941 252 1008; x_wconf 85' lang='lat' dir='ltr'>paene</span> <span class='ocrx_word' id='word_1_29' title='bbox 267 920 442 1006; x_wconf 92' lang='lat' dir='ltr'>perierunt.</span> <span class='ocrx_word' id='word_1_30' title='bbox 481 941 557 986; x_wconf 88' lang='lat' dir='ltr'>nam</span> <span class='ocrx_word' id='word_1_31' title='bbox 581 940 652 986; x_wconf 88' lang='lat' dir='ltr'>eum</span> <span class='ocrx_word' id='word_1_32' title='bbox 673 922 806 988; x_wconf 85' lang='lat' dir='ltr'>lieentia</span> <span class='ocrx_word' id='word_1_33' title='bbox 821 923 856 987; x_wconf 93' lang='lat' dir='ltr'>in</span> <span class='ocrx_word' id='word_1_34' title='bbox 870 920 1137 988; x_wconf 77' lang='lat' dir='ltr'>consuetudinem</span> <span class='ocrx_word' id='word_1_35' title='bbox 1152 928 1329 1005; x_wconf 88' lang='lat' dir='ltr'>prorogata</span> 
     </span>
     <span class='ocr_line' id='line_1_7' title="bbox 145 1031 1327 1116; baseline -0.003 -18"><span class='ocrx_word' id='word_1_36' title='bbox 145 1053 260 1099; x_wconf 89' lang='lat' dir='ltr'>seruos</span> <span class='ocrx_word' id='word_1_37' title='bbox 282 1051 359 1098; x_wconf 87' lang='lat' dir='ltr'>suos</span> <span class='ocrx_word' id='word_1_38' title='bbox 381 1032 506 1116; x_wconf 88' lang='lat' dir='ltr'>passim</span> <span class='ocrx_word' id='word_1_39' title='bbox 528 1032 648 1098; x_wconf 91' lang='lat' dir='ltr'>liberos</span> <span class='ocrx_word' id='word_1_40' title='bbox 671 1032 822 1115; x_wconf 80' lang='lat' dir='ltr'>laterent,</span> <span class='ocrx_word' id='word_1_41' title='bbox 854 1031 1013 1096; x_wconf 81' lang='lat' dir='ltr'>conuiuiis</span> <span class='ocrx_word' id='word_1_42' title='bbox 1036 1031 1224 1116; x_wconf 80' lang='lat' dir='ltr'>allegarent,</span> <span class='ocrx_word' id='word_1_43' title='bbox 1254 1050 1327 1096; x_wconf 91' lang='lat' dir='ltr'>eon-</span> 
     </span>
     <span class='ocr_line' id='line_1_8' title="bbox 144 1140 1327 1227; baseline 0 -21"><span class='ocrx_word' id='word_1_44' title='bbox 144 1142 244 1226; x_wconf 88' lang='lat' dir='ltr'>iugiis</span> <span class='ocrx_word' id='word_1_45' title='bbox 266 1141 494 1224; x_wconf 78' lang='lat' dir='ltr'>honestarent,</span> <span class='ocrx_word' id='word_1_46' title='bbox 523 1141 664 1207; x_wconf 80' lang='lat' dir='ltr'>libertIni</span> <span class='ocrx_word' id='word_1_47' title='bbox 687 1142 721 1206; x_wconf 93' lang='lat' dir='ltr'>in</span> <span class='ocrx_word' id='word_1_48' title='bbox 743 1148 867 1227; x_wconf 90' lang='lat' dir='ltr'>partem</span> <span class='ocrx_word' id='word_1_49' title='bbox 890 1141 1061 1226; x_wconf 88' lang='lat' dir='ltr'>potestatis</span> <span class='ocrx_word' id='word_1_50' title='bbox 1084 1140 1204 1227; x_wconf 91' lang='lat' dir='ltr'>reeepti</span> <span class='ocrx_word' id='word_1_51' title='bbox 1225 1141 1327 1227; x_wconf 92' lang='lat' dir='ltr'>pleni·</span> 
     </span>
     <span class='ocr_line' id='line_1_9' title="bbox 143 1251 1326 1337; baseline -0.002 -18"><span class='ocrx_word' id='word_1_52' title='bbox 143 1253 290 1319; x_wconf 87' lang='lat' dir='ltr'>tudinem</span> <span class='ocrx_word' id='word_1_53' title='bbox 312 1271 371 1337; x_wconf 90' lang='lat' dir='ltr'>per</span> <span class='ocrx_word' id='word_1_54' title='bbox 394 1252 500 1318; x_wconf 82' lang='lat' dir='ltr'>scelus</span> <span class='ocrx_word' id='word_1_55' title='bbox 522 1270 680 1337; x_wconf 88' lang='lat' dir='ltr'>usurpare</span> <span class='ocrx_word' id='word_1_56' title='bbox 702 1252 849 1318; x_wconf 88' lang='lat' dir='ltr'>meditati</span> <span class='ocrx_word' id='word_1_57' title='bbox 872 1259 948 1319; x_wconf 89' lang='lat' dir='ltr'>sunt</span> <span class='ocrx_word' id='word_1_58' title='bbox 970 1259 1002 1316; x_wconf 92' lang='lat' dir='ltr'>et</span> <span class='ocrx_word' id='word_1_59' title='bbox 1016 1251 1145 1317; x_wconf 90' lang='lat' dir='ltr'>liberati</span> <span class='ocrx_word' id='word_1_60' title='bbox 1161 1251 1326 1318; x_wconf 89' lang='lat' dir='ltr'>seruitutis</span> 
     </span>
     <span class='ocr_line' id='line_1_10' title="bbox 145 1360 1323 1447; baseline -0.003 -18"><span class='ocrx_word' id='word_1_61' title='bbox 145 1365 220 1447; x_wconf 87' lang='lat' dir='ltr'>iugo</span> <span class='ocrx_word' id='word_1_62' title='bbox 251 1361 378 1428; x_wconf 91' lang='lat' dir='ltr'>ambitu</span> <span class='ocrx_word' id='word_1_63' title='bbox 407 1360 637 1428; x_wconf 89' lang='lat' dir='ltr'>dominationis</span> <span class='ocrx_word' id='word_1_64' title='bbox 665 1369 815 1428; x_wconf 85' lang='lat' dir='ltr'>arserunt</span> <span class='ocrx_word' id='word_1_65' title='bbox 847 1369 879 1427; x_wconf 89' lang='lat' dir='ltr'>et</span> <span class='ocrx_word' id='word_1_66' title='bbox 913 1381 995 1446; x_wconf 91' lang='lat' dir='ltr'>quos</span> <span class='ocrx_word' id='word_1_67' title='bbox 1024 1361 1171 1428; x_wconf 91' lang='lat' dir='ltr'>dominos</span> <span class='ocrx_word' id='word_1_68' title='bbox 1202 1361 1323 1428; x_wconf 88' lang='lat' dir='ltr'>subditi</span> 
     </span>
     <span class='ocr_line' id='line_1_11' title="bbox 100 1471 1327 1558; baseline -0.007 -14"><span class='ocrx_word' id='word_1_69' title='bbox 100 1473 382 1558; x_wconf 78' lang='lat' dir='ltr'>inaequanimiter</span> <span class='ocrx_word' id='word_1_70' title='bbox 404 1471 600 1554; x_wconf 85' lang='lat' dir='ltr'>dilexerunt,</span> <span class='ocrx_word' id='word_1_71' title='bbox 624 1491 679 1538; x_wconf 88' lang='lat' dir='ltr'>eos</span> <span class='ocrx_word' id='word_1_72' title='bbox 701 1472 766 1537; x_wconf 91' lang='lat' dir='ltr'>iam</span> <span class='ocrx_word' id='word_1_73' title='bbox 788 1473 902 1554; x_wconf 88' lang='lat' dir='ltr'>liberi,</span> <span class='ocrx_word' id='word_1_74' title='bbox 937 1491 1017 1556; x_wconf 87' lang='lat' dir='ltr'>quos</span> <span class='ocrx_word' id='word_1_75' title='bbox 1046 1471 1195 1538; x_wconf 90' lang='lat' dir='ltr'>dominos</span> <span class='ocrx_word' id='word_1_76' title='bbox 1225 1471 1327 1538; x_wconf 82' lang='lat' dir='ltr'>fuisse</span> 
     </span>
     <span class='ocr_line' id='line_1_12' title="bbox 143 1581 1327 1666; baseline -0.003 -17"><span class='ocrx_word' id='word_1_77' title='bbox 143 1583 374 1664; x_wconf 86' lang='lat' dir='ltr'>meminerunt,</span> <span class='ocrx_word' id='word_1_78' title='bbox 413 1583 552 1648; x_wconf 78' lang='lat' dir='ltr'>exserati</span> <span class='ocrx_word' id='word_1_79' title='bbox 591 1587 674 1649; x_wconf 90' lang='lat' dir='ltr'>sunt.</span> <span class='ocrx_word' id='word_1_80' title='bbox 726 1583 836 1666; x_wconf 90' lang='lat' dir='ltr'>itaque</span> <span class='ocrx_word' id='word_1_81' title='bbox 867 1585 1092 1665; x_wconf 82' lang='lat' dir='ltr'>conspirantes</span> <span class='ocrx_word' id='word_1_82' title='bbox 1129 1581 1164 1646; x_wconf 92' lang='lat' dir='ltr'>in</span> <span class='ocrx_word' id='word_1_83' title='bbox 1200 1581 1327 1646; x_wconf 87' lang='lat' dir='ltr'>facinus</span> 
     </span>
     <span class='ocr_line' id='line_1_13' title="bbox 143 1691 1324 1777; baseline -0.003 -19"><span class='ocrx_word' id='word_1_84' title='bbox 143 1693 343 1760; x_wconf 89' lang='lat' dir='ltr'>libertini-</span> <span class='ocrx_word' id='word_1_85' title='bbox 360 1713 496 1777; x_wconf 91' lang='lat' dir='ltr'>quorum</span> <span class='ocrx_word' id='word_1_86' title='bbox 517 1699 608 1758; x_wconf 87' lang='lat' dir='ltr'>tanta</span> <span class='ocrx_word' id='word_1_87' title='bbox 630 1713 745 1759; x_wconf 89' lang='lat' dir='ltr'>manus</span> <span class='ocrx_word' id='word_1_88' title='bbox 767 1692 827 1758; x_wconf 88' lang='lat' dir='ltr'>luit</span> <span class='ocrx_word' id='word_1_89' title='bbox 848 1699 882 1757; x_wconf 89' lang='lat' dir='ltr'>ut</span> <span class='ocrx_word' id='word_1_90' title='bbox 905 1692 976 1758; x_wconf 92' lang='lat' dir='ltr'>sine</span> <span class='ocrx_word' id='word_1_91' title='bbox 999 1691 1220 1756; x_wconf 84' lang='lat' dir='ltr'>controuersia</span> <span class='ocrx_word' id='word_1_92' title='bbox 1241 1709 1324 1756; x_wconf 88' lang='lat' dir='ltr'>ausu</span> 
     </span>
     <span class='ocr_line' id='line_1_14' title="bbox 144 1800 1323 1890; baseline -0.003 -22"><span class='ocrx_word' id='word_1_93' title='bbox 144 1804 323 1890; x_wconf 82' lang='lat' dir='ltr'>potirentur</span> <span class='ocrx_word' id='word_1_94' title='bbox 344 1838 389 1848; x_wconf 96' lang='lat'>—</span> <span class='ocrx_word' id='word_1_95' title='bbox 411 1809 589 1888; x_wconf 83' lang='lat' dir='ltr'>correptam</span> <span class='ocrx_word' id='word_1_96' title='bbox 617 1801 731 1869; x_wconf 92' lang='lat' dir='ltr'>urbem</span> <span class='ocrx_word' id='word_1_97' title='bbox 759 1822 818 1868; x_wconf 91' lang='lat' dir='ltr'>suo</span> <span class='ocrx_word' id='word_1_98' title='bbox 846 1807 970 1866; x_wconf 87' lang='lat' dir='ltr'>tantum</span> <span class='ocrx_word' id='word_1_99' title='bbox 1002 1803 1115 1886; x_wconf 83' lang='lat' dir='ltr'>generi</span> <span class='ocrx_word' id='word_1_100' title='bbox 1143 1800 1323 1881; x_wconf 81' lang='lat' dir='ltr'>uindicant,</span> 
     </span>
     <span class='ocr_line' id='line_1_15' title="bbox 144 1911 1323 2001; baseline -0.005 -21"><span class='ocrx_word' id='word_1_101' title='bbox 144 1913 342 2001; x_wconf 85' lang='lat' dir='ltr'>patrimonia</span> <span class='ocrx_word' id='word_1_102' title='bbox 368 1913 583 1998; x_wconf 86' lang='lat' dir='ltr'>eoningiaque</span> <span class='ocrx_word' id='word_1_103' title='bbox 611 1912 811 1978; x_wconf 91' lang='lat' dir='ltr'>dominorum</span> <span class='ocrx_word' id='word_1_104' title='bbox 840 1911 903 1978; x_wconf 89' lang='lat' dir='ltr'>sibi</span> <span class='ocrx_word' id='word_1_105' title='bbox 931 1931 989 1997; x_wconf 93' lang='lat' dir='ltr'>per</span> <span class='ocrx_word' id='word_1_106' title='bbox 1018 1913 1125 1978; x_wconf 82' lang='lat' dir='ltr'>scelus</span> <span class='ocrx_word' id='word_1_107' title='bbox 1153 1916 1323 1995; x_wconf 88' lang='lat' dir='ltr'>usurpant,</span> 
     </span>
     <span class='ocr_line' id='line_1_16' title="bbox 103 2021 1322 2109; baseline -0.002 -19"><span class='ocrx_word' id='word_1_108' title='bbox 103 2055 131 2103; x_wconf 71' lang='lat'>15</span> <span class='ocrx_word' id='word_1_109' title='bbox 146 2034 290 2090; x_wconf 80' lang='lat' dir='ltr'>extorres</span> <span class='ocrx_word' id='word_1_110' title='bbox 312 2022 462 2090; x_wconf 91' lang='lat' dir='ltr'>dominos</span> <span class='ocrx_word' id='word_1_111' title='bbox 483 2024 594 2109; x_wconf 88' lang='lat' dir='ltr'>proeul</span> <span class='ocrx_word' id='word_1_112' title='bbox 616 2021 759 2107; x_wconf 79' lang='lat' dir='ltr'>abigunt.</span> <span class='ocrx_word' id='word_1_113' title='bbox 790 2023 845 2107; x_wconf 92' lang='lat' dir='ltr'>qui</span> <span class='ocrx_word' id='word_1_114' title='bbox 868 2021 978 2088; x_wconf 89' lang='lat' dir='ltr'>miseri</span> <span class='ocrx_word' id='word_1_115' title='bbox 995 2023 1108 2090; x_wconf 80' lang='lat' dir='ltr'>exules</span> <span class='ocrx_word' id='word_1_116' title='bbox 1123 2027 1322 2107; x_wconf 84' lang='lat' dir='ltr'>egentesque</span> 
     </span>
     <span class='ocr_line' id='line_1_17' title="bbox 146 2132 1324 2218; baseline -0.005 -16"><span class='ocrx_word' id='word_1_117' title='bbox 146 2137 281 2202; x_wconf 84' lang='lat' dir='ltr'>Romam</span> <span class='ocrx_word' id='word_1_118' title='bbox 303 2132 503 2200; x_wconf 83' lang='lat' dir='ltr'>deteruntur.</span> <span class='ocrx_word' id='word_1_119' title='bbox 532 2133 587 2198; x_wconf 90' lang='lat' dir='ltr'>ubi</span> <span class='ocrx_word' id='word_1_120' title='bbox 609 2139 772 2199; x_wconf 86' lang='lat' dir='ltr'>ostentata</span> <span class='ocrx_word' id='word_1_121' title='bbox 793 2133 933 2215; x_wconf 75' lang='lat' dir='ltr'>misena,</span> <span class='ocrx_word' id='word_1_122' title='bbox 959 2134 1105 2218; x_wconf 86' lang='lat' dir='ltr'>querella</span> <span class='ocrx_word' id='word_1_123' title='bbox 1126 2132 1245 2200; x_wconf 86' lang='lat' dir='ltr'>delleta</span> <span class='ocrx_word' id='word_1_124' title='bbox 1266 2151 1324 2216; x_wconf 89' lang='lat' dir='ltr'>per</span> 
     </span>
     <span class='ocr_line' id='line_1_18' title="bbox 143 2243 1139 2312; baseline -0.004 0"><span class='ocrx_word' id='word_1_125' title='bbox 143 2249 359 2312; x_wconf 83' lang='lat' dir='ltr'>Romanorum</span> <span class='ocrx_word' id='word_1_126' title='bbox 382 2243 587 2310; x_wconf 90' lang='lat' dir='ltr'>seueritatem</span> <span class='ocrx_word' id='word_1_127' title='bbox 609 2250 641 2309; x_wconf 89' lang='lat' dir='ltr'>et</span> <span class='ocrx_word' id='word_1_128' title='bbox 662 2243 817 2309; x_wconf 83' lang='lat' dir='ltr'>uindicati</span> <span class='ocrx_word' id='word_1_129' title='bbox 840 2250 914 2310; x_wconf 90' lang='lat' dir='ltr'>sunt</span> <span class='ocrx_word' id='word_1_130' title='bbox 937 2250 969 2309; x_wconf 91' lang='lat' dir='ltr'>et</span> <span class='ocrx_word' id='word_1_131' title='bbox 990 2244 1139 2310; x_wconf 88' lang='lat' dir='ltr'>restituti.</span> 
     </span>
     <span class='ocr_line' id='line_1_19' title="bbox 228 2348 1469 2439; baseline -0.004 -20"><span class='ocrx_word' id='word_1_132' title='bbox 228 2355 323 2421; x_wconf 83' lang='lat' dir='ltr'>Anno</span> <span class='ocrx_word' id='word_1_133' title='bbox 344 2354 387 2419; x_wconf 88' lang='lat' dir='ltr'>ab</span> <span class='ocrx_word' id='word_1_134' title='bbox 410 2353 489 2420; x_wconf 91' lang='lat' dir='ltr'>urbe</span> <span class='ocrx_word' id='word_1_135' title='bbox 510 2353 641 2420; x_wconf 82' lang='lat' dir='ltr'>condita</span> <span class='ocrx_word' id='word_1_136' title='bbox 661 2353 980 2438; x_wconf 87' lang='lat' dir='ltr'>quadringentesimo</span> <span class='ocrx_word' id='word_1_137' title='bbox 1003 2353 1198 2436; x_wconf 79' lang='lat' dir='ltr'>octogesimo</span> <span class='ocrx_word' id='word_1_138' title='bbox 1212 2353 1317 2439; x_wconf 89' lang='lat' dir='ltr'>primo</span> <span class='ocrx_word' id='word_1_139' title='bbox 1339 2348 1469 2414; x_wconf 88' lang='lat' dir='ltr'>XXIIII</span> 
     </span>
     <span class='ocr_line' id='line_1_20' title="bbox 144 2463 1324 2551; baseline -0.004 -19"><span class='ocrx_word' id='word_1_140' title='bbox 144 2465 333 2551; x_wconf 87' lang='lat' dir='ltr'>pestilentia</span> <span class='ocrx_word' id='word_1_141' title='bbox 355 2465 471 2547; x_wconf 89' lang='lat' dir='ltr'>ingens</span> <span class='ocrx_word' id='word_1_142' title='bbox 494 2463 581 2550; x_wconf 91' lang='lat' dir='ltr'>apud</span> <span class='ocrx_word' id='word_1_143' title='bbox 603 2465 737 2529; x_wconf 90' lang='lat' dir='ltr'>Romam</span> <span class='ocrx_word' id='word_1_144' title='bbox 760 2463 982 2549; x_wconf 85' lang='lat' dir='ltr'>eonflagrauit‚</span> <span class='ocrx_word' id='word_1_145' title='bbox 1009 2463 1101 2529; x_wconf 89' lang='lat' dir='ltr'>euius</span> <span class='ocrx_word' id='word_1_146' title='bbox 1124 2463 1324 2530; x_wconf 80' lang='lat' dir='ltr'>atrocitatem</span> 
     </span>
     <span class='ocr_line' id='line_1_21' title="bbox 101 2571 1326 2660; baseline -0.003 -18"><span class='ocrx_word' id='word_1_147' title='bbox 101 2599 130 2648; x_wconf 80' lang='lat' dir='ltr'>tu</span> <span class='ocrx_word' id='word_1_148' title='bbox 146 2575 332 2660; x_wconf 80' lang='lat' dir='ltr'>significare</span> <span class='ocrx_word' id='word_1_149' title='bbox 354 2580 523 2640; x_wconf 83' lang='lat' dir='ltr'>contentus</span> <span class='ocrx_word' id='word_1_150' title='bbox 546 2595 617 2640; x_wconf 91' lang='lat' dir='ltr'>sum</span> <span class='ocrx_word' id='word_1_151' title='bbox 651 2575 728 2659; x_wconf 84' lang='lat' dir='ltr'>quia</span> <span class='ocrx_word' id='word_1_152' title='bbox 750 2575 860 2641; x_wconf 91' lang='lat' dir='ltr'>uerbis</span> <span class='ocrx_word' id='word_1_153' title='bbox 882 2575 1019 2658; x_wconf 90' lang='lat' dir='ltr'>implere</span> <span class='ocrx_word' id='word_1_154' title='bbox 1041 2593 1106 2637; x_wconf 92' lang='lat' dir='ltr'>non</span> <span class='ocrx_word' id='word_1_155' title='bbox 1128 2572 1261 2657; x_wconf 87' lang='lat' dir='ltr'>possim.</span> <span class='ocrx_word' id='word_1_156' title='bbox 1298 2571 1326 2638; x_wconf 89' lang='lat' dir='ltr'>si</span> 
     </span>
     <span class='ocr_line' id='line_1_22' title="bbox 144 2681 1326 2770; baseline -0.005 -18"><span class='ocrx_word' id='word_1_157' title='bbox 144 2686 234 2752; x_wconf 91' lang='lat' dir='ltr'>enim</span> <span class='ocrx_word' id='word_1_158' title='bbox 257 2684 398 2769; x_wconf 88' lang='lat' dir='ltr'>spatium</span> <span class='ocrx_word' id='word_1_159' title='bbox 421 2684 575 2770; x_wconf 89' lang='lat' dir='ltr'>temporis</span> <span class='ocrx_word' id='word_1_160' title='bbox 598 2705 660 2769; x_wconf 91' lang='lat' dir='ltr'>quo</span> <span class='ocrx_word' id='word_1_161' title='bbox 684 2685 802 2752; x_wconf 87' lang='lat' dir='ltr'>mansit</span> <span class='ocrx_word' id='word_1_162' title='bbox 823 2685 1013 2769; x_wconf 87' lang='lat' dir='ltr'>inquiritur,</span> <span class='ocrx_word' id='word_1_163' title='bbox 1042 2684 1128 2748; x_wconf 86' lang='lat' dir='ltr'>ultra</span> <span class='ocrx_word' id='word_1_164' title='bbox 1159 2681 1326 2748; x_wconf 89' lang='lat' dir='ltr'>biennium</span> 
     </span>
     <span class='ocr_line' id='line_1_23' title="bbox 144 2794 1328 2882; baseline -0.004 -20"><span class='ocrx_word' id='word_1_165' title='bbox 144 2794 307 2862; x_wconf 83' lang='lat' dir='ltr'>uastando</span> <span class='ocrx_word' id='word_1_166' title='bbox 329 2800 478 2879; x_wconf 83' lang='lat' dir='ltr'>porrecta</span> <span class='ocrx_word' id='word_1_167' title='bbox 499 2801 563 2861; x_wconf 87' lang='lat' dir='ltr'>est:</span> <span class='ocrx_word' id='word_1_168' title='bbox 594 2795 623 2861; x_wconf 89' lang='lat' dir='ltr'>si</span> <span class='ocrx_word' id='word_1_169' title='bbox 645 2795 853 2882; x_wconf 86' lang='lat' dir='ltr'>depopulatio</span> <span class='ocrx_word' id='word_1_170' title='bbox 876 2815 974 2878; x_wconf 89' lang='lat' dir='ltr'>quam</span> <span class='ocrx_word' id='word_1_171' title='bbox 999 2795 1117 2878; x_wconf 88' lang='lat' dir='ltr'>egerit,</span> <span class='ocrx_word' id='word_1_172' title='bbox 1142 2811 1258 2860; x_wconf 90' lang='lat' dir='ltr'>eensus</span> <span class='ocrx_word' id='word_1_173' title='bbox 1281 2794 1328 2858; x_wconf 95' lang='lat' dir='ltr'>in-</span> 
     </span>
     <span class='ocr_line' id='line_1_24' title="bbox 142 2903 1325 2990; baseline -0.001 -20"><span class='ocrx_word' id='word_1_174' title='bbox 142 2905 252 2972; x_wconf 88' lang='lat' dir='ltr'>dietus</span> <span class='ocrx_word' id='word_1_175' title='bbox 274 2913 333 2984; x_wconf 88' lang='lat' dir='ltr'>est,</span> <span class='ocrx_word' id='word_1_176' title='bbox 357 2905 412 2987; x_wconf 92' lang='lat' dir='ltr'>qui</span> <span class='ocrx_word' id='word_1_177' title='bbox 435 2924 499 2970; x_wconf 91' lang='lat' dir='ltr'>non</span> <span class='ocrx_word' id='word_1_178' title='bbox 521 2912 674 2989; x_wconf 91' lang='lat' dir='ltr'>quantum</span> <span class='ocrx_word' id='word_1_179' title='bbox 698 2905 863 2972; x_wconf 93' lang='lat' dir='ltr'>hominum</span> <span class='ocrx_word' id='word_1_180' title='bbox 887 2904 1069 2990; x_wconf 87' lang='lat' dir='ltr'>deperisset</span> <span class='ocrx_word' id='word_1_181' title='bbox 1090 2903 1147 2972; x_wconf 90' lang='lat' dir='ltr'>sed</span> <span class='ocrx_word' id='word_1_182' title='bbox 1170 2911 1325 2986; x_wconf 86' lang='lat' dir='ltr'>quantum</span> 
     </span>
     <span class='ocr_line' id='line_1_25' title="bbox 143 3013 1327 3100; baseline -0.003 -19"><span class='ocrx_word' id='word_1_183' title='bbox 143 3014 362 3100; x_wconf 81' lang='lat' dir='ltr'>superfuisset</span> <span class='ocrx_word' id='word_1_184' title='bbox 394 3015 584 3098; x_wconf 87' lang='lat' dir='ltr'>inquireret:</span> <span class='ocrx_word' id='word_1_185' title='bbox 622 3015 649 3082; x_wconf 93' lang='lat' dir='ltr'>si</span> <span class='ocrx_word' id='word_1_186' title='bbox 679 3016 835 3083; x_wconf 90' lang='lat' dir='ltr'>uiolentia</span> <span class='ocrx_word' id='word_1_187' title='bbox 871 3036 936 3098; x_wconf 87' lang='lat' dir='ltr'>qua</span> <span class='ocrx_word' id='word_1_188' title='bbox 975 3014 1139 3097; x_wconf 77' lang='lat' dir='ltr'>effecerit,</span> <span class='ocrx_word' id='word_1_189' title='bbox 1174 3013 1327 3098; x_wconf 86' lang='lat' dir='ltr'>Sibyllini</span> 
     </span>
    </p>
   </div>
   <div class='ocr_carea' id='block_1_3' title="bbox 93 3123 1326 3654">
    <p class='ocr_par' dir='ltr' id='par_1_3' title="bbox 93 3123 1326 3654">
     <span class='ocr_line' id='line_1_26' title="bbox 93 3123 1325 3211; baseline 0 -23"><span class='ocrx_word' id='word_1_190' title='bbox 93 3137 125 3188; x_wconf 74' lang='lat' dir='ltr'>te</span> <span class='ocrx_word' id='word_1_191' title='bbox 143 3123 224 3188; x_wconf 89' lang='lat' dir='ltr'>libri</span> <span class='ocrx_word' id='word_1_192' title='bbox 246 3131 343 3190; x_wconf 84' lang='lat' dir='ltr'>testes</span> <span class='ocrx_word' id='word_1_193' title='bbox 367 3130 451 3206; x_wconf 89' lang='lat' dir='ltr'>sunt,</span> <span class='ocrx_word' id='word_1_194' title='bbox 474 3126 528 3210; x_wconf 94' lang='lat' dir='ltr'>qui</span> <span class='ocrx_word' id='word_1_195' title='bbox 550 3144 621 3190; x_wconf 90' lang='lat' dir='ltr'>eam</span> <span class='ocrx_word' id='word_1_196' title='bbox 643 3125 774 3193; x_wconf 83' lang='lat' dir='ltr'>caelesti</span> <span class='ocrx_word' id='word_1_197' title='bbox 797 3127 848 3193; x_wconf 86' lang='lat' dir='ltr'>ira</span> <span class='ocrx_word' id='word_1_198' title='bbox 870 3126 1056 3211; x_wconf 85' lang='lat' dir='ltr'>impositam</span> <span class='ocrx_word' id='word_1_199' title='bbox 1079 3123 1325 3210; x_wconf 89' lang='lat' dir='ltr'>responderunt.</span> 
     </span>
     <span class='ocr_line' id='line_1_27' title="bbox 143 3233 1326 3321; baseline 0.001 -23"><span class='ocrx_word' id='word_1_200' title='bbox 143 3233 208 3298; x_wconf 91' lang='lat' dir='ltr'>sed</span> <span class='ocrx_word' id='word_1_201' title='bbox 231 3253 272 3299; x_wconf 92' lang='lat' dir='ltr'>ne</span> <span class='ocrx_word' id='word_1_202' title='bbox 293 3253 486 3317; x_wconf 90' lang='lat' dir='ltr'>quemquam</span> <span class='ocrx_word' id='word_1_203' title='bbox 509 3237 603 3316; x_wconf 90' lang='lat' dir='ltr'>quasi</span> <span class='ocrx_word' id='word_1_204' title='bbox 626 3243 816 3321; x_wconf 89' lang='lat' dir='ltr'>tempestate</span> <span class='ocrx_word' id='word_1_205' title='bbox 840 3236 1056 3302; x_wconf 81' lang='lat' dir='ltr'>cauillationis</span> <span class='ocrx_word' id='word_1_206' title='bbox 1073 3235 1218 3302; x_wconf 85' lang='lat' dir='ltr'>offendat</span> <span class='ocrx_word' id='word_1_207' title='bbox 1239 3234 1326 3318; x_wconf 90' lang='lat' dir='ltr'>quod</span> 
     </span>
     <span class='ocr_line' id='line_1_28' title="bbox 144 3341 1326 3428; baseline 0.002 -20"><span class='ocrx_word' id='word_1_208' title='bbox 144 3341 277 3426; x_wconf 74' lang='lat' dir='ltr'>Sibylla</span> <span class='ocrx_word' id='word_1_209' title='bbox 298 3344 397 3410; x_wconf 87' lang='lat' dir='ltr'>iratos</span> <span class='ocrx_word' id='word_1_210' title='bbox 420 3343 537 3427; x_wconf 83' lang='lat' dir='ltr'>dixerit</span> <span class='ocrx_word' id='word_1_211' title='bbox 558 3345 656 3428; x_wconf 90' lang='lat' dir='ltr'>deos,</span> <span class='ocrx_word' id='word_1_212' title='bbox 679 3368 738 3415; x_wconf 90' lang='lat' dir='ltr'>nos</span> <span class='ocrx_word' id='word_1_213' title='bbox 761 3348 844 3412; x_wconf 89' lang='lat' dir='ltr'>iram</span> <span class='ocrx_word' id='word_1_214' title='bbox 866 3347 1041 3414; x_wconf 80' lang='lat' dir='ltr'>caelestem</span> <span class='ocrx_word' id='word_1_215' title='bbox 1070 3346 1194 3414; x_wconf 82' lang='lat' dir='ltr'>dixisse</span> <span class='ocrx_word' id='word_1_216' title='bbox 1216 3345 1326 3411; x_wconf 92' lang='lat' dir='ltr'>uidea-</span> 
     </span>
     <span class='ocr_line' id='line_1_29' title="bbox 146 3451 1326 3543; baseline 0.005 -29"><span class='ocrx_word' id='word_1_217' title='bbox 146 3469 234 3532; x_wconf 84' lang='lat' dir='ltr'>mur,</span> <span class='ocrx_word' id='word_1_218' title='bbox 256 3451 365 3518; x_wconf 86' lang='lat' dir='ltr'>audiat</span> <span class='ocrx_word' id='word_1_219' title='bbox 386 3461 418 3519; x_wconf 92' lang='lat' dir='ltr'>et</span> <span class='ocrx_word' id='word_1_220' title='bbox 438 3453 605 3540; x_wconf 86' lang='lat' dir='ltr'>intellegat</span> <span class='ocrx_word' id='word_1_221' title='bbox 627 3457 703 3540; x_wconf 92' lang='lat' dir='ltr'>quia</span> <span class='ocrx_word' id='word_1_222' title='bbox 725 3457 806 3522; x_wconf 90' lang='lat' dir='ltr'>haee</span> <span class='ocrx_word' id='word_1_223' title='bbox 829 3457 891 3524; x_wconf 89' lang='lat' dir='ltr'>etsi</span> <span class='ocrx_word' id='word_1_224' title='bbox 912 3457 1104 3543; x_wconf 89' lang='lat' dir='ltr'>plerumque</span> <span class='ocrx_word' id='word_1_225' title='bbox 1128 3477 1188 3543; x_wconf 94' lang='lat' dir='ltr'>per</span> <span class='ocrx_word' id='word_1_226' title='bbox 1208 3475 1326 3522; x_wconf 87' lang='lat' dir='ltr'>aereas</span> 
     </span>
     <span class='ocr_line' id='line_1_30' title="bbox 146 3562 1326 3654; baseline 0.004 -28"><span class='ocrx_word' id='word_1_227' title='bbox 146 3563 330 3642; x_wconf 75' lang='lat' dir='ltr'>potestates</span> <span class='ocrx_word' id='word_1_228' title='bbox 350 3562 437 3646; x_wconf 84' lang='lat' dir='ltr'>fiunt,</span> <span class='ocrx_word' id='word_1_229' title='bbox 465 3571 576 3631; x_wconf 89' lang='lat' dir='ltr'>tamen</span> <span class='ocrx_word' id='word_1_230' title='bbox 605 3566 676 3634; x_wconf 92' lang='lat' dir='ltr'>sine</span> <span class='ocrx_word' id='word_1_231' title='bbox 705 3569 838 3634; x_wconf 88' lang='lat' dir='ltr'>arbitrio</span> <span class='ocrx_word' id='word_1_232' title='bbox 861 3568 1090 3654; x_wconf 90' lang='lat' dir='ltr'>omnipotentis</span> <span class='ocrx_word' id='word_1_233' title='bbox 1113 3568 1167 3634; x_wconf 92' lang='lat' dir='ltr'>dei</span> <span class='ocrx_word' id='word_1_234' title='bbox 1195 3567 1326 3633; x_wconf 91' lang='lat' dir='ltr'>omnino</span> 
     </span>
    </p>
   </div>
   <div class='ocr_carea' id='block_1_4' title="bbox 4 3776 1329 4217">
    <p class='ocr_par' dir='ltr' id='par_1_4' title="bbox 4 3776 1329 4217">
     <span class='ocr_line' id='line_1_31' title="bbox 4 3776 1325 3885; baseline -0.002 -20"><span class='ocrx_word' id='word_1_235' title='bbox 4 3776 9 3815; x_wconf 75' lang='lat' dir='ltr'>t</span> <span class='ocrx_word' id='word_1_236' title='bbox 233 3784 238 3792; x_wconf 47' lang='lat'>¹</span> <span class='ocrx_word' id='word_1_237' title='bbox 262 3795 356 3885; x_wconf 61' lang='lat' dir='ltr'>¹fleri</span> <span class='ocrx_word' id='word_1_238' title='bbox 369 3805 426 3862; x_wconf 86' lang='lat' dir='ltr'>lnbe</span> <span class='ocrx_word' id='word_1_239' title='bbox 443 3810 609 3878; x_wconf 72' lang='lat' dir='ltr'>rgnolmmra</span> <span class='ocrx_word' id='word_1_240' title='bbox 633 3810 766 3878; x_wconf 82' lang='lat' dir='ltr'>prelumto</span> <span class='ocrx_word' id='word_1_241' title='bbox 785 3812 1011 3869; x_wconf 82' lang='lat' dir='ltr'>senmulsueroI)</span> <span class='ocrx_word' id='word_1_242' title='bbox 1045 3818 1060 3866; x_wconf 80' lang='lat' dir='ltr'>l</span> <span class='ocrx_word' id='word_1_243' title='bbox 1079 3807 1325 3866; x_wconf 78' lang='lat' dir='ltr'>luxuriaOrost&#39;us:</span> 
     </span>
     <span class='ocr_line' id='line_1_32' title="bbox 4 3796 1329 4217; baseline -0.019 -237"><span class='ocrx_word' id='word_1_244' title='bbox 4 3834 62 4217; x_wconf 46' lang='lat' dir='ltr'>h</span> <span class='ocrx_word' id='word_1_245' title='bbox 137 3796 364 4067; x_wconf 51' lang='grc' dir='ltr'>ω,</span> <span class='ocrx_word' id='word_1_246' title='bbox 442 3906 540 3972; x_wconf 78' lang='lat' dir='ltr'>tpene</span> <span class='ocrx_word' id='word_1_247' title='bbox 558 3903 593 3968; x_wconf 74' lang='lat' dir='ltr'>D,</span> <span class='ocrx_word' id='word_1_248' title='bbox 612 3917 696 3971; x_wconf 71' lang='lat' dir='ltr'>paene</span> <span class='ocrx_word' id='word_1_249' title='bbox 723 3905 786 3968; x_wconf 84' lang='lat' dir='ltr'>tsed.</span> <span class='ocrx_word' id='word_1_250' title='bbox 805 3921 876 3962; x_wconf 79' lang='lat' dir='ltr'>corr.</span> <span class='ocrx_word' id='word_1_251' title='bbox 896 3909 924 3962; x_wconf 81' lang='lat' dir='ltr'>in</span> <span class='ocrx_word' id='word_1_252' title='bbox 942 3912 1040 3976; x_wconf 81' lang='lat' dir='ltr'>poena)</span> <span class='ocrx_word' id='word_1_253' title='bbox 1068 3905 1095 3960; x_wconf 89' lang='lat' dir='ltr'><em>P</em></span> <span class='ocrx_word' id='word_1_254' title='bbox 1194 3907 1210 3957; x_wconf 88' lang='lat'><strong>6</strong></span> <span class='ocrx_word' id='word_1_255' title='bbox 1229 3901 1329 3957; x_wconf 81' lang='lat' dir='ltr'>linerol</span> 
     </span>
     <span class='ocr_line' id='line_1_33' title="bbox 311 3989 1321 4071; baseline -0.019 -4"><span class='ocrx_word' id='word_1_256' title='bbox 311 4052 321 4067; x_wconf 81' lang='grc'><strong><em>,</em></strong></span> <span class='ocrx_word' id='word_1_257' title='bbox 366 3989 441 4046; x_wconf 78' lang='lat' dir='ltr'><strong><em>an</em></strong></span> <span class='ocrx_word' id='word_1_258' title='bbox 528 3997 727 4053; x_wconf 84' lang='lat' dir='ltr'>lhnertrmD</span> <span class='ocrx_word' id='word_1_259' title='bbox 830 4000 1068 4071; x_wconf 75' lang='lat' dir='ltr'>dulurparentll</span> <span class='ocrx_word' id='word_1_260' title='bbox 1154 3997 1321 4063; x_wconf 81' lang='lat' dir='ltr'>tlarierunt]</span> 
     </span>
    </p>
   </div>
   <div class='ocr_carea' id='block_1_5' title="bbox 402 4085 1324 4544">
    <p class='ocr_par' dir='ltr' id='par_1_5' title="bbox 402 4085 1324 4446">
     <span class='ocr_line' id='line_1_34' title="bbox 402 4085 1324 4163; baseline 0.002 -24"><span class='ocrx_word' id='word_1_261' title='bbox 402 4087 431 4140; x_wconf 83' lang='lat' dir='ltr'>tt</span> <span class='ocrx_word' id='word_1_262' title='bbox 452 4085 878 4150; x_wconf 62' lang='lat' dir='ltr'>torneamentum)</span> <span class='ocrx_word' id='word_1_263' title='bbox 983 4098 1014 4148; x_wconf 83' lang='lat'>¹2</span> <span class='ocrx_word' id='word_1_264' title='bbox 1033 4091 1324 4163; x_wconf 75' lang='lat' dir='ltr'>eonltrouerdquiu</span> 
     </span>
     <span class='ocr_line' id='line_1_35' title="bbox 415 4181 1322 4252; baseline -0.017 -2"><span class='ocrx_word' id='word_1_265' title='bbox 415 4181 486 4249; x_wconf 57' lang='grc' dir='ltr'>’,Μ</span> <span class='ocrx_word' id='word_1_266' title='bbox 509 4181 575 4252; x_wconf 69' lang='grc' dir='ltr'>ΒΡ,</span> <span class='ocrx_word' id='word_1_267' title='bbox 607 4199 677 4239; x_wconf 65' lang='grc' dir='ltr'>ΜΠ.</span> <span class='ocrx_word' id='word_1_268' title='bbox 703 4203 741 4243; x_wconf 78' lang='lat' dir='ltr'>ex</span> <span class='ocrx_word' id='word_1_269' title='bbox 775 4187 872 4244; x_wconf 83' lang='lat' dir='ltr'>Oresio</span> <span class='ocrx_word' id='word_1_270' title='bbox 905 4189 1038 4246; x_wconf 81' lang='lat' dir='ltr'>Gruterus</span> <span class='ocrx_word' id='word_1_271' title='bbox 1153 4189 1182 4239; x_wconf 84' lang='grc'>14</span> <span class='ocrx_word' id='word_1_272' title='bbox 1214 4197 1322 4251; x_wconf 81' lang='lat' dir='ltr'>coniugi</span> 
     </span>
     <span class='ocr_line' id='line_1_36' title="bbox 479 4272 1323 4354; baseline -0.014 -14"><span class='ocrx_word' id='word_1_273' title='bbox 479 4272 511 4323; x_wconf 58' lang='lat'>&#39;=</span> <span class='ocrx_word' id='word_1_274' title='bbox 568 4279 603 4337; x_wconf 78' lang='lat'>2⁰</span> <span class='ocrx_word' id='word_1_275' title='bbox 622 4277 820 4348; x_wconf 71' lang='lat' dir='ltr'>ngnrfioaretlt</span> <span class='ocrx_word' id='word_1_276' title='bbox 889 4287 921 4337; x_wconf 82' lang='lat'>22</span> <span class='ocrx_word' id='word_1_277' title='bbox 941 4298 1021 4354; x_wconf 90' lang='lat' dir='ltr'>quam</span> <span class='ocrx_word' id='word_1_278' title='bbox 1040 4279 1128 4336; x_wconf 83' lang='lat' dir='ltr'>om.I)</span> <span class='ocrx_word' id='word_1_279' title='bbox 1203 4281 1237 4332; x_wconf 79' lang='lat'>26</span> <span class='ocrx_word' id='word_1_280' title='bbox 1256 4283 1323 4329; x_wconf 90' lang='lat' dir='ltr'>tem·</span> 
     </span>
     <span class='ocr_line' id='line_1_37' title="bbox 731 4369 1320 4446; baseline -0.024 -13"><span class='ocrx_word' id='word_1_281' title='bbox 731 4375 758 4442; x_wconf 77' lang='lat'>¹),</span> <span class='ocrx_word' id='word_1_282' title='bbox 776 4381 925 4446; x_wconf 83' lang='lat' dir='ltr'>temptatae</span> <span class='ocrx_word' id='word_1_283' title='bbox 944 4373 1128 4432; x_wconf 78' lang='lat' dir='ltr'>caninatronrl</span> <span class='ocrx_word' id='word_1_284' title='bbox 1144 4369 1176 4438; x_wconf 89' lang='lat' dir='ltr'>P,</span> <span class='ocrx_word' id='word_1_285' title='bbox 1196 4381 1320 4438; x_wconf 85' lang='lat' dir='ltr'>nequem</span> 
     </span>
    </p>

    <p class='ocr_par' dir='ltr' id='par_1_6' title="bbox 759 4469 1047 4544">
     <span class='ocr_line' id='line_1_38' title="bbox 759 4469 1047 4544; baseline -0.007 -19"><span class='ocrx_word' id='word_1_286' title='bbox 759 4487 772 4525; x_wconf 84' lang='lat' dir='ltr'>s</span> <span class='ocrx_word' id='word_1_287' title='bbox 841 4474 873 4524; x_wconf 77' lang='lat'>29</span> <span class='ocrx_word' id='word_1_288' title='bbox 892 4471 948 4544; x_wconf 84' lang='lat' dir='ltr'>der]</span> <span class='ocrx_word' id='word_1_289' title='bbox 966 4469 1047 4526; x_wconf 81' lang='lat' dir='ltr'>doD</span> 
     </span>
    </p>
   </div>
   <div class='ocr_carea' id='block_1_6' title="bbox 0 0 1589 5084">
    <p class='ocr_par' dir='ltr' id='par_1_7' title="bbox 0 0 1589 5084">
     <span class='ocr_line' id='line_1_39' title="bbox 0 0 1589 5084; baseline 0 0"><span class='ocrx_word' id='word_1_290' title='bbox 0 0 1589 5084; x_wconf 95' lang='lat' dir='ltr'> </span> 
     </span>
    </p>
   </div>
  </div>
 </body>
</html>
