2834 5394
198 284 260 351 400
680 297 775 349 ,nram
797 298 896 346 xvrrrr

197 448 295 533 gebat
317 448 440 514 Persas
463 449 497 513 in
526 448 653 530 magnis
681 449 815 533 procliis
845 451 990 535 separan‘
1019 470 1082 534 quo
1105 450 1369 535 disperderentur

201 567 233 625 ct
254 579 319 624 non
341 568 452 625 contra
473 558 563 623 illurn
586 558 862 624 tumultuarentur.
906 560 1027 626 talibus
1049 580 1125 644 ergo
1153 561 1261 628 uerbis
1285 561 1369 626 Bura

199 669 332 735 militias
366 669 482 734 affatus
519 667 723 753 tyrannidem
758 670 929 734 ruraximam
977 670 1134 738 aduersus
1163 672 1367 737 Hormisdam

200 778 372 848 succendit.
395 779 584 845 iuramentis
600 778 717 844 Bararn
736 779 916 845 munientes
931 779 1233 863 ‹delibergmatizant
1249 783 1369 866 pariter

198 910 311 957 ornnes
333 910 368 955 sc
391 887 594 973 deposituros
616 889 832 956 Hormisdam.
1384 902 1398 950 5

111 1003 177 1069 XX
284 998 473 1066 Homrisdas
502 1006 610 1064 autem
632 999 842 1066 Perochanen
871 1002 1058 1084 magistrum
1089 1022 1181 1066 suum
1210 1009 1367 1067 arcuatum

198 1131 269 1176 cum
297 1110 414 1175 uirtute
443 1109 585 1175 destinat
613 1108 771 1176 aduersus
799 1110 927 1174 Rarum.
972 1112 1058 1174 Bara
1094 1130 1171 1176 uero
1208 1112 1369 1195 significa-

198 1221 245 1286 uit
265 1217 446 1285 Fercchani
478 1219 554 1303 quia
586 1238 650 1283 non
682 1221 832 1286 conuenit
862 1242 953 1285 arma
974 1221 1083 1287 Persis
1114 1221 1233 1286 inferre
1266 1228 1299 1286 et
1327 1221 1368 1286 ad

199 1329 384 1397 memoriam
401 1331 456 1396 'eis
478 1328 651 1394 reducebat
673 1329 866 1396 Hormisdae
888 1332 1096 1415 asperitatem
1119 1331 1312 1397 iniustitiam
1335 1333 1367 1396 in

197 1441 410 1525 sanguinibus
436 1439 591 1524 gaudium
619 1440 653 1504 in
682 1439 864 1506 homicidiis
894 1460 1033 1506 amorem
1068 1441 1293 1506 infidelitatem
1322 1442 1368 1505 ia·
1386 1447 1410 1495 ¹⁰

199 1553 352 1620 ctantiam
374 1559 406 1617 et
429 1550 626 1616 uiolentiam.
671 1549 752 1614 haec
774 1550 952 1616 sentientes
975 1552 1134 1616 ueraciter
1155 1551 1198 1615 ab
1221 1571 1261 1616 eo
1284 1551 1367 1617 dicta

199 1664 298 1730 fuisse
325 1661 435 1747 popuii
468 1660 521 1744 qui
550 1661 635 1725 circa
667 1658 878 1725 Ferochanen
907 1669 1019 1742 erant,
1057 1660 1099 1725 ad
1134 1662 1250 1726 Baram
1296 1681 1367 1727 sese

198 1774 365 1839 conferunt
402 1779 434 1836 et
472 1769 682 1837 Ferochanen
720 1769 902 1837 occidentes
940 1791 976 1836 se
1019 1771 1060 1836 ad
1091 1772 1209 1835 Baram
1255 1774 1368 1837 uniunt

198 1891 230 1949 et
273 1888 385 1947 contra
421 1879 662 1965 Ctesiphontem
708 1881 828 1964 impetu
869 1880 998 1946 abeunt.
1049 1880 1224 1948 Hormisda
1261 1890 1365 1948 autern

195 1991 337 2058 habebat
379 1989 549 2056 Bindohen
593 2010 731 2073 magnac
782 1990 949 2073 dignitatis
992 1991 1094 2056 uirum
1139 1991 1173 2056 in
1218 1993 1366 2058 uinculis.
1384 2000 1409 2049 ¹⁵

197 2103 306 2185 itaque
336 2120 408 2165 cum
436 2100 469 2164 in
497 2120 617 2183 magna
644 2099 851 2165 fluctuatione
878 2101 1009 2183 negotia
1034 2100 1199 2184 degerent,
1237 2102 1367 2169 Bestam

196 2212 295 2279 trater
316 2209 530 2276 Bindolris·in
552 2208 730 2276 custodiam
753 2210 900 2276 insiliens
922 2210 1028 2276 educit
1044 2211 1214 2277 Rindohen
1237 2213 1367 2278 fratrem

196 2343 288 2390 suum
316 2329 349 2387 et
376 2327 572 2405 congregata
600 2319 803 2385 multitudine
833 2320 952 2386 rustica
980 2341 1037 2386 scu
1059 2321 1145 2386 ciuili
1169 2322 1265 2388 tertia
1287 2322 1368 2387 hora

194 2432 260 2499 diei
290 2431 414 2515 regalia
443 2430 565 2496 intrant
592 2438 624 2496 et
651 2431 783 2496 inuento
807 2429 979 2497 Hormisda
1007 2451 1105 2514 super
1134 2431 1249 2497 solium
1277 2433 1367 2517 regio

197 2562 285 2609 more
316 2541 451 2609 sedente
488 2541 597 2608 multis
620 2541 704 2605 hunc
725 2541 854 2607 iniuriis
876 2541 1027 2607 subdunt.
1072 2541 1238 2609 Bindohes
1260 2549 1410 2609 anama

195 2660 309 2718 tenens
330 2652 536 2719 Hormisdom
560 2651 691 2717 abstulit
713 2650 864 2715 diadema
885 2670 906 2715 a
933 2651 1039 2735 capite
1067 2652 1137 2718 eius
1158 2689 1201 2696 —
1222 2660 1256 2718 et
1283 2652 1367 2717 hunc

198 2763 230 2826 in
260 2780 420 2827 carcerem
449 2760 650 2826 tradiderunt
674 2796 710 2804 -
736 2760 934 2844 rogabatque
957 2761 1121 2827 chosroen
1153 2763 1257 2847 patrio
1287 2762 1367 2829 solio

194 2872 302 2938 tribui.

93 3005 176 3071 XXI
283 2982 455 3046 Praeterea
476 2979 650 3046 Hormisda
672 3000 690 3046 e
712 2980 859 3045 custodia
886 2981 1031 3045 nuntium
1061 2982 1148 3048 misit
1169 2983 1277 3048 Persis
1315 3002 1367 3067 pe-

197 3099 269 3157 tens
298 3091 386 3175 loqui
409 3091 533 3156 Persidi
565 3111 648 3174 quac
678 3089 877 3174 expedirent.
921 3090 955 3154 in
984 3092 1158 3157 crastinum
1188 3093 1285 3175 igitur
1307 3094 1367 3156 col·
1383 3099 1411 3149 2⁵

195 3201 295 3266 lectus
330 3207 463 3266 senatus
493 3200 664 3266 Persarum
696 3201 729 3264 in
763 3200 927 3283 regalibus
962 3221 1026 3265 una
1058 3221 1130 3265 cnm
1164 3201 1368 3267 multitudiue

85 3326 88 3339 ·
195 3310 337 3374 uinctum
358 3308 564 3375 Hormisdam
588 3310 716 3374 ducunt.
760 3318 812 3375 ast
832 3309 1023 3377 Hormisdas
1045 3313 1269 3378 commonebat
1290 3312 1367 3377 Per·

195 3440 249 3487 sas
276 3419 363 3504 quud
393 3438 456 3484 non
484 3426 631 3504 oporteat
658 3420 791 3485 huiusce
821 3420 905 3485 modi
934 3421 966 3485 in
997 3440 1089 3504 rugos
1112 3423 1312 3487 committere
1335 3429 1367 3487 et

195 3537 317 3615 quanta
349 3550 389 3594 ex
421 3551 484 3614 quo
519 3536 711 3613 regnauerat
743 3538 877 3614 tropaea
905 3530 1016 3596 feccrit
1038 3538 1070 3596 et
1092 3532 1125 3595 in
1149 3532 1266 3615 quibus
1288 3552 1366 3615 erga

195 3641 313 3707 Persas
335 3640 422 3705 bona
443 3640 621 3725 patrauerit
642 3649 673 3706 et
695 3641 832 3725 qualiter
854 3643 977 3708 Turcos
1000 3640 1125 3706 Persidi
1155 3641 1274 3707 tributa
1304 3642 1365 3707 soi·
1383 3653 1412 3703 co

195 3770 273 3817 uere
294 3752 520 3835 Romanosque
542 3771 656 3834 pacem
679 3770 790 3816 amare
818 3751 960 3835 coegerit
988 3751 1188 3835 qualiterque
1211 3752 1368 3836 Martyro-

195 3861 294 3945 poiim
324 3862 460 3946 ceperit:
499 3863 577 3946 quin
608 3869 640 3928 et
668 3868 805 3946 patema
832 3862 991 3928 beneficia
1013 3863 1186 3927 cnarranit.
1232 3862 1369 3945 rogabat

195 3977 301 4037 autem
324 3978 356 4037 et
372 3971 537 4038 Chosroen
559 3993 580 4036 a
602 3993 702 4055 regno
722 3972 841 4056 deponi
863 3978 898 4037 ut
918 3970 984 4036 litis
1007 3971 1144 4036 auricum
1167 3979 1199 4038 et
1221 3971 1367 4037 ambitio-

263 4247 390 4301 7baram
416 4246 442 4300 D
528 4252 542 4301 8
570 4256 633 4303 arcte
662 4262 725 4317 qma
748 4212 811 4301 add
838 4247 883 4301 feu
897 4246 1015 4325 ‚rnrhcut
1041 4246 1066 4301 Ι)
1134 4248 1195 4318 piar
1220 4247 1317 4302 offerre
1343 4247 1370 4301 D

197 4343 236 4391 1³.
257 4343 288 4391 14
315 4339 346 4392 tc'
357 4338 425 4392 bari
443 4346 475 4395 t‘
489 4355 587 4394 rursus
600 4340 725 4397 deletrrmt
744 4340 930 4408 mandunt-et
956 4347 1094 4394 contracte
1122 4342 1243 4409 tiphonta
1269 4344 1370 4410 turpet-u

195 4429 295 4484 abeunt
312 4429 459 4489 hormisdas
473 4432 581 4490 autel)
653 4438 683 4487 15
702 4432 812 4488 brodohr
828 4431 855 4486 D
924 4435 956 4485 ‘29
973 4432 1130 4502 tropheaI)
