2834 5394
183 258 245 321 394
660 276 753 323 nunu
775 278 876 325 xvrur

180 434 305 494 uerunt.
349 432 479 511 postera
507 446 583 493 uero
612 426 666 492 die
694 429 831 513 sumptis
859 429 1030 496 uirtutibus
1061 430 1130 496 suis
1153 429 1352 514 Kardarigas

181 558 292 605 rursus
314 535 356 602 ad
379 535 498 602 bellum
521 544 663 602 armatur
686 544 718 603 ot
739 538 881 604 seeundo
903 540 1026 624 proelio
1047 547 1139 621 gesto
1162 539 1270 605 denuo
1286 541 1353 606 uiu-

183 654 258 713 eunt
288 646 424 713 Romani
458 653 490 712 et
522 646 708 713 oeoiduntur
739 649 859 715 Persae
893 649 992 713 multi.
1038 649 1353 734 eornprelrenduntur

182 759 279 824 etiam
301 757 369 824 uiui
390 757 454 822 duo
477 757 566 823 milia
580 758 836 842 Byzantiumque
859 758 1034 824 mittuntur.
1079 760 1204 842 aufugit
1227 780 1353 843 quoque

181 867 383 951 Kardarigas
406 888 500 951 quem
523 868 643 934 Persae
665 887 736 932 eum
759 868 887 935 iniuriis
910 878 1074 953 respuunt,
1367 881 1381 929 s

110 982 158 1047 XI
264 980 362 1044 Porro
399 976 599 1062 Philippieus
632 978 817 1043 Heraclium
851 979 989 1043 lloraolii
1023 982 1078 1062 qui
1112 962 1201 1064 post·
1218 981 1353 1065 imperio

181 1088 321 1175 praefuit
348 1093 482 1172 patrem,
519 1088 760 1172 subpraetorem
789 1089 832 1154 ad
861 1088 1113 1174 explorationem
1144 1090 1353 1156 barbarorum

181 1197 359 1265 transmisit
380 1197 580 1282 sumptisque
604 1198 727 1265 militiis
749 1199 962 1282 Babyloniam
985 1200 1066 1264 adiit
1086 1208 1119 1266 et
1135 1200 1352 1266 Clomarorum

183 1308 349 1376 castellum
382 1306 519 1375 obsidet.
572 1317 605 1374 at
639 1328 715 1375 uero
748 1308 949 1392 Kardarigas
983 1310 1074 1391 eligit
1111 1311 1229 1376 milites
1272 1310 1352 1376 idio-

181 1426 232 1486 tas
267 1438 338 1483 oum
373 1418 597 1502 subiugalibus
634 1425 665 1483 et
692 1419 791 1492 turba,
814 1419 949 1483 oolloeta
979 1420 1154 1485 exereitum
1183 1440 1255 1487 sose
1286 1443 1353 1486 mo·
1369 1426 1393 1474 ¹⁰

182 1549 258 1597 uere
285 1529 428 1595 iactabat
455 1538 488 1594 et
515 1548 574 1613 per
603 1530 726 1594 munita
748 1530 819 1594 loos
840 1529 977 1594 obscura
999 1539 1092 1594 noete
1115 1530 1148 1596 in
1171 1530 1270 1597 dorsa
1292 1533 1352 1597 Ro

182 1660 347 1705 manorum
385 1639 566 1705 efficiuntur
602 1658 805 1723 nequaquam
839 1638 976 1705 fidentes
1012 1660 1048 1706 se
1081 1661 1195 1706 rrranus
1232 1642 1265 1706 in
1300 1661 1353 1706 eos

182 1750 346 1818 missuros.
400 1750 513 1814 timore
545 1762 652 1814 autem
686 1750 867 1833 importuno
901 1748 1037 1816 eudente
1070 1751 1103 1814 in
1137 1750 1352 1836 Plrilippieum

182 1861 258 1944 iuga
285 1858 500 1924 irrationabili
527 1879 604 1924 usus
633 1867 691 1924 est.
737 1880 799 1942 quo
830 1867 992 1943 eomperto
1015 1861 1151 1924 Romani
1181 1861 1215 1924 in
1245 1861 1352 1942 sugam

183 1968 450 2034 conuertebantur
471 1986 530 2052 per
551 1967 622 2033 loea
644 1966 687 2032 ad
708 1968 880 2034 meandum
903 1968 1049 2034 diflicilia
1072 1971 1172 2034 multa
1193 1971 1355 2036 incurren-
1374 1973 1396 2020 ¹⁵

181 2086 231 2145 tes
254 2077 406 2161 pericula.
450 2097 586 2160 eumque
609 2079 657 2143 sol
681 2086 768 2144 ortus
791 2079 914 2160 inisset,
938 2080 1157 2145 aoalamitate
1172 2081 1354 2146 liberaban-

181 2194 232 2253 tur
254 2187 382 2253 uemine
404 2196 627 2272 persequente.
673 2196 705 2253 et
732 2188 958 2272 peruenieutes
987 2189 1029 2253 ad
1058 2198 1241 2274 praetorem
1270 2190 1354 2255 lruno

184 2297 310 2365 iniuriis
332 2298 484 2383 pessimis
507 2297 787 2383 blasphemabant.
832 2318 941 2364 uerum
965 2302 1085 2366 Persae
1113 2301 1219 2365 fictam
1242 2301 1353 2368 existi-

183 2416 308 2476 mantes
331 2409 440 2493 fugam
462 2410 613 2494 persequi
635 2409 707 2475 ausi
728 2430 794 2475 non
816 2417 898 2475 sunt.
943 2430 1038 2492 porro
1061 2410 1230 2477 Heraclius
1253 2419 1356 2477 trans·

183 2540 295 2587 means
327 2519 450 2604 Tigrim
483 2538 704 2603 quaecumque
734 2518 877 2586 Medioae
910 2520 1051 2602 regionis
1084 2530 1177 2586 erant
1211 2522 1355 2603 insignia
1371 2528 1399 2575 20

182 2630 347 2715 praesidia
369 2630 435 2713 igni
458 2630 607 2696 tradebat
629 2638 661 2695 et
683 2631 730 2696 sie
752 2629 793 2695 ad
817 2629 1031 2713 Philippioum
1062 2629 1155 2695 rediit
1184 2651 1256 2695 oum
1280 2653 1355 2716 spo-

181 2739 234 2807 liis
257 2741 376 2807 multis.

98 2849 163 2914 XII
270 2849 388 2928 Quinto
417 2850 543 2934 imperii
566 2850 711 2915 Maurioii
747 2870 833 2916 anuo
863 2849 1028 2915 Ohaianus
1050 2850 1190 2915 duarum
1222 2850 1354 2917 foedere

183 2961 339 3028 dissoluto
363 2961 499 3045 Mysiam
523 2967 555 3025 et
570 2960 736 3044 Scythiam
757 2961 907 3026 atrociter
930 2961 1137 3044 expugnabat
1161 2961 1351 3026 subuertens

179 3070 374 3135 Rauiarnam
403 3078 434 3136 et
455 3070 634 3134 Bononiam
663 3077 695 3135 et
716 3071 818 3154 Aquis
847 3078 879 3136 et
906 3071 1110 3136 Dorostolum
1142 3078 1174 3135 et
1194 3069 1355 3155 Zandapa
1371 3075 1401 3124 ²5

181 3186 213 3244 et
241 3179 514 3263 Marcianopolim.
567 3178 785 3247 Oomeutiolus
820 3199 897 3245 uero
930 3179 971 3244 ad
1008 3181 1168 3244 nmritima
1197 3182 1286 3245 uenit
1322 3189 1355 3247 et

184 3296 335 3373 separato
357 3289 499 3354 exoreitu
521 3289 752 3374 improbabiles
775 3289 929 3356 disereuit
957 3289 999 3354 ab
1022 3290 1152 3374 optimis
1175 3298 1206 3356 et
1229 3291 1353 3357 inutilis

184 3398 312 3483 quidem
334 3399 462 3465 uirtutis
485 3398 701 3484 quadraginta
723 3401 813 3465 milia
834 3399 996 3465 eustodire
1018 3401 1139 3464 uallum
1161 3400 1259 3481 iubet,
1289 3401 1355 3465 ele-

181 3517 303 3575 etorum
326 3517 432 3574 autem
456 3530 513 3575 sex
536 3511 626 3575 milia
648 3529 777 3575 sumens
800 3509 864 3574 duo
879 3510 968 3573 milia
984 3529 1024 3575 ex
1040 3509 1091 3574 bis
1106 3508 1240 3574 tradidit
1255 3509 1354 3576 Casto

182 3627 214 3685 et
234 3620 298 3686 duo
321 3620 412 3685 milia
433 3620 571 3686 Martius
604 3628 637 3686 et
669 3621 740 3704 ipse
770 3618 894 3686 dnobus
923 3620 1054 3685 milibus
1084 3620 1219 3703 sumptis
1242 3626 1355 3684 eontra
1371 3634 1403 3682 ao

182 3730 339 3797 barbaros
367 3738 528 3815 properat.
574 3729 691 3796 Castus
714 3736 821 3795 autem
844 3731 979 3797 ueniens
1002 3729 1153 3813 Zardapa
1175 3736 1206 3793 ot
1228 3729 1352 3794 demon

181 3842 317 3925 repertis
345 3841 494 3906 barbaris
516 3841 548 3905 in
571 3839 698 3907 desidia
720 3839 902 3907 constitutis
925 3842 1041 3905 multos
1064 3859 1104 3904 ox
1126 3839 1173 3904 eis
1196 3838 1355 3922 disperdi·

180 3948 229 4016 dit
249 3950 469 4035 praedamque
490 3950 622 4015 multam
645 3950 795 4034 optinens
817 3951 976 4032 armigero
999 3950 1040 4014 ad
1071 3948 1262 4014 saluandum
1292 3958 1355 4013 tra-

250 4217 473 4286 lbrzantruq.D
576 4216 738 4287 rpfugrtb
850 4222 882 4271 bu
899 4215 1035 4286 tygrmD
1137 4220 1168 4269 25
1188 4215 1356 4269 ratraruull

181 4314 213 4362 26
231 4311 423 4378 marcionopob
440 4310 467 4365 Ι)
535 4309 778 4365 commenuolulD
864 4313 896 4362 29
913 4313 970 4372 sex]
989 4308 1156 4363 sexcentae
1226 4313 1253 4361 ³1
1276 4324 1355 4362 emon

180 4399 207 4454 Ι)
275 4404 307 4453 32
325 4401 470 4470 dripdrtl)
