2834 5394
172 253 233 315 408
655 267 747 315 urum
769 267 869 316 xvrrn

173 422 269 487 mirer
291 420 475 487 instabilem
504 428 535 485 et
563 420 648 486 alias
675 426 773 502 atque
801 418 896 484 aliter
924 437 960 485 sc
988 424 1170 484 mouentem
1192 423 1225 484 et
1246 417 1348 484 modo

172 532 301 599 excelsa
322 530 542 595 humiliantem
566 548 741 613 rursusque
762 527 932 594 humiliata
946 527 1174 594 exaltantem.”
1217 534 1252 593 at
1265 547 1348 595 nero

171 640 329 709 Sesostris
351 641 540 726 parabolam
562 640 787 723 intellegenter
809 637 1073 704 animaduertens
1102 638 1206 721 legem
1236 638 1345 723 posuit

171 771 212 819 ne
234 770 358 817 currum
382 770 476 834 reges
497 750 631 817 ulterius
653 749 835 815 traherent.¹
878 749 930 816 his
946 748 1112 814 Chaianus
1133 747 1254 815 auditis
1271 748 1346 815 sub

171 861 241 928 risit
261 868 294 927 et
315 861 359 926 ait
383 880 419 926 se
441 880 555 945 paoem
578 860 705 927 sectari.
750 859 879 926 Priscus
901 866 1008 925 autem
1032 857 1178 924 Chaiano
1201 857 1382 924 reddidits

170 991 228 1057 pro
249 971 387 1037 transitu
410 969 565 1055 praedam
588 978 620 1036 et
642 969 768 1036 exuuiis
790 968 939 1035 omnibus
961 969 1098 1053 strurptis
1121 969 1193 1034 sinc
1213 967 1345 1053 dispen-

170 1079 224 1145 dio
246 1099 374 1145 amnem
397 1081 556 1147 transluit.
600 1100 696 1165 porro
718 1078 884 1145 Cbaianus
914 1077 966 1144 bis
989 1079 1148 1163 susceptis
1171 1077 1344 1161 magnifico

170 1189 359 1255 laetabatur.
404 1191 598 1273 Priscusque
624 1189 815 1274 Byzantium
845 1189 934 1254 creuit
961 1195 993 1254 et
1015 1190 1130 1255 Petrus
1157 1196 1343 1273 praeturam

172 1300 321 1384 suscepit.

15 1408 150 1475 XXXII
257 1410 378 1489 Qurarto
412 1410 535 1476 decimo
567 1409 693 1493 imperii
723 1410 773 1473 suri
800 1428 888 1473 anno
922 1409 1017 1475 iussit
1045 1408 1217 1473 Mauricius
1247 1408 1341 1473 Petro
1362 1419 1396 1470 to

168 1520 309 1605 praetori
331 1528 366 1586 ut
388 1520 514 1585 tertiam
537 1520 716 1603 portionem
740 1538 837 1602 rogae
860 1519 893 1584 in
916 1538 995 1583 auro
1011 1519 1166 1584 Romanis
1181 1517 1344 1602 acciperet

169 1637 202 1696 et
227 1631 355 1696 tertiam
383 1630 416 1694 in
444 1630 544 1695 armis
573 1636 605 1695 et
634 1629 731 1695 aliam
760 1630 888 1693 tertiam
912 1628 945 1693 in
968 1627 1168 1694 uestimentis
1191 1627 1342 1694 diuersis.

168 1741 277 1822 itaque
292 1740 428 1806 Romani
451 1739 510 1803 hoc
533 1738 642 1803 andito
666 1738 708 1802 ad
729 1737 934 1823 tyrannidem
950 1739 1166 1804 uertebantur.
1211 1746 1342 1823 praetor

169 1868 245 1916 uero
267 1851 383 1917 timeus
406 1848 627 1916 satisfaciebat
655 1848 810 1913 militibus
834 1847 894 1913 boo
916 1868 1026 1914 uerum
1049 1868 1113 1913 non
1136 1867 1210 1915 esse
1233 1854 1266 1913 ct
1288 1868 1341 1914 cx·

168 1957 301 2025 bibebat
321 1959 515 2025 exercitibus
537 1957 620 2023 alias
642 1958 767 2024 litteras
791 1959 939 2024 iubentes
962 1957 1024 2024 sibi
1047 1964 1205 2041 quatenus
1228 1957 1261 2022 hi
1285 1957 1340 2041 qui
1360 1968 1393 2017 ts

168 2067 262 2134 fortia
296 2077 467 2154 gesserant
500 2075 532 2134 et
565 2067 606 2133 de
639 2067 792 2152 periculis
830 2067 1108 2153 triumphaucraut
1139 2067 1174 2133 in
1207 2067 1341 2133 urbibus

168 2196 295 2244 summa
325 2179 434 2261 requie
468 2178 656 2263 potirentur,
693 2177 735 2243 de
768 2177 908 2262 publicis
938 2176 1116 2261 surnptilms
1139 2176 1222 2242 inter
1244 2196 1340 2244 senes

167 2287 285 2369 alendi,
322 2288 413 2374 pueri
441 2307 518 2354 uero
549 2286 682 2352 militum
713 2288 748 2352 in
777 2288 856 2354 locis
877 2288 1078 2371 propriorum
1101 2294 1272 2370 parentum
1294 2286 1341 2352 in-

167 2397 391 2465 scriberentur.
436 2398 557 2482 talique
587 2395 722 2463 suadela
749 2398 902 2482 populum
932 2396 1091 2480 mitiga-uit
1113 2401 1145 2460 et
1166 2395 1340 2461 Caesarem

166 2507 271 2574 bonae
293 2510 399 2574 lamae
421 2508 593 2593 praeconio
624 2506 809 2572 laudauerc.
855 2506 937 2572 haec
964 2516 1071 2571 autem
1094 2507 1207 2572 Petrus
1237 2507 1340 2591 impe·
1356 2518 1393 2571 to

167 2618 265 2684 ratori
301 2618 513 2685 denuntiauit.
568 2637 703 2699 cunique
740 2617 883 2683 uouisset
918 2616 1192 2700 Marcianopolim,
1230 2614 1342 2700 dirigit

166 2726 253 2791 mille
275 2747 515 2811 praecessuros.
559 2728 614 2811 quui
643 2727 780 2811 repertis
803 2726 963 2791 Sclauinis
992 2727 1124 2791 multam
1148 2725 1340 2793 ducentibus

166 2836 344 2902 Romanam
361 2837 524 2922 praedam,
541 2837 601 2903 ints
615 2839 824 2920 insequentes
838 2835 1021 2901 occiderunt
1037 2838 1200 2920 multaque
1216 2836 1340 2920 praeda

167 2953 298 3031 recepta
319 2948 473 3012 Romaiea
494 2946 659 3011 redierunt
681 2946 723 3011 ad
746 2966 831 3011 rura.

253 3055 375 3122 Eodem
398 3077 475 3121 nero
490 3076 576 3121 anno
592 3057 770 3122 construxit
784 3057 958 3141 imperator
974 3057 1126 3121 solarium
1139 3056 1338 3138 Magnanrae
1354 3071 1390 3121 as

168 3164 338 3230 rotundum
361 3166 448 3230 etin
470 3165 575 3231 medio
597 3166 679 3231 atrio
702 3167 772 3232 eins
795 3166 906 3232 statuit
928 3172 1066 3231 statuam
1090 3186 1190 3243 suam,
1221 3174 1253 3230 ct
1273 3165 1340 3230 illio

168 3275 277 3359 posuit
298 3281 541 3339 armamentum.

12 3384 162 3451 XXXIII
249 3383 367 3462 Quinto
397 3383 521 3450 decimo
550 3385 677 3470 imperii
707 3385 852 3451 blauricii
887 3404 973 3450 anno
1002 3385 1097 3449 Petro
1133 3384 1339 3451 uenationem

70 3542 76 3555 ,
164 3495 325 3561 exercenti
348 3514 404 3561 sus
426 3495 563 3578 agrestis
586 3496 715 3560 nbulam
738 3496 875 3561 occurrit
901 3494 1080 3579 pedemque
1109 3494 1196 3559 illius
1224 3492 1267 3558 ad
1289 3515 1340 3559 ar·

164 3604 273 3671 borem
296 3606 528 3690 conquassauit
550 3613 583 3672 ct
603 3605 862 3691 importabilibus
884 3604 1049 3669 doloribus
1071 3604 1170 3667 multo
1192 3610 1337 3688 tempore
1354 3617 1391 3667 oo

165 3716 298 3799 languit.
343 3724 394 3782 ast
420 3717 595 3799 imperator
624 3717 740 3782 litteris
769 3714 921 3800 pessimis
949 3721 981 3778 ct
1002 3713 1208 3797 improperiis
1230 3712 1339 3795 graui·

167 3825 224 3890 bus
248 3826 278 3890 ci
301 3825 440 3919 detraxit
462 3825 572 3890 audito
594 3825 680 3910 quod
702 3827 821 3891 multae
836 3824 1059 3891 Sclauinorum
1086 3832 1198 3906 gentes
1221 3822 1339 3888 luerint

165 3941 276 3999 contra
298 3933 487 4018 Byzantium
512 3942 625 3999 motae.
670 3936 785 4002 Petrus
807 3942 913 4001 autem
937 3940 1066 3998 coactus
1089 3933 1199 3998 Nonas
1222 3952 1337 4017 perue-

232 4121 396 4190 lbuflmrlrat
413 4127 440 4175 et
458 4122 620 4175 exaltantem
638 4121 664 4175 Ι)
733 4123 835 4188 trogus
851 4121 877 4175 Il
955 4117 1138 4173 iomncmD
1208 4119 1336 4173 §braan-

163 4213 272 4268 tran
343 4218 492 4268 laromam
513 4213 545 4269 θ’
633 4219 663 4268 tt
682 4214 735 4268 elle
752 4211 922 4267 exubebatI)
992 4217 1022 4265 16
1042 4213 1168 4265 reiterant
1187 4211 1221 4274 Ι),
1240 4210 1338 4266 deiude

164 4312 191 4357 et
208 4322 259 4359 om.
280 4306 306 4360 D
408 4311 440 4359 tt
459 4306 620 4375 protellurol
635 4313 665 4359 ut
683 4305 737 4360 uid.
756 4305 795 4359 θ’
865 4304 1010 4373 quirunt)
1096 4309 1127 4357 25
1147 4319 1294 4372 magnaura
1312 4305 1338 4359 D

162 4400 195 4448 33
213 4395 379 4450 braautull)
433 4398 590 4467 puensrtI)
