3284 5078
282 341 344 402 276
796 356 888 404 nram
909 355 958 402 xn

283 507 445 574 Funarius
467 507 650 593 appellatus
673 513 722 572 est
754 526 793 573 eo
827 505 913 590 quod
946 505 1138 572 uenalicium
1172 505 1280 570 ionem
1312 505 1458 589 portanti

283 617 424 702 quinque
444 617 565 684 milites
587 617 792 703 nequiuerint
813 627 1013 701 extorquere.
1057 635 1097 684 eo
1119 614 1233 680 mento
1255 613 1400 681 adscitus
1423 614 1457 678 in

282 725 398 793 militia
420 746 522 813 usque
544 727 587 793 ad
610 727 830 812 praefecturae
851 727 1078 813 praetorianae
1100 725 1278 811 potentiam
1299 723 1457 792 ascendit.
1506 781 1511 790 .

283 837 324 904 ob
346 837 438 904 euius
460 837 548 923 apud
570 836 688 904 milites
710 836 1020 905 commendationem
1035 835 1265 902 Valentiniano
1286 835 1459 921 imperium

283 947 446 1015 resistenti
468 947 605 1013 inlatum
628 955 687 1015 est.
732 948 787 1033 qui
809 967 880 1014 oum
903 947 963 1014 sub
985 947 1111 1013 Iuliano
1133 945 1280 1030 Augusto
1302 944 1489 1012 Christiat

283 1058 396 1124 nitatis
418 1058 579 1142 integram
601 1057 699 1126 fidem
720 1065 856 1143 gereret,
879 1077 951 1124 cum
973 1063 1009 1123 ut
1030 1057 1150 1124 dictum
1172 1062 1223 1124 est
1245 1055 1458 1122 scutariorum

283 1167 433 1234 tribunus
456 1173 543 1235 esset
556 1165 741 1252 <ingressus
763 1176 813 1236 est
834 1187 906 1234 cum
921 1167 1047 1234 Iuliano
1069 1167 1104 1233 iu
1125 1166 1279 1252 templum
1294 1167 1460 1233 Fortunae

283 1283 315 1342 et
337 1277 477 1344 ministri
508 1278 619 1362 templi
647 1297 688 1344 ex
715 1285 851 1362 utraque
878 1285 971 1364 parte
998 1278 1168 1343 ianuarum
1197 1282 1321 1344 stantes
1348 1295 1460 1360 aspar-

284 1387 376 1454 sione
398 1405 503 1472 aquae
525 1387 606 1454 sieut
628 1388 692 1472 ipsi
714 1387 866 1455 dicebant
887 1397 1063 1473 purgarent
1083 1386 1314 1471 ingredientes,
1342 1386 1459 1451 Valen-

284 1497 428 1565 tinianus
450 1497 649 1583 praecedens
671 1498 850 1583 principem
872 1497 1076 1584 aspersionis
1102 1503 1225 1581 guttam
1255 1515 1347 1563 suam
1376 1495 1459 1562 uidit
1476 1501 1508 1554 ¹0

284 1607 320 1673 in
342 1606 546 1693 chlamydem
570 1614 602 1674 et
624 1606 813 1692 indignatus
834 1628 943 1692 pugne
965 1607 1126 1694 percussit
1147 1607 1260 1692 templi
1276 1606 1458 1672 ministrum

286 1716 397 1785 dicens
420 1737 457 1785 sc
479 1719 674 1784 maculatum
695 1718 803 1802 potius
826 1737 922 1802 quam
944 1724 1126 1803 purgatum.
1171 1715 1257 1802 quod
1278 1716 1458 1801 respiciens

283 1827 431 1894 Iulianus
458 1827 554 1894 iussit
583 1848 655 1895 eum
686 1828 719 1893 in
748 1827 895 1894 custodia
922 1827 1044 1895 retrudi
1072 1826 1184 1894 dicens
1219 1825 1284 1892 ‘aut
1311 1825 1459 1893 sacrifica

284 1936 379 2004 idolis
402 1945 457 2004 aut
478 1939 596 2004 militia
617 1935 780 2022 excede'2>
802 1947 917 2022 sponte
938 1938 1098 2005 discessit.
1142 1955 1202 2003 uec
1223 1955 1314 2002 mora
1329 1935 1458 2000 Iuliano

283 2046 450 2115 interiecto
472 2049 671 2132 Iouianoque
693 2055 827 2131 mortuo,
850 2049 906 2134 qui
928 2069 986 2135 pro
1008 2048 1138 2116 nomine
1160 2046 1281 2114 Christi
1303 2046 1507 2112 amiseratis

282 2155 489 2242 tribunatum,
520 2157 554 2224 in
581 2159 685 2224 locum
715 2159 930 2244 persecutoris
958 2159 1009 2226 sui
1031 2157 1156 2242 accepit
1177 2157 1357 2242 imperium.
1402 2155 1459 2240 qui

285 2287 356 2333 cum
387 2267 453 2333 iam
486 2288 572 2335 anno
605 2270 699 2335 tertio
733 2271 903 2354 imperium
936 2289 1008 2335 cum
1041 2269 1140 2335 fratre
1168 2267 1305 2333 Valente
1337 2272 1458 2350 ageret,

285 2377 475 2445 Gratianum
504 2378 606 2444 filium
634 2377 791 2445 necdum
813 2380 909 2464 plene
940 2379 1095 2466 puberem
1128 2377 1257 2443 hortatu
1285 2395 1397 2444 socrus
1428 2382 1461 2441 et

286 2489 396 2556 uxoris
418 2489 597 2574 Augustum
620 2489 751 2556 creauit.

217 2599 264 2664 111
369 2595 489 2684 <Igitur
520 2600 768 2668 Valentinianus
801 2597 877 2664 dum
910 2599 945 2664 in
976 2599 1069 2665 initio
1102 2597 1194 2681 regni
1227 2598 1276 2664 sui
1311 2596 1352 2663 de
1378 2596 1459 2663 urb'e
1476 2603 1508 2655 ²0

286 2707 647 2795 Constantinopolitana
682 2730 741 2796 per
759 2703 761 2706 ’
777 2709 935 2776 Thracias
971 2715 1159 2794 properaret
1195 2709 1344 2783 Romam,
1383 2713 1461 2772 tunc

284 2819 430 2905 episcopi
450 2819 653 2903 Hellesponti
674 2819 862 2904 Bithynitae
884 2826 916 2886 et
938 2820 1130 2904 quicumque
1152 2818 1460 2886 consubstantialem

284 2935 410 3012 patrem
432 2947 470 2993 ae
492 2927 593 2994 filium
616 2929 857 3014 praedicabant,
887 2924 1029 3013 legatum
1057 2927 1100 2995 ad
1123 2947 1195 2994 eum
1218 2915 1374 2994 miserunt
1395 2927 1461 3013 Hy·

285 3038 408 3122 patium
431 3039 608 3106 Heracleae
631 3038 777 3106 Perinthi
805 3040 991 3124 episcopum
1021 3045 1178 3123 quatenus
1206 3036 1395 3123 dignaretur
1416 3036 1461 3104 ad

286 3147 545 3214 emendationem
567 3148 728 3234 dogmatis
751 3123 917 3216 interesse.
962 3149 990 3220 is
1007 3167 1078 3214 eum
1094 3149 1219 3216 adisset
1232 3149 1461 3235 imperatorem
1484 3155 1517 3208 ao

286 3263 317 3322 ct
339 3257 562 3343 episcoporum
591 3259 786 3344 legationem
818 3259 1009 3342 intimasset,
1038 3257 1240 3344 respondens
1262 3258 1461 3325 Valentinia-

286 3387 347 3434 nus
371 3365 467 3432 ‘mihi’
489 3369 594 3453 inquit
618 3367 699 3435 ‘curn
722 3369 867 3437 subiecto
889 3370 1007 3454 populo
1030 3368 1071 3434 de
1092 3368 1189 3436 huius
1211 3367 1298 3434 modi
1320 3367 1461 3453 negotiis

286 3477 412 3545 curiose
434 3497 532 3562 agere
554 3478 604 3546 las
625 3499 692 3546 non
713 3485 772 3546 est.
816 3485 851 3544 ut
872 3497 950 3564 ergo
972 3478 1099 3544 uidetur
1121 3479 1215 3554 uobis
1239 3477 1461 3545 sacerdotibus

285 3587 399 3655 tacite!
442 3594 517 3654 tune
539 3591 707 3657 uenientes
730 3589 817 3675 apud
839 3589 1053 3674 Lampsacum
1084 3597 1116 3654 et
1137 3571 1263 3655 duobus
1286 3589 1352 3654 illic
1375 3606 1461 3654 men-

286 3698 378 3766 sibus
401 3701 599 3784 commorati,
634 3699 812 3768 nouissime
834 3699 926 3766 irrita
946 3700 1060 3781 iecere,
1089 3718 1173 3782 quae
1196 3697 1237 3763 ab
1259 3695 1406 3764 Eudoxio
1429 3703 1463 3764 et
1479 3706 1511 3759 ³⁰

354 3931 539 3996 tnequremnt
556 3928 584 3983 B
653 3923 895 3996 beonllcenchtB
963 3929 1195 3981 secmentatrone
1213 3924 1240 3979 D
1326 3927 1409 3978 1-11
1428 3923 1462 3992 <>

286 4019 328 4074 b.-
344 4023 348 4088 Ι
363 4020 446 4075 rullus
468 4020 503 4075 ab
527 4025 689 4091 imperatore
712 4019 838 4090 sacrilego
858 4023 926 4074 ·aut
946 4018 1094 4088 rmlnrolare
1116 4017 1194 4073 rdohl
1216 4022 1264 4073 aut
1280 4016 1375 4070 mrhtra
1392 4018 1461 4083 lex-

286 4113 381 4168 eedere
399 4113 426 4168 Β
507 4113 704 4184 lrngredrente
722 4112 801 4170 eilD
887 4110 1056 4168 edocui)
1107 4111 1208 4166 stantes
1223 4115 1251 4166 et
1267 4107 1463 4180 alparlroneD

288 4211 316 4260 ll
338 4205 496 4262 clamidell
567 4212 596 4262 1³
616 4203 793 4262 lacnlrceiP
843 4211 874 4261 14
892 4203 1021 4262 excedere
1038 4207 1131 4275 sponte
1148 4201 1203 4259 ΒΡ
1271 4207 1301 4257 15
1319 4219 1338 4274 p
1355 4200 1463 4258 noniD

289 4303 319 4354 16
336 4315 441 4369 rmparn
459 4297 514 4355 ΒΒ
585 4305 612 4354 ll
632 4300 740 4356 ualente
756 4299 849 4370 frattre
867 4299 895 4355 Β
966 4302 996 4354 18
1014 4297 1093 4368 plene
1110 4296 1153 4354 o:
1170 4297 1275 4352 beneB
1327 4301 1417 4352 ortatu
1436 4295 1464 4351 Β

291 4395 320 4446 lb
338 4399 424 4448 creuit
441 4393 482 4449 b‘
551 4397 581 4447 21
601 4394 703 4448 thratia
721 4398 792 4467 (post
808 4407 825 4447 a
843 4394 869 4448 ia
888 4390 999 4458 ruald
1049 4389 1269 4462 prospetatem*
1331 4393 1363 4444 22
1383 4389 1463 4445 brtbr-

287 4489 344 4540 mte
362 4483 387 4539 D
456 4490 488 4540 25
506 4485 678 4543 mendatrone
696 4488 724 4542 ia
742 4488 819 4542 initio
836 4501 906 4540 cers.
926 4485 952 4540 Β
1021 4487 1053 4539 29
1071 4484 1180 4553 lupiaco
1199 4483 1225 4539 Β
