2834 5394
200 255 263 319 eta
684 268 777 316 araur
798 267 883 315 xxm

200 423 285 487 circu
308 421 437 500 bellum,
460 420 608 504 optinent
636 426 744 486 autem
777 418 898 485 inimici
925 439 1073 504 pugnam
1107 420 1201 488 adeo
1233 428 1275 486 ut
1296 424 1400 507 plures

200 530 461 597 Christianorum
477 549 536 595 nec
551 530 689 615 primam
708 531 972 614 congressionem
983 530 1159 598 intuentes
1175 552 1316 598 summa
1329 535 1399 619 fuga

201 648 367 708 uterentur
398 640 444 706 ita
477 646 512 705 ut
533 640 682 707 Crunuus
715 645 938 708 consternatus
971 640 1173 707 aestimaret
1202 641 1398 710 insidiarum

201 771 401 836 quarumque
423 757 647 834 argumentum
670 749 851 835 essequod
880 749 998 815 iactuum
1021 758 1073 817 est
1097 758 1135 816 et
1159 752 1336 819 modicum
1357 775 1398 820 re·

200 861 318 927 tinerel
339 881 415 927 suos
437 861 479 926 ab
501 861 712 944 insecutione,
749 861 827 945 quia
854 880 931 927 uero
958 859 1041 926 uidit
1071 881 1135 929 eos
1160 863 1242 929 sine
1267 865 1337 930 ulla
1357 886 1417 932 re·

200 971 343 1037 tentione
365 971 485 1053 lugere,
523 976 711 1056 persecutus
738 970 854 1067 oceidit
875 969 1101 1038 multitudines
1135 974 1323 1058 copiosas,
1352 996 1398 1042 ue

200 1080 295 1146 niens
322 1079 426 1144 nihilo
448 1081 555 1147 miuus
582 1079 626 1146 ad
654 1081 801 1147 sarcinas
828 1087 861 1145 et
888 1079 950 1146 has
971 1098 1045 1144 cum
1067 1083 1211 1149 exuuiis
1236 1087 1399 1153 auferens.

200 1195 253 1255 ast
274 1189 449 1274 imperator
476 1190 603 1273 fugiens
631 1190 809 1275 repedabat
835 1191 869 1255 in
898 1190 1009 1255 urbem
1039 1191 1329 1263 multitudinibus
1351 1197 1400 1262 ba·

201 1317 335 1383 rumque
356 1299 557 1385 principibus
580 1300 717 1386 sumptis
740 1300 871 1385 insuper
892 1308 925 1367 et
944 1299 1072 1385 imperii
1095 1303 1339 1384 pollicebatur
1352 1306 1400 1372 dc

200 1409 394 1497 positionem
417 1409 571 1477 deiurans
595 1410 678 1475 inter
699 1430 780 1492 qnos
814 1416 847 1475 et
870 1410 1011 1476 Leonem
1032 1411 1219 1495 patricium
1254 1422 1291 1481 et
1314 1437 1401 1502 prae

200 1527 302 1587 torem
325 1521 530 1586 orientalium
552 1526 717 1605 umquam
738 1521 828 1603 pium
850 1526 883 1586 et
904 1519 1116 1586 fortissimum
1142 1528 1180 1588 et
1209 1545 1278 1610 per
1294 1528 1401 1593 omnia

200 1637 366 1698 strenuum
389 1632 422 1696 in
444 1630 585 1696 tenendo
606 1629 743 1715 imperio
765 1630 923 1696 asciscere
945 1629 1068 1695 socium
1096 1633 1222 1717 uoluit,
1248 1638 1313 1722 qui
1337 1640 1401 1705 nul·

201 1741 330 1807 latenus
353 1741 568 1825 adquiescens
601 1739 723 1806 dimisit
744 1760 817 1806 eum
848 1739 1044 1806 thematibus
1065 1760 1236 1824 praeesse
1261 1747 1401 1833 ipseque

200 1849 244 1916 ad
265 1851 388 1934 regiam
412 1851 562 1935 peruenit
584 1850 695 1916 urbem
719 1856 834 1915 octauo
855 1848 1016 1917 kalendas
1037 1850 1113 1915 Iulii
1143 1856 1275 1923 uolens
1301 1856 1402 1944 depo

200 1979 278 2025 nere
299 1960 470 2044 imperium
505 1967 537 2024 et
570 1960 669 2024 alium
702 1979 891 2044 promouere
924 1959 978 2043 qui
1011 1965 1121 2026 tamen
1156 1963 1206 2027 ab
1239 1986 1352 2034 uxore
1373 1977 1403 2033 et

199 2068 276 2134 liliis
314 2074 346 2134 et
382 2067 424 2133 ah
461 2067 513 2134 his
558 2068 612 2152 qui
649 2070 798 2152 nequiter
832 2070 1083 2154 praeualucraut
1122 2090 1194 2137 non
1235 2083 1293 2142 est
1331 2097 1402 2162 pcr-

199 2178 330 2247 missus.
374 2196 487 2245 uemm
523 2177 559 2244 in
594 2177 656 2244 hoo
691 2177 894 2264 Nicephoms
930 2180 1155 2247 sanctissimus
1198 2186 1400 2268 patriarcha

200 2291 424 2359 consentiebat
453 2291 495 2356 ‘et
524 2288 602 2375 ipse’
630 2288 781 2372 inquiens
811 2289 937 2355 ‘attilii
967 2289 1036 2355 eius
1059 2290 1220 2358 saluandi
1245 2304 1351 2362 erunt
1373 2299 1400 2364 si

199 2402 308 2469 taliter
331 2401 403 2486 quis
425 2399 671 2486 promoueatur!

45 2510 228 2581 XXXXVI
291 2514 334 2577 At
356 2532 432 2578 uero
454 2518 621 2597 praetores
649 2509 812 2576 discentes
834 2528 906 2574 cum
927 2508 1187 2577 multitudinibus
1213 2513 1398 2598 imperato

203 2643 271 2688 rem
299 2622 333 2686 in
363 2624 474 2687 urbem
505 2621 627 2705 fugisse
656 2618 820 2704 desperati
849 2619 892 2683 ab
915 2639 953 2685 eo
976 2618 1062 2704 quod
1084 2619 1125 2684 de
1147 2629 1262 2689 cetero
1288 2627 1396 2711 impe

203 2731 294 2797 randi
320 2732 431 2796 iurent.
476 2737 508 2796 ot
530 2729 692 2796 consiliati
720 2728 807 2811 apud
836 2736 938 2795 semet
965 2733 1054 2812 ipsos
1076 2729 1309 2813 implorabant
1331 2737 1394 2802 Le·

203 2862 298 2931 onem
336 2842 504 2924 patricium
539 2848 571 2905 et
603 2846 784 2924 praet-orem
817 2839 1029 2922 orientalium,
1068 2859 1129 2922 quo
1166 2843 1392 2910 auxiliaretur

202 2952 364 3017 communi
393 2953 440 3016 rei
468 2950 617 3035 publicae
646 2955 678 3015 et
700 2947 955 3015 Christianorum
984 2949 1132 3032 religioni
1155 2951 1389 3033 opitularetur.

201 3069 235 3126 at
258 3061 313 3125 ille
337 3058 536 3144 aliquamdiu
558 3058 687 3141 quidem
711 3059 919 3124 uehementer
941 3059 1110 3125 differebat
1131 3063 1293 3143 temporis
1310 3080 1416 3131 con-t

201 3169 353 3236 siderans
376 3168 596 3233 difficultatem
619 3175 651 3233 et
672 3168 881 3233 barbarorum
903 3168 1117 3235 incursionem
1140 3169 1387 3240 intolerabilem

203 3285 235 3345 et
256 3286 358 3345 semet
381 3279 487 3362 ipsum
510 3297 588 3361 erga
609 3277 822 3362 imperatores
845 3298 1042 3346 conseruaus
1064 3285 1184 3343 rectum
1208 3287 1242 3344 ot
1257 3282 1387 3367 absque

201 3389 342 3457 insidiis.
387 3388 464 3471 quia
486 3408 563 3454 uero
586 3385 629 3453 ad
651 3388 763 3453 urbem
786 3409 960 3473 properare
982 3390 1145 3454 inimicum
1168 3389 1253 3455 uidit
1269 3394 1386 3459 scribit

202 3501 385 3585 Nicephoro
408 3498 612 3585 patriarchae
635 3498 676 3564 do
697 3505 786 3565 recta
807 3499 872 3565 fide
894 3520 955 3565 sua
969 3500 1134 3565 affirmans
1150 3506 1265 3584 petens
1282 3503 1385 3568 ctiam

201 3620 237 3677 ut
264 3632 336 3677 cum
367 3611 511 3677 oratione
542 3617 573 3675 et
603 3617 681 3675 nutu
711 3609 781 3675 eius
804 3609 973 3693 imperium
997 3616 1144 3676 sumeret.
1188 3618 1220 3675 et
1242 3613 1386 3679 ueniens

200 3723 243 3788 ad
273 3721 483 3787 tribunalium
512 3727 588 3786 ante
617 3720 728 3785 urbem
757 3719 896 3805 positum
924 3739 990 3784 una
1018 3739 1089 3784 eum
1118 3721 1326 3803 praetoribus
1352 3733 1386 3791 et

202 3831 397 3898 exercitibus
434 3830 529 3895 ualde
563 3830 725 3913 legitimus
750 3831 965 3894 Romanorum
996 3830 1171 3912 imperator
1197 3833 1386 3899 ostenditur

201 3949 234 4010 et
255 3941 309 4009 die
337 3941 447 4008 media
468 3939 780 4025 Constantinopolim
808 3958 867 4022 per
895 3938 1014 4006 Carisii
1043 3946 1169 4024 portam
1199 3940 1387 4022 ingreditur

269 4203 403 4275 tcrhnui
418 4220 444 4274 D
549 4224 579 4273 10
614 4203 724 4287 pretore‘
757 4224 784 4272 st
818 4198 934 4286 patuerit
965 4215 991 4270 Ι)
1101 4221 1130 4268 15
1167 4221 1194 4269 ot
1227 4214 1291 4269 sniis
1329 4236 1385 4273 om.

202 4315 227 4370 D
296 4319 328 4368 20
353 4312 543 4367 descendentes
567 4312 593 4367 D
704 4314 736 4364 2³
764 4314 924 4379 praetorem]
952 4286 1073 4365 leondl)
1134 4313 1167 4362 25
1186 4307 1384 4376 ahquandrul)

198 4393 277 4475 tipus
293 4406 319 4461 D
387 4411 419 4460 26
437 4403 641 4473 mcurhloneI)
708 4407 742 4457 28
759 4402 864 4473 Quali
929 4400 1133 4497 ³⁸me
