2834 5394
199 265 261 327 266
712 280 805 327 nrum
827 281 864 327 xi

48 428 216 498 XXXIIII
279 433 368 498 Haeo
396 433 606 499 considerans
635 431 810 497 festinabat
838 440 873 497 ut
893 432 1017 515 Pagani
1040 429 1299 497 Christianorum
1321 445 1365 490 as-

198 551 422 611 suescerentur
444 543 569 609 officiis.
621 543 766 609 scribens
796 543 882 608 enim
904 542 1030 608 Arsauo
1052 540 1198 626 pontifici
1220 538 1363 604 Galatiae

195 656 254 721 tali
276 653 371 719 modo
393 653 566 739 epistulam
589 654 802 737 ‘Paganorum
816 655 899 719 ritus
912 652 1055 718 nondum
1071 652 1178 735 agitur
1194 646 1362 716 secundun

198 766 407 831 intentionem
429 771 572 830 nostram
602 770 734 848 propter
762 764 900 830 cultores
930 763 1000 829 eius
1029 764 1063 827 in
1085 760 1298 844 neglegentia
1318 778 1363 843 po

196 876 285 942 sitos.
330 895 405 940 nam
436 874 569 939 deorum
592 874 723 939 claritas
746 874 933 957 magnitudo
955 881 1052 957 atque
1076 870 1261 939 sublimitas
1285 869 1388 934 omnis

196 988 342 1053 oratione
377 986 527 1069 omnique
560 1004 619 1068 spe
652 985 755 1048 maior
787 991 847 1050 est.
898 984 955 1050 sed
986 983 1117 1068 propitii
1150 982 1219 1048 sint
1250 980 1364 1045 nostris

199 1096 361 1161 mentibus
384 1095 429 1160 dii
452 1102 583 1180 propter
603 1095 841 1178 neglegentiam
864 1114 960 1176 quam
982 1093 1140 1158 babemus
1155 1110 1228 1156 eum
1244 1090 1366 1156 illomm

201 1206 408 1291 prouidentia
431 1207 464 1270 in
487 1224 588 1290 paruo
610 1211 755 1289 tempore
775 1212 867 1271 tanta
888 1204 1022 1269 mutatio
1044 1204 1130 1269 lae-ta
1152 1203 1195 1269 sit
1217 1208 1367 1286 quantam

196 1336 303 1399 neque
325 1334 419 1381 orare
440 1316 589 1399 primitus
612 1316 804 1399 quicumque
827 1321 1096 1399 praesumpserat.
1140 1331 1197 1377 eur
1212 1330 1293 1396 ergo
1307 1329 1369 1375 ere·

200 1426 306 1492 dimus
329 1425 390 1490 hoo
411 1444 508 1510 posse
531 1424 677 1491 sulficere
698 1445 804 1509 neque
827 1425 1017 1510 respicimus
1040 1442 1136 1507 quem
1166 1421 1209 1488 ad
1240 1420 1368 1486 modum
1384 1431 1409 1481 to

199 1536 459 1621 superstitionem
475 1534 731 1601 Christianorum
754 1537 845 1601 auxit
866 1555 943 1600 euro
965 1534 1208 1620 peregrinorum
1232 1539 1266 1598 et
1288 1532 1370 1597 eirea

198 1647 382 1730 sepulturas
405 1650 436 1710 et
457 1652 599 1711 mortuos
622 1647 724 1710 multa
745 1646 868 1711 solacia
889 1645 1090 1728 honestaque
1113 1642 1370 1709 oonuersationis

198 1756 306 1823 studia
327 1775 391 1819 non
414 1774 493 1820 uera
514 1755 572 1821 sed
593 1756 677 1820 fieta.
721 1776 802 1839 quas
825 1776 877 1823 res
900 1755 1039 1820 arbitror
1060 1753 1148 1838 apud
1170 1773 1230 1819 nos
1255 1752 1372 1818 debere

199 1866 258 1933 sub
281 1866 416 1930 ueritate
437 1865 516 1949 geri.
560 1885 625 1930 non
647 1866 757 1948 itaque
778 1866 828 1932 fas
850 1871 901 1932 est
922 1872 954 1931 te
975 1866 1078 1932 solum
1101 1865 1199 1929 talem
1222 1882 1301 1930 ease
1316 1860 1372 1928 sed

199 1996 311 2041 omnes
334 1975 480 2040 absolute
503 1975 590 2039 eirea
611 1973 773 2040 Galatiam
796 1974 991 2056 sacerdotes,
1015 1995 1096 2059 quos
1119 1982 1175 2040 aut
1196 1973 1396 2058 depreearet

200 2093 256 2150 nrrt
277 2086 422 2150 oratioue
444 2084 536 2149 flente
559 2091 615 2149 aut
637 2092 722 2150 oerte
744 2084 935 2151 festinanter
955 2104 977 2150 a
1005 2084 1199 2151 saeerdotali
1230 2084 1374 2149 ministe

199 2196 248 2260 rio
270 2213 400 2260 remoue
422 2194 486 2258 nisi
509 2193 572 2260 diis
595 2214 666 2258 ourn
688 2195 880 2278 coniugibus
903 2202 936 2261 et
957 2195 1034 2262 filiis
1056 2202 1154 2280 atque
1170 2196 1276 2261 seruis
1293 2193 1374 2260 oolla

202 2305 410 2373 submiserint
431 2324 496 2368 non
518 2305 658 2370 ferentes
682 2305 816 2371 ulterius
839 2324 949 2371 eornm
971 2325 1084 2372 seruos
1100 2313 1198 2390 atque
1212 2305 1301 2371 filios
1316 2303 1374 2368 boe

199 2418 314 2499 faeere,
337 2420 578 2480 contemnentes
601 2422 707 2479 autem
729 2413 895 2481 Galilaeos
917 2416 1017 2501 impie
1039 2424 1154 2481 eontra
1175 2415 1257 2483 deos
1279 2432 1374 2498 agen-

199 2535 249 2592 tes
273 2534 304 2592 et
325 2527 508 2610 impietates
530 2525 706 2609 pietatibus
729 2534 977 2610 praeponentes.
1023 2525 1142 2591 deinde
1164 2532 1299 2592 ennems
1321 2522 1375 2589 ad·

199 2656 294 2702 mone
316 2643 351 2700 ut
373 2635 524 2701 sacerdos
547 2634 717 2718 nequead
740 2637 925 2720 spectacula
946 2634 1101 2720 procedat
1129 2654 1236 2720 neque
1267 2636 1301 2700 in
1331 2641 1376 2698 ta-

200 2747 310 2812 bernis
332 2745 423 2809 bibat
444 2751 499 2809 ant
521 2744 652 2809 ouilibet
674 2746 736 2810 arti
758 2745 953 2831 operibnsue
975 2747 1125 2830 turpibus
1147 2752 1203 2811 aut
1216 2743 1375 2831 inpuden-

198 2857 285 2922 tibus
303 2857 433 2940 praesit.
472 2856 525 2937 qui
548 2854 723 2919 oboediunt
743 2854 948 2933 honorentur,
969 2855 1216 2922 inoboedientes
1238 2854 1374 2938 expelle.

48 2969 180 3043 XXXV
205 2965 407 3033 xenoeloebia
428 2965 586 3030 constitue
609 2983 667 3048 per
690 2966 835 3047 singulas
858 2966 1005 3032 oinitates
1027 2973 1061 3031 ut
1082 2974 1195 3033 nostra
1210 2965 1376 3050 peregrini

200 3078 371 3143 elementia
398 3075 603 3159 perfruantur
627 3095 692 3139 non
723 3083 846 3140 tantum
876 3077 975 3143 nostri
1005 3076 1065 3142 sed
1099 3080 1197 3143 etiam
1228 3076 1403 3144 extranei

202 3186 348 3272 pecuniis
370 3183 564 3264 indigentes.
609 3191 642 3248 ut
670 3190 778 3249 autern
805 3185 930 3252 habeas
960 3187 1046 3252 unde
1074 3187 1141 3268 fiat,
1171 3188 1303 3253 interim
1326 3186 1377 3252 de·

202 3296 289 3360 ereui
313 3293 449 3375 singulis
471 3293 566 3357 annis
588 3293 721 3375 triginta
743 3296 834 3359 milia
855 3295 979 3362 modios
1002 3297 1100 3362 tritiei
1116 3316 1174 3381 per
1188 3297 1377 3363 uniuersam

202 3404 273 3472 dari
290 3402 452 3468 Galatiam
475 3409 506 3466 et
528 3403 699 3484 sexaginta
721 3405 811 3469 milia
832 3405 900 3469 uini
916 3407 1087 3473 sextarios.
1132 3407 1249 3472 horum
1265 3407 1378 3490 quinta

203 3535 280 3599 pars
303 3512 501 3598 paauperibus
523 3512 643 3595 templa
665 3512 913 3581 obseruantibus
942 3514 1039 3581 debet
1067 3516 1221 3601 expendi,
1252 3517 1380 3601 reliqna

270 3756 399 3809 narrans
418 3752 488 3817 ΒΡ,
509 3749 649 3821 Ἀρσακίῳ
674 3751 841 3807 Sozomerms
864 3754 890 3807 l'
908 3760 946 3820 lb,
966 3762 980 3809 5
1009 3769 1051 3828 tp.
1070 3762 1121 3812 490
1139 3757 1273 3830 Ηιιεειμ),
1298 3773 1379 3830 qnam

202 3851 318 3903 rrorobn's
332 3849 454 3914 soranam
470 3853 566 3900 nostra
582 3847 645 3899 tomi
658 3846 814 3899 siuilliorem
832 3847 935 3901 tredico!
952 3849 1111 3919 sapardus
1197 3856 1213 3904 l
1233 3849 1300 3906 hine
1317 3867 1381 3907 eon·

202 3943 325 4010 seqnitur
344 3945 465 3993 nostrum
483 3938 560 4010 opteri
567 3937 747 3992 Sozoraenam
765 3938 862 4010 lepisse
876 3937 1060 4008 Ἑλληνισμὸς
1078 3937 1156 3995 οὔπω
1175 3942 1382 4013 andanemis

202 4032 285 4099 λόγον
304 4031 382 4101 ἡμῶν
399 4028 475 4083 ἕνεκα
493 4034 549 4082 τῶν
565 4030 718 4097 μεθιέντων
736 4027 820 4081 αὐτόν
838 4031 938 4099 (loyor,
960 4030 1038 4096 ἡμῶν
1055 4031 1134 4088 ἕνεκα
1153 4040 1209 4088 τῶν
1226 4037 1383 4106 μετιόντων

203 4122 288 4175 αὐτόν
305 4124 449 4188 bassetus>
552 4123 749 4190 aquilonali
853 4130 882 4177 lb
901 4127 1095 4193 queamoduiD
1192 4134 1224 4184 12
1244 4129 1385 4186 lolntnal)

205 4221 235 4269 14
260 4216 342 4269 solum
365 4232 416 4269 om.
435 4214 461 4268 o
566 4219 595 4266 12
620 4214 821 4269 leimrlermtll
925 4223 956 4272 ta
980 4220 1079 4275 antD
1182 4226 1216 4277 20
1243 4223 1386 4279 amoneD

203 4310 235 4359 22
255 4309 415 4376 operibnsue
432 4308 546 4378 serpsi:
563 4307 712 4374 operibulq.
731 4305 757 4359 D
824 4310 1004 4377 inprudentib3
1023 4312 1056 4367 lt
1150 4318 1187 4369 23
1206 4314 1387 4371 obedrnntll

203 4397 385 4451 inobedienter
404 4398 429 4450 1>
498 4402 530 4451 24
554 4398 720 4452 xenodochio
739 4398 773 4452 θ’
841 4405 873 4454 26
892 4412 982 4458 autem
1000 4405 1096 4462 oneo
1167 4412 1201 4463 29
1218 4410 1378 4480 tempth
