2834 5394
142 297 202 361 184
541 309 633 358 niani
653 311 700 358 vir
721 309 796 360 cie.
817 309 903 358 xxv1

0 474 20 526 a:
44 472 52 525 Ι
65 464 110 532 VI
218 462 326 530 lsdcm
354 470 461 529 autem
496 462 611 529 dicbus
641 461 763 544 ludaei,
793 462 849 547 qui
871 461 937 527 iani
966 468 1041 528 tuuc
1063 461 1105 527 ob
1126 463 1313 546 passionem

139 574 259 642 Christi
274 575 397 641 meritis
413 574 531 657 ubiquc
547 572 694 639 cladibus
709 572 967 656 exagitabantur,
983 572 1070 657 apud
1081 572 1314 638 Alexandriam

139 685 298 753 seditione
312 685 453 750 excitata
467 682 628 769 profligati
644 681 744 748 caedo
760 689 857 767 atque
871 683 950 748 urbo
966 683 1111 768 propulsi
1126 701 1316 767 expromen-

139 795 253 862 darum
281 795 485 880 querelarum
514 812 614 859 eausa
635 792 804 858 Philonem
837 791 999 877 quendam
1033 793 1137 858 uirum
1170 811 1252 858 sane
1282 793 1315 855 in

140 906 255 991 primis
277 904 438 972 eruditum
461 903 605 969 secunda
628 904 698 969 uice
720 905 862 986 legatum
884 902 928 968 ad
950 902 1123 969 Caesarem
1146 903 1311 968 miserant.

140 1016 170 1084 is
192 1019 326 1081 Romam
350 1014 485 1080 ueniens
507 1014 632 1080 locutus
654 1020 704 1079 est
726 1032 797 1078 cum
820 1014 969 1098 apostolo
983 1014 1079 1080 Petro
1101 1013 1239 1097 eiusque
1260 1012 1315 1076 ba-

140 1126 253 1192 buisse
275 1124 434 1190 amicitias
457 1124 566 1189 fertur.
612 1122 671 1189 sed
693 1122 842 1207 Caligula
864 1143 936 1188 cuni
958 1123 1106 1189 omnibus
1129 1121 1314 1188 bominibus

141 1243 208 1301 tuni
231 1235 406 1319 praecipue
429 1233 559 1300 ludaeis
593 1233 822 1301 infestissimus
851 1240 963 1319 spreta
983 1233 1146 1317 legatione
1167 1232 1314 1297 Philonis

141 1365 253 1411 omnes
269 1343 460 1410 Iudaeorum
477 1363 588 1410 sacras
611 1343 711 1410 aedes
732 1351 829 1425 atque
851 1344 884 1408 in
906 1343 1020 1428 primis
1042 1345 1210 1427 antiquum
1235 1341 1314 1407 illud

138 1454 374 1539 Hierosolymis
405 1455 582 1521 sacrarium
611 1454 776 1539 profanari
806 1453 974 1520 sacrificiis
1002 1453 1170 1537 gentilium
1201 1471 1239 1517 ac
1267 1471 1313 1516 re

137 1565 221 1650 pleri
244 1565 359 1632 statuis
382 1565 627 1649 simulacrisque
660 1565 831 1648 imperauit
860 1583 960 1647 sequc
988 1564 1035 1629 ibi
1062 1571 1097 1629 ut
1126 1563 1224 1629 deum
1252 1563 1313 1627 coli

139 1675 314 1761 praecepit.
358 1676 482 1742 Pilatus
503 1682 610 1740 autom
633 1693 778 1758 praeses,
801 1674 857 1756 qui
879 1674 1071 1740 sententiam
1094 1672 1314 1739 damnationis

138 1786 173 1850 in
197 1785 360 1851 Christum
390 1784 527 1867 dixerat
555 1792 726 1869 postquam
755 1784 911 1869 plurimas
940 1783 1118 1850 seditiones
1146 1783 1181 1848 in
1203 1783 1315 1848 Hiero

112 1908 116 1915 '
142 1895 276 1980 solymis
301 1895 429 1979 excepit
450 1894 588 1973 coiecit,
609 1895 710 1961 tantis
732 1895 901 1978 inrogantc
923 1893 1006 1959 Gaio
1028 1893 1205 1977 angoribus
1227 1913 1314 1958 coar·

142 2011 229 2070 tatus
251 2010 357 2070 estut
379 2024 439 2070 sua
461 2024 497 2070 se
519 2004 788 2070 transuerberans
804 2024 901 2068 mauu
917 2005 1072 2069 mulorum
1087 2002 1313 2088 compendium

142 2114 254 2180 mortis
277 2114 441 2180 eeleritate
464 2114 648 2198 quaesierit.
693 2114 792 2198 igitur
814 2113 933 2199 Gaius>
960 2134 1032 2179 cum
1060 2112 1219 2180 aduersus
1241 2132 1314 2179 cuii·

142 2231 210 2290 ctos
233 2224 356 2307 inge-nti
378 2224 520 2289 auaritia
540 2223 677 2290 libidine
698 2224 887 2290 erudelitate
911 2224 1061 2306 saeuiret,
1084 2223 1273 2289 interfectus
1294 2243 1314 2287 a

139 2334 295 2401 militibus
326 2334 360 2399 in
382 2334 504 2419 palatio
537 2341 587 2400 est
615 2354 701 2399 anno
734 2334 850 2401 aetatis
883 2354 962 2400 suae
992 2334 1155 2400 tricesimo
1189 2340 1312 2415 octauo,

140 2445 269 2530 imperii
304 2445 398 2510 tertio
429 2463 540 2511 mense
573 2443 698 2510 decimo
728 2443 847 2528 dicque
879 2451 1003 2509 octauo.
1046 2441 1118 2526 <qui
1141 2451 1314 2527 postquam

140 2557 265 2623 occisus
288 2562 348 2636 est,
382 2554 446 2620 duo
474 2554 576 2620 libelli
605 2553 640 2618 in
669 2554 803 2620 secretis
825 2555 895 2620 eius
918 2554 1037 2639 reperti
1060 2559 1143 2635 sunt,
1178 2574 1313 2637 quorum

141 2667 234 2731 alteri
257 2666 366 2750 pugio,
390 2664 483 2730 alteri
505 2663 635 2747 gladius
657 2685 716 2749 pro
739 2664 832 2748 signo
854 2664 995 2730 nominis
1017 2662 1216 2747 adscriptum
1233 2670 1311 2744 erat,

140 2775 236 2839 ambo
260 2775 506 2840 lectissimorum
529 2775 671 2839 uirorum
694 2775 861 2858 utriusque
889 2774 1013 2840 ordinis
1043 2774 1199 2840 senatorii
1226 2773 1315 2839 uide·

139 2884 214 2950 licet
236 2892 267 2949 et
289 2883 448 2968 equestris
471 2884 604 2948 nomina
625 2892 656 2948 et
678 2891 772 2950 notas
793 2883 1002 2950 continebant
1024 2883 1117 2948 morti
1139 2882 1316 2950 destinato-

138 3015 218 3060 rum.
263 2994 397 3060 inuenta
419 2999 468 3059 est
491 3000 523 3058 et
544 3013 622 3057 area
643 2994 759 3078 ingens
780 2995 942 3060 uariorum
966 3012 1173 3075 uenenorum,
1197 2994 1314 3078 quibus

141 3124 216 3169 mox
231 3103 368 3168 Claudio
383 3103 524 3170 Caesare
545 3103 677 3170 iubente
699 3104 856 3171 demersis
878 3104 997 3169 iniecta
1019 3103 1122 3168 maria
1143 3103 1315 3169 traduntur

139 3233 204 3278 non
234 3214 305 3278 sinc
334 3233 451 3295 magno
481 3213 618 3296 piscium
648 3214 757 3292 exitio,
791 3234 872 3298 quos
901 3220 1051 3280 enecatos
1079 3232 1137 3298 per
1165 3214 1313 3298 proxima

140 3324 236 3388 litora
258 3323 378 3407 passim
403 3329 513 3389 aestus
535 3322 657 3408 eiecit.)

411 3529 441 3537 -.

208 3659 340 3714 lbildem
357 3659 384 3714 Il
454 3659 661 3715 arcuinoneo
713 3659 832 3714 'liertur
849 3676 899 3713 om.
918 3658 945 3713 D
997 3657 1145 3713 credero
1209 3664 1238 3713 10
1257 3660 1307 3714 hic

136 3751 252 3807 rlmilD
357 3758 388 3807 13
406 3753 579 3807 hierosolimis
594 3753 621 3808 b
712 3758 740 3807 ll
760 3752 897 3807 hbidiiiem
916 3752 943 3806 B
1033 3754 1063 3804 18
1081 3766 1185 3804 xxxmo
1203 3750 1309 3820 vinJB

137 3850 170 3900 20
189 3845 240 3900 duo
259 3844 322 3900 belli
341 3847 366 3901 D
434 3851 466 3900 '25
486 3846 604 3901 dimersis
620 3847 646 3902 D
715 3852 746 3901 il
764 3847 823 3901 sine
841 3845 994 3900 interductu
1007 3850 1130 3917 perquat
1148 3843 1231 3898 DBP
