2834 5394
57 241 119 303 534
538 256 629 303 nmm
652 255 752 302 suun

56 428 155 473 manu
177 407 280 493 captis
295 407 511 474 Artauasdum
535 426 605 472 cum
629 407 754 474 duobus
778 407 854 473 liliis
876 405 946 471 eius
961 404 1126 488 priuauit
1143 404 1264 486 oculis,

56 519 269 584 Baetarmium
293 525 399 584 autem
423 519 456 581 iu
479 519 604 583 uiuario
627 518 800 583 decollauit
822 523 853 582 et
874 515 969 581 huius
995 522 1107 600 caput
1133 516 1173 580 in
1203 515 1264 580 lli·

56 629 100 693 lio
129 629 300 714 suspendit
332 628 446 695 diebus
479 628 591 694 tribus.
636 635 710 712 post
742 627 875 710 triginta
906 645 984 690 uero
1022 646 1143 693 annos
1182 626 1262 690 mali

58 746 233 806 memoret
256 739 483 805 immisericors
511 739 687 822 imperator
714 736 880 822 praecepit
909 735 1009 802 huius
1041 757 1197 803 uxorem
1228 737 1262 802 in

58 850 286 916 monasterium
311 849 434 914 Ghoras
456 868 592 932 pergere
614 885 656 893 —-
678 848 743 912 illio
765 848 851 913 enim
875 847 1025 931 sepultus
1051 854 1134 913 erat
1160 882 1205 893 -·
1230 853 1290 912 ets

56 958 152 1026 buius
176 979 251 1025 ossa
274 959 412 1023 effodere
434 964 531 1042 atque
553 960 586 1023 in
616 960 773 1043 sepulcra,
812 977 894 1041 quae
923 956 1082 1021 dicuntur
1109 957 1259 1041 Pelagii,

57 1069 90 1133 iu
113 1068 213 1152 pallio
236 1089 294 1133 suo
316 1077 445 1152 portare
468 1089 533 1134 una
561 1088 631 1133 cnm
661 1068 859 1133 biothanatis
889 1068 1026 1131 mortuis
1056 1068 1192 1133 iacere.
1238 1087 1257 1128 o

62 1178 347 1244 inhumanitatem!
391 1180 508 1245 multos
545 1187 652 1244 autom
690 1186 722 1243 et
758 1179 840 1243 alios
877 1197 917 1242 ex
951 1175 1168 1261 primoribus
1199 1178 1256 1262 qui

57 1289 205 1355 auxiliati
234 1289 361 1353 luerunt
388 1288 572 1355 Artauasdo
606 1289 743 1372 peremit
777 1287 1105 1371 innumerabilesque
1145 1288 1254 1353 oculis

57 1406 89 1465 et
121 1400 203 1465 alios
238 1399 387 1464 manibus
420 1419 478 1464 seu
509 1398 646 1483 pedibus
678 1399 797 1464 ablatis
830 1396 1023 1463 debilitauit.
1071 1397 1253 1482 praecepit
1270 1410 1295 1459 ro

58 1517 163 1576 autem
186 1510 328 1575 externis
351 1510 507 1576 militibus
531 1509 585 1593 qui
608 1528 715 1574 sccum
738 1509 879 1593 ingressi
902 1517 986 1586 sunt,
1021 1507 1169 1573 introire
1194 1506 1251 1570 do

57 1641 127 1687 mos
150 1626 182 1685 et
204 1639 317 1704 rapere
339 1619 514 1685 familiares
543 1619 660 1684 ciuium
694 1639 756 1685 rcs.
807 1619 908 1682 multa
939 1636 1068 1700 quoque
1104 1626 1143 1682 et
1179 1618 1249 1682 alia

58 1731 136 1813 quin
165 1737 197 1794 et
226 1730 397 1794 innumera
425 1730 512 1794 mala
540 1730 611 1794 urbi
641 1729 841 1794 monstrauit.
891 1745 1025 1810 cumque
1056 1726 1248 1811 hippodro-

57 1841 156 1904 mium
178 1839 363 1920 celebraret,
387 1839 564 1904 introduxit
585 1839 802 1906 Artanasdum
825 1857 983 1903 unacum
1006 1836 1084 1902 tiliis
1109 1839 1187 1903 eius
1212 1844 1245 1902 et

57 1949 170 2014 amieis
193 1949 326 2031 ligatum
349 1969 407 2032 per·
431 1949 619 2033 Dibippium
642 1949 817 2014 incircum
840 1948 936 2014 simul
958 1966 1029 2011 eum
1055 1946 1287 2013 Anastasiou

57 2058 132 2124 falsi
154 2057 294 2123 nominis
317 2057 504 2139 paniaroba
530 2078 684 2143 percusso
716 2059 844 2143 publice
879 2066 910 2123 et
942 2058 976 2121 in
1010 2057 1103 2121 asino
1141 2076 1241 2123 uerso

58 2168 147 2232 uultu
171 2166 304 2232 sedente
327 2187 406 2250 quos
429 2187 541 2233 omnes
564 2187 621 2252 per
642 2168 834 2253 Dibippium
857 2168 890 2232 in
913 2168 1031 2232 circum
1054 2167 1240 2254 pompauit.

57 2298 169 2344 uerum
192 2277 400 2343 Anastasium
425 2284 535 2361 utpote
557 2286 806 2345 consentaneum
830 2299 922 2344 suum
946 2277 979 2341 in
994 2277 1109 2341 tbrono
1127 2296 1239 2341 sacer·

58 2387 138 2454 <lotii
160 2410 270 2454 rursus
293 2389 420 2470 locauit,
443 2387 610 2455 deterrens
627 2394 659 2454 et
673 2388 819 2455 seruituti
835 2388 1007 2453 subiciens.
1051 2386 1238 2451 Sisinnium

58 2518 135 2564 uero
157 2500 326 2583 patricium
349 2507 381 2564 ct
409 2506 589 2583 praetorem
612 2498 867 2580 Tlrraeesiorum,
905 2498 960 2580 qui
994 2497 1126 2560 multum
1163 2515 1236 2560 cum
1253 2517 1283 2568 oo

58 2628 96 2672 eo
119 2615 301 2673 cucurrerat
322 2617 353 2672 ot
376 2629 433 2692 pro
455 2610 526 2693 ipso
549 2615 730 2674 certauerat
752 2608 887 2692 eiusque
915 2607 1127 2672 consobrinus
1159 2624 1237 2671 esse

59 2717 261 2801 noscebatur,
286 2725 358 2803 post
381 2719 597 2801 qrradragiuta
619 2718 688 2784 dics
703 2719 848 2783 osecauit
863 2718 916 2783 dei
932 2718 1083 2781 nimirum
1098 2714 1233 2779 iudicio.

59 2826 112 2911 qui
135 2828 220 2892 euim
245 2828 419 2893 auxiliatur
451 2829 550 2912 impio
583 2827 703 2893 incidet
733 2827 767 2892 in
799 2848 915 2892 manus
949 2828 1018 2892 eius
1054 2824 1236 2891 secuudum

58 2937 144 3021 quod
167 2938 319 3021 scriptum
343 2945 401 3003 est.

1 3054 37 3119 ,ΙΙ
144 3047 238 3111 Anno
261 3066 336 3110 ucro
359 3046 485 3129 imperii
508 3045 710 3112 Constantini
733 3054 847 3130 quarto
870 3045 1037 3111 llarbuanr
1061 3044 1127 3109 dux
1148 3049 1235 3110 Ara·
1253 3061 1285 3112 25

59 3154 134 3221 bum
157 3155 307 3233 noscitur,
337 3153 391 3237 qui
422 3155 623 3240 principatus
646 3164 695 3221 est
716 3157 764 3222 eis
787 3157 882 3222 annis
906 3177 973 3223 sex.
1019 3154 1080 3218 boo
1102 3174 1235 3239 quoque

57 3284 143 3330 anno
166 3270 305 3328 cometes
329 3283 465 3345 magnus
488 3265 521 3329 in
545 3266 641 3349 Syria
663 3267 754 3333 uisus
783 3274 833 3332 cst
863 3273 894 3332 ct
916 3265 1105 3332 seditionem
1128 3265 1237 3329 eonci-

56 3375 139 3440 tauit
159 3373 320 3440 Thebinth
354 3379 465 3438 eontra
497 3374 664 3439 Marhuam
688 3382 718 3440 et
739 3376 866 3441 Daobat
891 3376 1128 3455 Aruritcnsem,
1153 3394 1238 3455 quos

57 3485 225 3551 llarhuam
254 3492 366 3570 captos
394 3484 510 3549 oceidit
535 3486 568 3551 in
598 3486 743 3552 terminis
765 3487 903 3552 llmesae
932 3506 1003 3550 cum
1026 3484 1235 3551 multitudiue

57 3597 248 3661 bellatorum
278 3595 312 3660 id
341 3602 390 3661 est
418 3595 541 3660 milium
570 3595 690 3662 decem.
736 3596 848 3662 eodem
883 3597 980 3661 etiam
1014 3616 1099 3660 anno
1133 3613 1233 3678 prece
1252 3610 1286 3660 30

57 3705 312 3773 Christianorum
335 3706 469 3771 orientis
492 3706 636 3791 permisit
657 3707 825 3771 blarhuam
854 3707 1036 3771 consecrari
1059 3703 1235 3788 Tlreopby-

59 3935 363 3946 ———--——.....

127 4072 338 4160 lbactangill
391 4089 479 4160 capud
498 4091 578 4146 iml)
646 4097 739 4146 beret
757 4092 852 4147 cml)
914 4092 1132 4162 etopulolnob
1184 4105 1233 4158 pe-

57 4182 154 4251 lagii)
223 4191 283 4238 lm
302 4185 381 4254 pallro
401 4186 445 4238 luo
464 4191 572 4253 portare
590 4185 685 4240 om.l)
757 4190 784 4239 15
804 4190 830 4238 et
852 4189 879 4237 ll
900 4184 1079 4254 dryppruml)
1135 4189 1162 4237 17
1183 4198 1232 4250 po-

58 4276 177 4342 paurtl)
282 4281 311 4329 ts
332 4276 471 4330 sacerdotri
491 4277 585 4331 omli
682 4282 712 4331 19
731 4258 893 4331 fitlrnnrdl)
995 4282 1027 4331 20
1046 4255 1180 4347 potbrrcrd
1207 4282 1234 4337 b

58 4371 90 4418 29
109 4368 229 4422 emeleD
289 4373 317 4421 31
340 4350 524 4436 theopbrlsctd
542 4371 618 4439 pbrm
646 4349 770 4426 bedcsmd
787 4357 963 4438 pathmarchd
982 4369 1007 4424 b
