2834 5394
749 40 771 69 ’1

10 39 1020 329 -1

763 150 772 169 P

534 644 629 693 oso.
653 645 801 695 m-vrm
1200 632 1263 696 299

89 816 208 884 pronos
241 797 277 863 in
312 795 499 882 pauimento
535 797 647 864 iacens
675 796 870 864 Dauidicam
902 798 1116 885 proclamauit
1147 817 1262 866 nocem

91 907 251 975 ‘adhaesit
271 909 459 993 pauimento
481 907 591 974 anima
612 927 693 989 mea,
716 909 847 974 uiuifica
868 928 921 975 me
937 909 1113 976 secundum
1128 910 1263 976 uerbum

91 1019 199 1085 tuum!
241 1019 392 1085 manibus
420 1018 556 1084 barbam
578 1019 777 1104 capillosque
799 1021 944 1086 euellere
966 1019 1167 1104 frontemque
1189 1039 1264 1104 per-

90 1128 214 1196 cutiens
241 1135 274 1196 et
300 1130 486 1216 pauimento
513 1129 719 1195 lacrimarum
753 1136 862 1214 guttas
896 1129 1099 1215 adspargens
1132 1129 1264 1195 neniam

61 1240 264 1325 eimpetrare
285 1239 449 1324 poscebat.
492 1258 629 1325 cumque
650 1247 778 1325 tempus
805 1240 1059 1324 accederetque
1081 1260 1198 1306 munus
1220 1239 1264 1305 ad

90 1350 194 1415 altare
215 1349 341 1417 solebat
362 1350 477 1433 offerre
499 1369 636 1434 surgens
657 1370 729 1415 oum
750 1350 894 1417 lacrimis
916 1358 966 1417 est
986 1351 1161 1434 ingressos.
1191 1368 1272 1415 cum-

89 1478 168 1527 uero
189 1460 361 1545 optulisset
381 1461 476 1526 sicuti
498 1462 613 1527 solitus
635 1467 706 1527 erat
725 1461 811 1527 intra
832 1462 993 1527 cancellos
1009 1461 1107 1527 stetit.
1151 1479 1264 1528 rursus

90 1577 197 1635 antem
211 1570 401 1637 Ambrosius
422 1589 487 1635 non
509 1570 631 1656 quieuit
652 1571 710 1637 sed
732 1570 948 1637 differentiam
968 1571 1110 1637 locorum
1125 1571 1263 1639 edocuit.

91 1685 124 1746 et
144 1680 248 1764 primo
271 1679 401 1764 quidem
423 1680 593 1764 requisiuit
620 1680 697 1765 quid
725 1680 846 1746 ibidem
875 1684 1083 1765 expectaret?
1126 1682 1263 1766 impera·

43 1800 75 1851 ro
91 1796 161 1855 tore
182 1788 309 1856 dicente
331 1790 490 1858 sustinere
513 1809 549 1856 se
576 1809 739 1857 sacrorum
768 1790 1007 1875 perceptionem
1036 1792 1263 1876 mysteriorum

91 1920 150 1986 per
170 1897 433 1965 archidiaconum
454 1901 659 1966 remandauit
681 1899 710 1965 ‘o
733 1901 907 1985 imperator
927 1901 1083 1967 interiora
1105 1903 1176 1967 loca
1190 1907 1262 1966 tan·

90 2017 158 2077 tum
181 2009 401 2076 sacerdotibus
424 2018 499 2076 sunt
520 2010 639 2076 collata
661 2030 744 2093 quae
766 2011 863 2076 ceteri
884 2030 943 2076 nec
964 2009 1091 2095 ingredi
1114 2029 1173 2075 neo
1188 2028 1262 2076 con-

90 2119 216 2204 tingere
244 2121 479 2203 permittuntur.
523 2120 677 2205 egredere
705 2122 804 2204 igitur
832 2127 865 2187 et
892 2120 976 2186 banc
1005 2121 1263 2206 expectationem

93 2248 165 2295 cnm
194 2230 309 2296 ceteris
331 2229 416 2296 habe
438 2249 650 2297 communem.
694 2253 838 2318 purpura
870 2251 1010 2316 namque
1038 2232 1262 2315 imperatores,

43 2350 74 2399 tt
91 2360 156 2406 non
178 2340 363 2406 sacerdotes
384 2340 478 2406 iacit!
520 2348 596 2405 tono
623 2342 833 2410 fidelissimus
861 2344 1036 2427 imperator
1057 2343 1155 2408 etiam
1177 2341 1264 2407 hanc

91 2448 297 2517 traditionem
311 2450 420 2515 animo
434 2452 576 2533 gratanti
591 2452 772 2535 suscipiens
787 2452 992 2518 remandauit
1015 2454 1089 2519 ‘non
1105 2451 1263 2518 andaciae

90 2579 191 2626 causa
217 2560 303 2625 intra
329 2560 490 2626 cancellos
518 2561 624 2628 mansi
652 2561 711 2629 sed
740 2565 774 2629 in
797 2562 1158 2647 Constantinopolitano
1179 2562 1260 2628 urbe

91 2669 175 2735 banc
194 2669 458 2736 consuetudinem
480 2690 556 2737 esse
578 2673 725 2754 cognoui.
768 2672 855 2737 unde
877 2692 940 2755 ago
954 2672 1078 2754 gratias
1093 2692 1151 2757 pro
1167 2671 1263 2738 huius

93 2780 178 2846 modi
205 2780 385 2846 medicina!
434 2780 491 2845 tali
520 2798 597 2864 ergo
626 2788 780 2864 tantaque
809 2789 841 2846 et
868 2782 1000 2867 praesul
1029 2789 1061 2846 et
1088 2781 1264 2865 imperator

41 2902 78 2955 to
93 2892 209 2956 uirtute
231 2890 406 2954 clarebant.
443 2908 664 2973 agonemque
688 2891 852 2974 utriusque
875 2911 956 2975 opus
978 2891 1130 2956 admiror.
1175 2890 1262 2955 illius

93 3000 252 3083 fiduciam,
276 3001 371 3065 huius
387 3005 494 3065 autem
516 2998 773 3064 oboedientiam:
795 3001 883 3066 illius
900 3001 960 3067 zeli
977 3001 1143 3080 feruorem,
1167 3000 1262 3067 buius

91 3110 166 3176 fidei
188 3112 370 3196 puritatem.

176 3221 276 3286 Porro
303 3223 432 3304 regulas
461 3219 606 3303 pietatis,
640 3240 721 3304 quas
754 3240 774 3284 a
796 3241 914 3306 magno
937 3220 1104 3287 sacerdote
1126 3219 1256 3305 recepit,
1280 3219 1375 3289 VIIII

92 3331 189 3396 etiam
225 3351 375 3396 reuersus
411 3330 444 3394 in
479 3329 837 3415 Constantinopolitano
873 3331 953 3397 urbe
989 3331 1141 3397 seruauit.
1186 3350 1264 3395 nam

43 3458 76 3510 ab
92 3441 168 3506 dum
191 3440 376 3506 festiuitatis
398 3448 541 3524 temporo
563 3439 605 3504 ad
633 3441 801 3506 ecclesiam
831 3441 1050 3526 processisset,
1080 3440 1198 3507 oblatis
1226 3441 1265 3507 ia

93 3553 196 3617 altare
223 3550 410 3616 muneribus
439 3570 514 3615 mox
542 3570 693 3633 egressus
722 3558 780 3616 est.
824 3570 960 3635 cumque
988 3552 1158 3618 Nectarius
1186 3559 1263 3617 tnnc

91 3663 220 3745 praesul
248 3661 404 3728 ccclesiae
432 3660 621 3727 mandasset
648 3680 704 3725 cur
725 3663 812 3728 intus
835 3669 921 3728 stare
943 3661 1124 3729 noluisset?
1171 3681 1262 3727 man·

93 3771 184 3837 (lauit
211 3773 363 3856 princeps
392 3771 464 3836 ‘uix’
493 3771 598 3851 inquit
627 3771 726 3855 ‘potui
754 3771 878 3837 discere
907 3792 991 3853 quae
1014 3772 1199 3838 differentia
1220 3773 1264 3839 sit

95 3883 299 3965 imperatoris
322 3890 354 3946 ct
369 3880 558 3946 sacerdotis.
602 3881 657 3945 uix
672 3882 759 3946 enim
774 3882 920 3947 ueritatis
935 3883 1047 3947 inueni
1063 3882 1261 3963 magistrum.

42 4006 77 4057 ao
92 3991 296 4057 Ambrosium
338 4011 479 4074 namque
522 3991 623 4056 solum
668 3992 744 4055 noui
780 3991 889 4056 uocari
926 3990 1022 4074 digne
1060 3990 1263 4075 pontificem?

92 4101 234 4166 babebat
266 4102 364 4185 igitur
396 4101 570 4184 imperator
602 4106 635 4166 ct
665 4100 764 4164 aliam
795 4101 945 4166 utilitatis
975 4101 1177 4167 occasionem
1205 4118 1265 4185 per

92 4230 189 4295 quam
212 4210 368 4277 debonis
390 4211 542 4296 operibus
564 4210 786 4293 triumpharet.
830 4210 949 4276 coniux
975 4210 1060 4277 enim
1089 4211 1159 4276 eius
1180 4208 1264 4275 diui-

91 4343 152 4389 nas
175 4322 264 4405 leges
287 4341 359 4386 eum
383 4322 513 4405 saepius
543 4319 747 4402 admonebat,
785 4338 820 4385 se
848 4320 954 4404 ipsam
982 4326 1091 4386 tamen
1122 4320 1264 4405 perfecte

94 4432 184 4516 prius
205 4431 365 4498 erudiens.
410 4432 583 4496 nonenim
607 4431 698 4515 regni
721 4429 861 4513 fastigiis
889 4430 1019 4496 eleuata
1047 4439 1098 4498 est
1120 4429 1178 4497 sed
1209 4449 1265 4514 po·

163 4691 357 4746 tdaurtroall
458 4696 530 4746 tar
553 4692 582 4746 in
606 4687 957 4760 nongentesimae
1069 4695 1103 4746 20
1123 4697 1224 4745 imitor
1240 4686 1268 4744 D

94 4787 123 4837 tt
146 4784 342 4855 obedientnil)
394 4788 426 4840 28
445 4783 582 4854 mqurdI)
640 4788 673 4840 33
690 4781 901 4839 ammonebatl)
