2834 5394
185 228 248 305 no
682 259 774 306 mom
796 259 842 304 xx

184 418 233 476 set
254 410 454 477 insecutione
476 410 606 477 ordines
627 411 818 477 dissoluisse
839 418 873 476 et
894 430 934 476 ex
955 411 1111 476 Romanis
1139 409 1305 476 stantibus
1327 411 1360 476 in

185 521 437 587 antemuralibus
459 523 576 587 multos
598 521 754 587 extinctos
776 530 888 587 coutra
909 540 966 587 eos
988 521 1149 605 profectus
1170 526 1231 587 est.
1259 540 1360 605 porro

184 630 316 716 quidam
338 632 388 697 uir
409 633 509 716 Peme
529 633 701 716 giganteus
723 631 909 715 imperatori
932 651 1103 697 occurrens
1126 631 1211 696 huno
1231 631 1267 697 iu
1290 651 1357 696 me-

183 741 238 807 dio
258 743 367 827 pontis
393 741 591 827 aggreditur.
635 748 686 808 ast
713 741 886 826 imperator
916 742 977 807 hoc
1004 761 1156 825 percusso
1185 743 1219 807 in
1249 743 1355 808 amnis

183 852 304 919 fluenta
326 853 467 936 proiecit.
511 852 572 917 hoc
593 870 670 917 uero
693 859 805 918 ruente
827 853 860 915 in
884 852 992 935 lugam
1015 851 1145 917 barbari
1168 851 1257 918 uersi
1278 859 1387 917 sunto

183 971 216 1028 et
242 982 322 1048 prae
350 963 501 1045 angustia
526 962 634 1047 pontis
661 969 697 1026 ut
724 981 824 1027 ranae
846 970 947 1029 semet
968 962 1001 1027 in
1024 961 1157 1027 fluuium
1181 962 1354 1041 iaciebant,

29 1068 155 1135 XXVII
181 1072 238 1137 alii
259 1080 366 1138 autem
389 1073 487 1138 etiam
515 1072 635 1156 gladiis
662 1071 915 1137 trucidabantur.
960 1091 1055 1155 porro
1083 1071 1252 1136 multitudo
1280 1072 1355 1136 bar·

183 1181 332 1247 barorum
361 1202 420 1266 per
447 1181 588 1250 fluminis
617 1184 706 1266 ripas
741 1181 859 1248 diflusa
896 1182 1072 1265 sagittabat
1106 1202 1144 1247 ac
1180 1182 1355 1248 resistebat

182 1312 248 1358 nou
276 1293 386 1359 sinens
413 1301 612 1360 transmeare
632 1295 807 1358 Romanos.
851 1311 963 1357 uerum
991 1292 1163 1377 imperator
1190 1293 1355 1359 transiens

181 1402 318 1469 uiriliter
339 1403 487 1470 barbaris
509 1402 630 1471 resistit
651 1422 721 1467 cum
743 1402 855 1485 paucis
877 1402 1070 1485 quibusdam
1093 1403 1258 1469 societatis
1273 1423 1354 1469 suae
1372 1409 1401 1458 ¹⁰

182 1513 458 1598 superagonizans
479 1513 526 1579 ita
546 1521 581 1578 ut
601 1514 697 1578 ctiam
720 1532 818 1596 super
839 1511 900 1576 hoc
922 1512 1121 1578 Sarbarazas
1144 1511 1354 1597 obstupesce-

181 1632 230 1689 ret
250 1630 283 1690 et
303 1623 346 1688 ad
361 1623 501 1690 Oosmau
524 1622 685 1708 quendam
708 1623 799 1687 iuxta
821 1641 858 1688 sc
880 1629 1018 1688 stantem
1041 1624 1257 1688 Romanorum
1279 1644 1354 1708 pre

181 1735 288 1819 hugum
311 1734 502 1816 magaritam
531 1733 651 1799 diceret
673 1732 782 1798 ‘uides'
803 1732 952 1813 inquiens
976 1731 1158 1799 ‘Caesarem
1182 1753 1200 1797 o
1224 1731 1353 1816 Cosma,

181 1863 277 1927 quam
307 1843 414 1908 audax
441 1843 484 1908 ad
511 1864 654 1927 pugnam
682 1849 746 1909 stet
772 1849 804 1906 ct
832 1849 944 1907 contra
969 1849 1091 1907 tautam
1114 1843 1353 1910 multitudinem

181 1953 269 2019 solus
296 1952 437 2019 decertet
464 1960 496 2018 et
523 1953 611 2017 uelut
638 1953 729 2018 incus
752 1952 858 2016 iacula
878 1952 1029 2017 renuat?’
1074 1971 1115 2018 cx
1137 1952 1241 2018 rubris
1264 1953 1352 2019 euim
1371 1964 1401 2013 rs

180 2062 283 2129 ocreis
311 2062 546 2145 agnoscebatur
574 2063 755 2146 multasque
784 2063 956 2148 imperator
982 2063 1097 2146 plagas
1125 2063 1201 2129 licet
1228 2065 1352 2128 nullam

179 2173 214 2239 in
237 2171 298 2238 hoc
320 2173 440 2257 proelio
463 2172 676 2258 periculosam
698 2174 831 2258 accepit.
875 2180 943 2237 tota
965 2192 1041 2237 uero
1065 2172 1118 2237 die
1139 2192 1210 2238 cum
1232 2174 1267 2238 in
1289 2172 1354 2238 hoc

180 2283 266 2349 bello
287 2290 496 2368 pugnassent,
519 2281 691 2348 accedente
713 2302 852 2368 uespera
873 2284 915 2348 ab
937 2284 1090 2349 inuicem
1107 2282 1249 2368 separati
1265 2291 1352 2349 suut.

179 2400 212 2460 et
233 2394 432 2461 Sarbarazas
460 2393 590 2477 quidem
619 2393 735 2460 timens
763 2401 975 2478 pernoctem
1005 2400 1089 2458 retro
1118 2412 1267 2460 reuersus
1290 2400 1351 2459 est.

178 2505 353 2591 imperator
373 2512 480 2570 autem
504 2505 622 2590 populo
644 2523 702 2570 suo
730 2512 920 2569 coaceruato
949 2503 991 2568 ad
1022 2504 1133 2569 urbem
1161 2503 1353 2586 properauit
1369 2511 1403 2560 ²⁰

179 2614 360 2681 Sebastiam
382 2621 415 2680 el
436 2634 506 2679 cum
530 2614 613 2679 Alou
635 2613 768 2678 fluuium
798 2620 1039 2695 transmeasset,
1078 2614 1111 2678 in
1140 2613 1201 2677 hoc
1229 2612 1350 2695 gaudio

178 2725 276 2789 totius
304 2723 419 2789 hiemis
450 2732 594 2806 tempore
622 2723 804 2789 demoratus
833 2730 893 2789 est.
938 2743 1033 2807 porro
1056 2722 1217 2788 Chosroes
1239 2724 1350 2789 furens

178 2832 267 2900 misit
293 2840 326 2899 et
353 2832 425 2897 tulit
451 2833 622 2899 thesauros
650 2839 834 2898 cunctarum
864 2833 1072 2899 ecclesiarum
1101 2833 1243 2917 regionis
1265 2853 1349 2916 quae

178 2944 238 3012 sub
259 2943 368 3010 Persis
396 2951 446 3010 est
473 2943 647 3009 constituta
674 2951 707 3009 et
728 2943 865 3027 cogebat
887 2942 1088 3009 Christianos
1110 2944 1252 3009 Nestorii
1273 2943 1345 3008 lieri

178 3059 352 3119 sectatores
374 3052 418 3118 ad
438 3051 719 3137 perstringendum
747 3053 817 3119 siue
844 3053 1082 3137 percellendum
1110 3054 1400 3138 imperatoremm

24 3156 167 3223 XXVlll
260 3162 354 3226 Anno
383 3161 510 3244 imperii
539 3162 681 3227 Heraclii
709 3171 801 3228 sexto
831 3162 955 3229 decimo
984 3162 1145 3228 Chosrocs
1174 3165 1344 3230 Persarum

177 3290 232 3336 rcx
254 3290 371 3334 nouam
393 3271 540 3336 militiam
562 3273 636 3337 lecit
650 3273 807 3356 proelium
823 3274 975 3352 initurus,
997 3273 1186 3357 peregrinos
1202 3291 1240 3338 ac
1256 3273 1345 3339 ciues

178 3388 210 3447 et
241 3400 353 3448 seruos
385 3400 425 3447 ex
455 3382 542 3447 omni
575 3383 709 3449 natione
741 3384 826 3448 lacta
854 3383 1009 3448 electione
1032 3402 1237 3449 coaceruans.
1283 3404 1348 3468 qua

176 3493 332 3557 electione
364 3491 441 3557 Sain
482 3491 601 3557 tradita
632 3493 772 3578 praetori
810 3493 876 3559 alia
915 3493 1151 3577 quinquaginta
1183 3493 1274 3557 milia
1306 3513 1347 3559 ex

177 3602 341 3687 phalange
362 3603 564 3669 Sarbarazae
584 3605 689 3669 electa
710 3605 828 3670 tollens
850 3603 925 3668 huic
947 3604 1083 3669 sociauit
1105 3603 1347 3686 nominauitque
1363 3612 1400 3661 ao

177 3713 250 3780 illos
284 3732 399 3779 aureos
432 3715 575 3780 cumulos
608 3721 640 3779 et
672 3713 732 3780 bos
766 3712 923 3780 aduersus
955 3713 1181 3798 imperatorem
1219 3712 1347 3777 direxit.

179 3909 464 3922 ———-————-

242 4016 498 4086 ‘lplecutuleitD
583 4019 744 4081 colluto
840 4019 866 4068 ll
888 4020 914 4068 et
934 4019 963 4069 19
982 4014 1147 4069 larbarull)
1235 4020 1264 4069 12
1283 4032 1299 4070 o
1318 4017 1347 4068 r'n

175 4110 282 4165 colman
300 4127 367 4165 corr.
388 4126 426 4164 ex
443 4124 460 4162 a
478 4111 505 4162 r'n
526 4109 549 4163 D
645 4113 673 4162 la
691 4095 834 4177 margarini
855 4108 896 4167 ll.
914 4109 1077 4178 ‘Megaricos
1095 4115 1249 4179 apostatam
1268 4108 1346 4178 resu-

173 4219 291 4274 pomqae
308 4210 412 4267 nature,
429 4203 596 4272 adscriptum
614 4201 652 4255 ad
667 4218 744 4255 orum
763 4203 863 4257 codicis
880 4199 1012 4255 Prdau'ui'
1033 4200 1164 4255 Gruterus
1215 4201 1348 4255 uidenti)

178 4298 207 4346 r5
224 4281 386 4348 rennuatll
454 4299 486 4347 25
505 4296 637 4349 locatores
655 4293 687 4348 θ’
738 4281 953 4364 precellendirI)
1021 4298 1053 4347 ‘29
1072 4294 1183 4348 lahrnll
1251 4300 1283 4348 30
1301 4294 1314 4347 f
1330 4325 1347 4333 -

174 4386 265 4454 larges
284 4386 384 4439 larbam
403 4386 428 4439 Ι)
