2834 5394
565 690 638 739 car.
661 692 748 738 1-n1
1176 681 1237 742 507

60 851 97 908 at
117 844 172 908 ilie
193 861 264 907 cum
287 848 437 926 pergeret
450 842 485 907 in
500 843 650 909 Larisam
673 843 826 928 pecunias
843 843 974 927 quidem
990 844 1134 929 reposuit
1148 844 1236 929 apud

62 953 236 1020 Phasidem
259 952 493 1038 perpaucisque
515 951 696 1038 adsumptis
718 951 880 1036 indigenis
902 953 984 1018 abiit
1004 953 1174 1038 Apsiliam.
1207 962 1239 1020 et

62 1084 133 1127 cum
156 1063 327 1130 transisset
348 1061 525 1129 caucasios
553 1069 693 1146 montes,
724 1063 813 1128 uenit
839 1062 873 1127 in
904 1062 1065 1129 Alaniam
1109 1064 1239 1131 Iustini-

64 1194 146 1239 anus
168 1193 244 1237 uero
267 1174 380 1239 uolens
402 1192 474 1238 eum
496 1171 642 1257 perdere,
666 1172 753 1239 misit
774 1179 807 1238 et
826 1172 900 1238 tulit
920 1175 1076 1258 pecunias
1098 1193 1139 1240 ex
1154 1174 1238 1239 Pha-

29 1283 145 1349 eside.
180 1282 278 1349 Alani
300 1290 407 1349 autem
431 1283 639 1368 Spatbarium
668 1302 739 1347 curn
767 1283 855 1348 omni
877 1282 998 1350 bonore
1023 1285 1238 1370 suscipientes

64 1401 160 1476 atque
206 1393 308 1458 uerba
339 1393 440 1479 ipsius
480 1392 650 1460 audientes
689 1394 880 1459 introierunt
918 1400 951 1459 et
982 1393 1130 1479 praedati
1164 1402 1239 1461 sunt

61 1501 250 1586 Abasgiam.

148 1616 189 1677 At
211 1632 287 1678 uero
310 1611 459 1679 dominus
480 1611 683 1696 Abasgorum
705 1613 834 1679 intimat
854 1614 970 1681 Alanis
992 1613 1105 1682 dicens
1128 1617 1172 1680 ‘ut
1186 1615 1235 1680 in·
1256 1609 1290 1675 Π

63 1725 159 1789 uenio
181 1724 279 1788 alium
300 1724 398 1788 talem
421 1723 667 1788 mentionarium
687 1724 887 1791 Iustinianus
908 1744 974 1790 non
996 1725 1118 1807 habuit,
1142 1745 1237 1809 quem
1276 1805 1278 1811 Ι

15 1847 47 1894 ro
65 1835 190 1899 mittere
212 1832 378 1900 debuisset
399 1840 431 1899 et
452 1853 653 1899 commouere
669 1854 727 1900 uos
750 1841 862 1900 contra
881 1855 942 1901 nos
964 1835 1089 1903 uicinos
1111 1841 1238 1903 uestros
1260 1841 1265 1853 '

64 1945 128 2009 nisi
155 1942 318 2008 bominem
351 1943 471 2009 istum‘?
504 1944 617 2009 fefellit
645 1944 732 2010 enim
767 1965 826 2011 uos
855 1953 887 2010 et
919 1946 1004 2012 cirea
1036 1945 1238 2030 reprommis·

64 2055 187 2119 sionem
210 2073 336 2137 quoque
358 2055 576 2138 pecuniarum,
599 2055 729 2122 mittens
752 2054 838 2120 enim
859 2056 1057 2122 Iustinianus
1080 2054 1141 2121 has
1164 2057 1239 2122 abs·

63 2163 143 2227 tulit.
190 2162 247 2230 sed
275 2162 349 2229 date
378 2165 472 2230 nobis
501 2185 574 2230 eum
603 2172 635 2231 et
661 2165 855 2250 praebemus
884 2166 977 2232 uobis
1008 2166 1237 2233 numismatum

64 2275 126 2338 tria
148 2274 238 2338 mitia
260 2280 292 2340 et
313 2275 421 2359 prisca
443 2275 561 2342 caritas
584 2282 695 2341 nostra
716 2295 782 2341 non
805 2275 968 2341 soluatur.²
1006 2295 1117 2341 uerum
1140 2275 1237 2341 Alani

17 2384 215 2450 {edixerunt
238 2383 307 2451 ‘uos
328 2404 394 2450 non
416 2391 546 2470 propter
568 2385 723 2471 pecunias
745 2384 967 2451 oboediuimus
987 2387 1017 2450 ei
1034 2384 1092 2452 sed
1107 2393 1239 2471 propter

63 2495 267 2580 imperatoris
289 2492 513 2560 dilectionem!
548 2496 726 2578 iterumque
748 2495 873 2580 Abasgi
896 2496 1025 2561 mittunt
1048 2494 1089 2561 ad
1113 2514 1169 2561 eos
1192 2494 1239 2560 di·

64 2614 173 2671 centes
197 2602 281 2669 ‘date
311 2604 406 2669 nobis
434 2624 507 2670 eum
535 2604 765 2671 attribuimus
794 2608 1021 2672 numismatum
1052 2625 1110 2670 sex
1131 2597 1239 2670 milia'

64 2733 159 2797 porro
174 2712 272 2777 Alani
287 2714 432 2778 uolentes
448 2711 573 2778 discere
588 2715 753 2797 regionem
768 2714 971 2798 Abasgorum
987 2715 1240 2799 repromiserunt

66 2843 101 2886 se
135 2823 281 2905 accipere
316 2822 372 2885 illa
399 2822 628 2887 numismatum
658 2842 716 2889 sex
743 2823 832 2888 mitia
860 2830 892 2890 et
920 2823 998 2888 dare
1020 2823 1238 2908 spatharium.

16 2952 49 3001 ao
66 2932 161 2997 Alani
184 2950 261 2996 uero
284 2931 422 2997 confessi
445 2938 520 2996 sunt
542 2932 715 3016 Spathario
744 2939 859 2997 cuncta
881 2940 913 2997 et
935 2932 1046 2998 dicunt
1069 2931 1172 3016 ‘quern
1196 2932 1239 2998 ad

66 3042 195 3107 modum
219 3040 311 3107 uides
333 3041 388 3105 uia
410 3043 549 3125 quaein
571 3042 763 3107 Romaniam
786 3039 874 3106 ducit
894 3044 1007 3109 clausa
1028 3052 1086 3125 est,
1111 3050 1142 3108 et
1165 3063 1240 3126 quo

65 3152 159 3218 modo
188 3158 336 3218 transeas
365 3172 430 3217 non
458 3152 576 3233 habes,
607 3150 665 3218 sed
693 3152 799 3236 potius
822 3151 939 3218 callide
961 3173 1097 3237 agamus
1119 3160 1152 3220 et
1173 3154 1240 3238 pol·

64 3264 219 3329 liceamur
246 3262 295 3328 eis
324 3260 408 3346 quod
437 3260 602 3329 tradamus
630 3269 662 3328 te
691 3268 723 3327 et
752 3261 906 3328 mittimus
933 3263 1081 3329 homines
1111 3268 1239 3330 nostros

67 3394 137 3437 cum
159 3374 207 3439 eis
229 3380 260 3436 et
283 3372 438 3438 discimus
461 3372 607 3439 clusuras
629 3392 738 3438 eorum
768 3372 802 3437 et¹
821 3371 971 3439 irruimus
993 3378 1026 3438 et
1047 3372 1240 3438 extermina·

14 3484 171 3550 achimus
194 3483 342 3565 regiones
364 3481 528 3567 ipsorum!

150 3592 348 3676 Apccrisarii
376 3611 453 3656 uero
476 3591 651 3656 Alanorum
682 3592 839 3659 abeuntes
867 3593 901 3658 in
922 3591 1100 3678 Abasgiam
1129 3600 1162 3659 et
1190 3613 1238 3660 re·
1259 3587 1309 3654 111

66 3702 287 3785 promittentes
315 3700 520 3786 spatharium
550 3701 703 3787 prodere,
733 3703 872 3786 plurima
899 3703 996 3768 xenia
1026 3710 1241 3789 perceperunt

65 3811 106 3874 ab
130 3811 177 3875 eis
200 3816 232 3875 et
253 3810 361 3894 plures
384 3811 500 3878 missos
525 3811 629 3877 denuo
652 3813 790 3894 mittunt,
814 3812 909 3879 simul
931 3815 1028 3877 etiam
1051 3833 1122 3878 cum
1138 3835 1239 3897 quan·

64 3922 156 3985 titate
178 3920 248 3984 auri
271 3920 314 3985 ad
336 3920 555 4007 recipiendum
578 3921 793 4007 Spathau'um.
838 3922 935 3987 Alani
964 3942 1041 3987 uero
1065 3923 1239 4008 Spatbario

14 4048 48 4097 no
65 4031 157 4096 aiunt
180 4028 337 4097 ‘homines
359 4032 414 4097 isti
437 4052 532 4116 quem
555 4032 597 4097 ad
619 4029 748 4096 modum
770 4038 802 4096 et
828 4030 1049 4116 praediximus
1071 4032 1114 4097 ad
1136 4041 1168 4098 te
1190 4053 1240 4099 re-

65 4139 249 4225 cipiendum
273 4150 439 4206 uenerunt.
483 4146 515 4206 et
536 4142 683 4225 Abasgia
704 4148 735 4207 te
757 4143 983 4225 praestolatur.
1027 4149 1060 4207 et
1088 4143 1240 4226 quoniam

66 4251 204 4337 proximi
226 4271 337 4317 sumus
360 4251 418 4333 eis,
442 4252 659 4334 negotiatores
681 4257 793 4318 euntes
822 4250 864 4315 ad
893 4251 967 4319 illos
989 4272 1054 4317 non
1077 4252 1238 4320 deficiunt.

66 4383 142 4445 ergo
165 4382 206 4428 ne
228 4360 348 4446 prodas
370 4361 539 4427 consilium
568 4368 720 4427 nostrum.
766 4360 929 4429 trademus
956 4368 989 4428 te
1016 4363 1187 4430 manifeste
1209 4371 1241 4430 et

66 4492 137 4536 curn
167 4492 226 4538 nos
260 4473 337 4536 moti
361 4474 600 4552 recesserimus,
631 4472 785 4537 mittimus
818 4473 940 4537 occulte
967 4479 1040 4558 post
1061 4482 1186 4557 tergum
1209 4482 1241 4540 et

135 4693 282 4799 tabiptrs
296 4731 322 4786 D
373 4730 484 4786 adutl)
553 4730 775 4786 brutrorruntD
837 4735 867 4785 ta
886 4732 1071 4800 preuemuslt
1142 4737 1172 4786 14
1190 4734 1239 4788 ka·

67 4822 169 4877 nuru
223 4829 252 4877 15
271 4823 476 4880 obedrurmniD
530 4828 561 4879 16
579 4823 723 4895 berno-D
774 4828 806 4879 26
825 4804 966 4895 abaigagri
982 4825 1009 4881 D
1074 4831 1107 4881 34
1125 4806 1190 4896 ergit
1213 4826 1240 4882 D
