<?xml version="1.0" encoding="UTF-8"?>
<!DOCTYPE html PUBLIC "-//W3C//DTD XHTML 1.0 Transitional//EN"
    "http://www.w3.org/TR/xhtml1/DTD/xhtml1-transitional.dtd">
<html xmlns="http://www.w3.org/1999/xhtml" xml:lang="en" lang="en">
 <head>
  <title>
</title>
<meta http-equiv="Content-Type" content="text/html;charset=utf-8" />
  <meta name='ocr-system' content='tesseract 3.04.00' />
  <meta name='ocr-capabilities' content='ocr_page ocr_carea ocr_par ocr_line ocrx_word'/>
</head>
<body>
  <div class='ocr_page' id='page_1' title='image "./historiamiscell00sagagoog_0536.png"; bbox 0 0 2834 5394; ppageno 0'>
   <div class='ocr_carea' id='block_1_1' title="bbox 179 237 866 302">
    <p class='ocr_par' dir='ltr' id='par_1_1' title="bbox 179 237 866 302">
     <span class='ocr_line' id='line_1_1' title="bbox 179 237 866 302; baseline -0.001 -2"><span class='ocrx_word' id='word_1_1' title='bbox 179 237 242 302; x_wconf 78' lang='grc'><strong>522</strong></span> <span class='ocrx_word' id='word_1_2' title='bbox 664 251 756 299; x_wconf 79' lang='lat' dir='ltr'><strong>amm</strong></span> <span class='ocrx_word' id='word_1_3' title='bbox 778 251 866 299; x_wconf 84' lang='lat' dir='ltr'><strong>xxm</strong></span> 
     </span>
    </p>
   </div>
   <div class='ocr_carea' id='block_1_2' title="bbox 178 403 1368 602">
    <p class='ocr_par' dir='ltr' id='par_1_2' title="bbox 178 403 1368 602">
     <span class='ocr_line' id='line_1_2' title="bbox 179 403 1368 490; baseline -0.003 -16"><span class='ocrx_word' id='word_1_4' title='bbox 179 406 297 474; x_wconf 77' lang='lat' dir='ltr'><strong>leonis</strong></span> <span class='ocrx_word' id='word_1_5' title='bbox 326 412 359 471; x_wconf 91' lang='lat' dir='ltr'><strong>et</strong></span> <span class='ocrx_word' id='word_1_6' title='bbox 385 404 512 490; x_wconf 91' lang='lat' dir='ltr'><strong>imperii</strong></span> <span class='ocrx_word' id='word_1_7' title='bbox 540 404 600 471; x_wconf 94' lang='lat' dir='ltr'><strong>sub</strong></span> <span class='ocrx_word' id='word_1_8' title='bbox 629 404 703 489; x_wconf 91' lang='lat' dir='ltr'><strong>ipso</strong></span> <span class='ocrx_word' id='word_1_9' title='bbox 731 404 906 472; x_wconf 90' lang='lat' dir='ltr'><strong>constituti.</strong></span> <span class='ocrx_word' id='word_1_10' title='bbox 951 425 1047 490; x_wconf 93' lang='lat' dir='ltr'><strong>porro</strong></span> <span class='ocrx_word' id='word_1_11' title='bbox 1073 405 1108 471; x_wconf 90' lang='lat' dir='ltr'><strong>in</strong></span> <span class='ocrx_word' id='word_1_12' title='bbox 1131 403 1236 489; x_wconf 83' lang='lat' dir='ltr'><strong>Syria</strong></span> <span class='ocrx_word' id='word_1_13' title='bbox 1260 420 1368 488; x_wconf 84' lang='lat' dir='ltr'><strong>penas</strong></span> 
     </span>
     <span class='ocr_line' id='line_1_3' title="bbox 178 514 1368 602; baseline -0.003 -18"><span class='ocrx_word' id='word_1_14' title='bbox 178 518 375 585; x_wconf 76' lang='lat' dir='ltr'><strong>Damascum</strong></span> <span class='ocrx_word' id='word_1_15' title='bbox 407 514 569 582; x_wconf 89' lang='lat' dir='ltr'><strong>Iohannes</strong></span> <span class='ocrx_word' id='word_1_16' title='bbox 596 515 731 583; x_wconf 85' lang='lat' dir='ltr'><strong>ilansur</strong></span> <span class='ocrx_word' id='word_1_17' title='bbox 760 516 931 602; x_wconf 82' lang='lat' dir='ltr'><strong>presbyter</strong></span> <span class='ocrx_word' id='word_1_18' title='bbox 962 523 994 582; x_wconf 89' lang='lat' dir='ltr'><strong>et</strong></span> <span class='ocrx_word' id='word_1_19' title='bbox 1025 514 1206 583; x_wconf 90' lang='lat' dir='ltr'><strong>monachus</strong></span> <span class='ocrx_word' id='word_1_20' title='bbox 1243 534 1368 598; x_wconf 82' lang='lat' dir='ltr'><strong>cogno</strong></span> 
     </span>
    </p>
   </div>
   <div class='ocr_carea' id='block_1_3' title="bbox 32 620 1415 3911">
    <p class='ocr_par' dir='ltr' id='par_1_3' title="bbox 179 620 1408 2703">
     <span class='ocr_line' id='line_1_4' title="bbox 179 620 1365 712; baseline -0.002 -18"><span class='ocrx_word' id='word_1_21' title='bbox 179 635 286 695; x_wconf 90' lang='lat' dir='ltr'><strong>mento</strong></span> <span class='ocrx_word' id='word_1_22' title='bbox 320 620 522 712; x_wconf 75' lang='lat' dir='ltr'>Chrysoroas</span> <span class='ocrx_word' id='word_1_23' title='bbox 556 624 668 692; x_wconf 91' lang='lat' dir='ltr'><strong>doctor</strong></span> <span class='ocrx_word' id='word_1_24' title='bbox 702 625 843 712; x_wconf 88' lang='lat' dir='ltr'><strong>optimus</strong></span> <span class='ocrx_word' id='word_1_25' title='bbox 874 628 943 693; x_wconf 88' lang='lat' dir='ltr'><strong>uita</strong></span> <span class='ocrx_word' id='word_1_26' title='bbox 975 633 1008 692; x_wconf 89' lang='lat' dir='ltr'><strong>et</strong></span> <span class='ocrx_word' id='word_1_27' title='bbox 1039 626 1139 694; x_wconf 86' lang='lat' dir='ltr'><strong>uerbo</strong></span> <span class='ocrx_word' id='word_1_28' title='bbox 1172 625 1365 710; x_wconf 71' lang='lat' dir='ltr'><strong>praefulsit</strong></span> 
     </span>
     <span class='ocr_line' id='line_1_5' title="bbox 179 735 1365 821; baseline -0.003 -16"><span class='ocrx_word' id='word_1_29' title='bbox 179 758 291 805; x_wconf 89' lang='lat' dir='ltr'><strong>uerum</strong></span> <span class='ocrx_word' id='word_1_30' title='bbox 313 739 380 805; x_wconf 88' lang='lat' dir='ltr'><strong>Leo</strong></span> <span class='ocrx_word' id='word_1_31' title='bbox 409 735 606 802; x_wconf 81' lang='lat' dir='ltr'><strong>Germanum</strong></span> <span class='ocrx_word' id='word_1_32' title='bbox 637 743 749 821; x_wconf 86' lang='lat' dir='ltr'><strong>utpote</strong></span> <span class='ocrx_word' id='word_1_33' title='bbox 781 737 842 804; x_wconf 91' lang='lat' dir='ltr'><strong>sub</strong></span> <span class='ocrx_word' id='word_1_34' title='bbox 875 756 912 806; x_wconf 89' lang='lat' dir='ltr'><strong>se</strong></span> <span class='ocrx_word' id='word_1_35' title='bbox 943 736 1151 806; x_wconf 87' lang='lat' dir='ltr'><strong>constitutum</strong></span> <span class='ocrx_word' id='word_1_36' title='bbox 1185 756 1208 802; x_wconf 87' lang='lat' dir='ltr'><strong>a</strong></span> <span class='ocrx_word' id='word_1_37' title='bbox 1242 735 1365 802; x_wconf 81' lang='lat' dir='ltr'><strong>throno</strong></span> 
     </span>
     <span class='ocr_line' id='line_1_6' title="bbox 179 846 1394 936; baseline -0.006 -19"><span class='ocrx_word' id='word_1_38' title='bbox 179 850 282 936; x_wconf 90' lang='lat' dir='ltr'><strong>pellit.</strong></span> <span class='ocrx_word' id='word_1_39' title='bbox 326 846 503 931; x_wconf 76' lang='lat' dir='ltr'><strong>Gregorius</strong></span> <span class='ocrx_word' id='word_1_40' title='bbox 532 854 640 913; x_wconf 87' lang='lat' dir='ltr'><strong>autem</strong></span> <span class='ocrx_word' id='word_1_41' title='bbox 666 866 726 931; x_wconf 89' lang='lat' dir='ltr'><strong>per</strong></span> <span class='ocrx_word' id='word_1_42' title='bbox 753 847 912 933; x_wconf 86' lang='lat' dir='ltr'><strong>epistulas</strong></span> <span class='ocrx_word' id='word_1_43' title='bbox 939 867 1013 914; x_wconf 91' lang='lat' dir='ltr'><strong>eum</strong></span> <span class='ocrx_word' id='word_1_44' title='bbox 1040 867 1125 933; x_wconf 89' lang='lat' dir='ltr'><strong>quae</strong></span> <span class='ocrx_word' id='word_1_45' title='bbox 1146 847 1265 914; x_wconf 87' lang='lat' dir='ltr'><strong>multis</strong></span> <span class='ocrx_word' id='word_1_46' title='bbox 1288 852 1394 914; x_wconf 70' lang='lat' dir='ltr'><strong>sunta</strong></span> 
     </span>
     <span class='ocr_line' id='line_1_7' title="bbox 179 955 1365 1043; baseline -0.004 -14"><span class='ocrx_word' id='word_1_47' title='bbox 179 968 277 1029; x_wconf 90' lang='lat' dir='ltr'><strong>notae</strong></span> <span class='ocrx_word' id='word_1_48' title='bbox 298 957 468 1025; x_wconf 86' lang='lat' dir='ltr'><strong>manifeste</strong></span> <span class='ocrx_word' id='word_1_49' title='bbox 489 955 665 1043; x_wconf 80' lang='lat' dir='ltr'><strong>redarguit.</strong></span> <span class='ocrx_word' id='word_1_50' title='bbox 709 955 768 1026; x_wconf 87' lang='lat' dir='ltr'><strong>sed</strong></span> <span class='ocrx_word' id='word_1_51' title='bbox 796 963 829 1024; x_wconf 90' lang='lat' dir='ltr'><strong>ct</strong></span> <span class='ocrx_word' id='word_1_52' title='bbox 849 958 1013 1026; x_wconf 88' lang='lat' dir='ltr'><strong>Iohannes</strong></span> <span class='ocrx_word' id='word_1_53' title='bbox 1041 957 1127 1025; x_wconf 91' lang='lat' dir='ltr'><strong>hnnc</strong></span> <span class='ocrx_word' id='word_1_54' title='bbox 1156 977 1232 1024; x_wconf 92' lang='lat' dir='ltr'><strong>cum</strong></span> <span class='ocrx_word' id='word_1_55' title='bbox 1257 958 1365 1024; x_wconf 90' lang='lat' dir='ltr'><strong>orien-</strong></span> 
     </span>
     <span class='ocr_line' id='line_1_8' title="bbox 179 1066 1365 1157; baseline -0.003 -19"><span class='ocrx_word' id='word_1_56' title='bbox 179 1071 222 1138; x_wconf 88' lang='lat' dir='ltr'><strong>tis</strong></span> <span class='ocrx_word' id='word_1_57' title='bbox 242 1070 406 1157; x_wconf 88' lang='lat' dir='ltr'><strong>episcopis</strong></span> <span class='ocrx_word' id='word_1_58' title='bbox 428 1067 689 1136; x_wconf 82' lang='lat' dir='ltr'><strong>anathematibus</strong></span> <span class='ocrx_word' id='word_1_59' title='bbox 711 1066 830 1136; x_wconf 85' lang='lat' dir='ltr'><strong>subdit.</strong></span> <span class='ocrx_word' id='word_1_60' title='bbox 873 1090 970 1154; x_wconf 92' lang='lat' dir='ltr'><strong>porro</strong></span> <span class='ocrx_word' id='word_1_61' title='bbox 992 1069 1129 1154; x_wconf 86' lang='lat' dir='ltr'><strong>septimo</strong></span> <span class='ocrx_word' id='word_1_62' title='bbox 1150 1067 1227 1135; x_wconf 92' lang='lat' dir='ltr'><strong>idus</strong></span> <span class='ocrx_word' id='word_1_63' title='bbox 1243 1069 1365 1134; x_wconf 87' lang='lat' dir='ltr'><strong>Ianua·</strong></span> 
     </span>
     <span class='ocr_line' id='line_1_9' title="bbox 179 1177 1364 1264; baseline -0.003 -16"><span class='ocrx_word' id='word_1_64' title='bbox 179 1180 246 1248; x_wconf 88' lang='lat' dir='ltr'><strong>rias</strong></span> <span class='ocrx_word' id='word_1_65' title='bbox 266 1180 382 1247; x_wconf 83' lang='lat' dir='ltr'><strong>tertiae</strong></span> <span class='ocrx_word' id='word_1_66' title='bbox 403 1178 547 1247; x_wconf 88' lang='lat' dir='ltr'><strong>decimae</strong></span> <span class='ocrx_word' id='word_1_67' title='bbox 569 1177 757 1247; x_wconf 73' lang='lat' dir='ltr'><strong>indictionis</strong></span> <span class='ocrx_word' id='word_1_68' title='bbox 784 1179 880 1247; x_wconf 87' lang='lat' dir='ltr'><strong>tertia</strong></span> <span class='ocrx_word' id='word_1_69' title='bbox 910 1181 991 1246; x_wconf 82' lang='lat' dir='ltr'><strong>seria</strong></span> <span class='ocrx_word' id='word_1_70' title='bbox 1018 1179 1137 1264; x_wconf 90' lang='lat' dir='ltr'><strong>impius</strong></span> <span class='ocrx_word' id='word_1_71' title='bbox 1158 1179 1229 1246; x_wconf 87' lang='lat' dir='ltr'><strong>Leo</strong></span> <span class='ocrx_word' id='word_1_72' title='bbox 1261 1179 1364 1246; x_wconf 86' lang='lat' dir='ltr'><strong>silen-</strong></span> 
     </span>
     <span class='ocr_line' id='line_1_10' title="bbox 179 1288 1363 1359; baseline -0.005 0"><span class='ocrx_word' id='word_1_73' title='bbox 179 1292 260 1359; x_wconf 89' lang='lat' dir='ltr'><strong>tium</strong></span> <span class='ocrx_word' id='word_1_74' title='bbox 281 1296 393 1357; x_wconf 86' lang='lat' dir='ltr'><strong>contra</strong></span> <span class='ocrx_word' id='word_1_75' title='bbox 414 1295 545 1359; x_wconf 89' lang='lat' dir='ltr'><strong>sanctas</strong></span> <span class='ocrx_word' id='word_1_76' title='bbox 566 1309 605 1356; x_wconf 91' lang='lat' dir='ltr'><strong>ac</strong></span> <span class='ocrx_word' id='word_1_77' title='bbox 627 1290 832 1358; x_wconf 87' lang='lat' dir='ltr'><strong>uenerabiles</strong></span> <span class='ocrx_word' id='word_1_78' title='bbox 860 1290 1037 1357; x_wconf 88' lang='lat' dir='ltr'><strong>celebrauit</strong></span> <span class='ocrx_word' id='word_1_79' title='bbox 1064 1291 1177 1357; x_wconf 88' lang='lat' dir='ltr'><strong>iconas</strong></span> <span class='ocrx_word' id='word_1_80' title='bbox 1200 1290 1236 1355; x_wconf 93' lang='lat' dir='ltr'><strong>in</strong></span> <span class='ocrx_word' id='word_1_81' title='bbox 1260 1288 1363 1356; x_wconf 90' lang='lat' dir='ltr'><strong>tribu·</strong></span> 
     </span>
     <span class='ocr_line' id='line_1_11' title="bbox 179 1399 1403 1484; baseline -0.008 -14"><span class='ocrx_word' id='word_1_82' title='bbox 179 1403 269 1470; x_wconf 88' lang='lat' dir='ltr'><strong>nalio</strong></span> <span class='ocrx_word' id='word_1_83' title='bbox 291 1402 402 1469; x_wconf 87' lang='lat' dir='ltr'><strong>docem</strong></span> <span class='ocrx_word' id='word_1_84' title='bbox 423 1408 456 1468; x_wconf 91' lang='lat' dir='ltr'><strong>et</strong></span> <span class='ocrx_word' id='word_1_85' title='bbox 476 1419 593 1467; x_wconf 91' lang='lat' dir='ltr'><strong>nouem</strong></span> <span class='ocrx_word' id='word_1_86' title='bbox 614 1400 817 1467; x_wconf 78' lang='lat' dir='ltr'><strong>accubituum</strong></span> <span class='ocrx_word' id='word_1_87' title='bbox 839 1401 997 1468; x_wconf 69' lang='lat' dir='ltr'><strong>educato</strong></span> <span class='ocrx_word' id='word_1_88' title='bbox 1019 1418 1147 1484; x_wconf 89' lang='lat' dir='ltr'><strong>quoque</strong></span> <span class='ocrx_word' id='word_1_89' title='bbox 1168 1405 1202 1466; x_wconf 90' lang='lat' dir='ltr'><strong>et</strong></span> <span class='ocrx_word' id='word_1_90' title='bbox 1222 1399 1362 1467; x_wconf 65' lang='lat' dir='ltr'><strong>sauma</strong></span> <span class='ocrx_word' id='word_1_91' title='bbox 1378 1408 1403 1462; x_wconf 81' lang='lat' dir='ltr'><strong>n</strong></span> 
     </span>
     <span class='ocr_line' id='line_1_12' title="bbox 182 1509 1362 1600; baseline -0.005 -18"><span class='ocrx_word' id='word_1_92' title='bbox 182 1513 264 1582; x_wconf 90' lang='lat' dir='ltr'><strong>simo</strong></span> <span class='ocrx_word' id='word_1_93' title='bbox 294 1512 481 1600; x_wconf 88' lang='lat' dir='ltr'><strong>patriarcha</strong></span> <span class='ocrx_word' id='word_1_94' title='bbox 502 1509 663 1577; x_wconf 85' lang='lat' dir='ltr'><strong>Germano</strong></span> <span class='ocrx_word' id='word_1_95' title='bbox 692 1517 781 1578; x_wconf 91' lang='lat' dir='ltr'><strong>ratus</strong></span> <span class='ocrx_word' id='word_1_96' title='bbox 808 1531 906 1597; x_wconf 91' lang='lat' dir='ltr'><strong>posse</strong></span> <span class='ocrx_word' id='word_1_97' title='bbox 934 1531 971 1579; x_wconf 90' lang='lat' dir='ltr'><strong>se</strong></span> <span class='ocrx_word' id='word_1_98' title='bbox 996 1511 1044 1578; x_wconf 90' lang='lat' dir='ltr'><strong>illi</strong></span> <span class='ocrx_word' id='word_1_99' title='bbox 1071 1509 1275 1596; x_wconf 87' lang='lat' dir='ltr'><strong>persuadere</strong></span> <span class='ocrx_word' id='word_1_100' title='bbox 1298 1529 1362 1594; x_wconf 91' lang='lat' dir='ltr'><strong>qno</strong></span> 
     </span>
     <span class='ocr_line' id='line_1_13' title="bbox 182 1619 1363 1692; baseline -0.004 0"><span class='ocrx_word' id='word_1_101' title='bbox 182 1623 400 1692; x_wconf 85' lang='lat' dir='ltr'><strong>subscriberet</strong></span> <span class='ocrx_word' id='word_1_102' title='bbox 427 1628 539 1689; x_wconf 86' lang='lat' dir='ltr'><strong>contra</strong></span> <span class='ocrx_word' id='word_1_103' title='bbox 567 1628 698 1688; x_wconf 89' lang='lat' dir='ltr'><strong>sanctas</strong></span> <span class='ocrx_word' id='word_1_104' title='bbox 725 1620 848 1689; x_wconf 88' lang='lat' dir='ltr'><strong>iconas.</strong></span> <span class='ocrx_word' id='word_1_105' title='bbox 892 1621 951 1689; x_wconf 87' lang='lat' dir='ltr'><strong>sed</strong></span> <span class='ocrx_word' id='word_1_106' title='bbox 980 1629 1011 1689; x_wconf 89' lang='lat' dir='ltr'><strong>et</strong></span> <span class='ocrx_word' id='word_1_107' title='bbox 1032 1622 1124 1688; x_wconf 78' lang='lat' dir='ltr'><strong>tortis</strong></span> <span class='ocrx_word' id='word_1_108' title='bbox 1146 1619 1273 1687; x_wconf 80' lang='lat' dir='ltr'><strong>Christi</strong></span> <span class='ocrx_word' id='word_1_109' title='bbox 1296 1640 1363 1688; x_wconf 89' lang='lat' dir='ltr'><strong>ser·</strong></span> 
     </span>
     <span class='ocr_line' id='line_1_14' title="bbox 182 1731 1363 1817; baseline -0.003 -17"><span class='ocrx_word' id='word_1_110' title='bbox 182 1756 244 1803; x_wconf 92' lang='lat' dir='ltr'><strong>uus</strong></span> <span class='ocrx_word' id='word_1_111' title='bbox 265 1735 449 1801; x_wconf 86' lang='lat' dir='ltr'><strong>nullatenus</strong></span> <span class='ocrx_word' id='word_1_112' title='bbox 472 1731 682 1817; x_wconf 81' lang='lat' dir='ltr'><strong>acquiescens</strong></span> <span class='ocrx_word' id='word_1_113' title='bbox 710 1731 896 1798; x_wconf 87' lang='lat' dir='ltr'><strong>detestabili</strong></span> <span class='ocrx_word' id='word_1_114' title='bbox 925 1731 1120 1799; x_wconf 83' lang='lat' dir='ltr'><strong>cacodoxiae</strong></span> <span class='ocrx_word' id='word_1_115' title='bbox 1148 1731 1256 1815; x_wconf 89' lang='lat' dir='ltr'><strong>ipsius</strong></span> <span class='ocrx_word' id='word_1_116' title='bbox 1287 1750 1363 1797; x_wconf 90' lang='lat' dir='ltr'><strong>cum</strong></span> 
     </span>
     <span class='ocr_line' id='line_1_15' title="bbox 182 1841 1365 1912; baseline -0.003 -2"><span class='ocrx_word' id='word_1_117' title='bbox 182 1845 317 1911; x_wconf 88' lang='lat' dir='ltr'><strong>uerbum</strong></span> <span class='ocrx_word' id='word_1_118' title='bbox 338 1842 485 1912; x_wconf 91' lang='lat' dir='ltr'><strong>ueritatis</strong></span> <span class='ocrx_word' id='word_1_119' title='bbox 506 1848 592 1908; x_wconf 87' lang='lat' dir='ltr'><strong>recte</strong></span> <span class='ocrx_word' id='word_1_120' title='bbox 613 1841 788 1910; x_wconf 80' lang='lat' dir='ltr'><strong>direxisset</strong></span> <span class='ocrx_word' id='word_1_121' title='bbox 808 1842 1050 1909; x_wconf 88' lang='lat' dir='ltr'><strong>abrenuntiauit</strong></span> <span class='ocrx_word' id='word_1_122' title='bbox 1070 1862 1231 1909; x_wconf 90' lang='lat' dir='ltr'><strong>summum</strong></span> <span class='ocrx_word' id='word_1_123' title='bbox 1253 1860 1365 1908; x_wconf 76' lang='lat' dir='ltr'><strong>sacer-</strong></span> 
     </span>
     <span class='ocr_line' id='line_1_16' title="bbox 183 1951 1406 2038; baseline -0.007 -18"><span class='ocrx_word' id='word_1_124' title='bbox 183 1954 305 2021; x_wconf 89' lang='lat' dir='ltr'><strong>dotium</strong></span> <span class='ocrx_word' id='word_1_125' title='bbox 326 1953 460 2020; x_wconf 89' lang='lat' dir='ltr'><strong>tradens</strong></span> <span class='ocrx_word' id='word_1_126' title='bbox 481 1952 615 2038; x_wconf 92' lang='lat' dir='ltr'><strong>pallium</strong></span> <span class='ocrx_word' id='word_1_127' title='bbox 638 1959 671 2018; x_wconf 90' lang='lat' dir='ltr'><strong>et</strong></span> <span class='ocrx_word' id='word_1_128' title='bbox 699 1959 774 2038; x_wconf 90' lang='lat' dir='ltr'><strong>post</strong></span> <span class='ocrx_word' id='word_1_129' title='bbox 800 1953 918 2021; x_wconf 88' lang='lat' dir='ltr'><strong>multos</strong></span> <span class='ocrx_word' id='word_1_130' title='bbox 946 1972 1113 2021; x_wconf 89' lang='lat' dir='ltr'><strong>sermones</strong></span> <span class='ocrx_word' id='word_1_131' title='bbox 1141 1951 1364 2020; x_wconf 84' lang='lat' dir='ltr'><strong>didascalicos</strong></span> <span class='ocrx_word' id='word_1_132' title='bbox 1381 1961 1406 2012; x_wconf 80' lang='lat' dir='ltr'><strong>n</strong></span> 
     </span>
     <span class='ocr_line' id='line_1_17' title="bbox 183 2062 1366 2148; baseline -0.001 -18"><span class='ocrx_word' id='word_1_133' title='bbox 183 2063 295 2131; x_wconf 90' lang='lat' dir='ltr'><strong>dicens</strong></span> <span class='ocrx_word' id='word_1_134' title='bbox 318 2064 357 2130; x_wconf 90' lang='lat' dir='ltr'><strong>‘si</strong></span> <span class='ocrx_word' id='word_1_135' title='bbox 379 2082 440 2147; x_wconf 85' lang='lat' dir='ltr'><strong>ego</strong></span> <span class='ocrx_word' id='word_1_136' title='bbox 462 2084 532 2130; x_wconf 92' lang='lat' dir='ltr'><strong>snm</strong></span> <span class='ocrx_word' id='word_1_137' title='bbox 554 2063 661 2146; x_wconf 88' lang='lat' dir='ltr'><strong>Ionas,</strong></span> <span class='ocrx_word' id='word_1_138' title='bbox 684 2063 774 2130; x_wconf 85' lang='lat' dir='ltr'><strong>mitte</strong></span> <span class='ocrx_word' id='word_1_139' title='bbox 796 2083 848 2131; x_wconf 91' lang='lat' dir='ltr'><strong>me</strong></span> <span class='ocrx_word' id='word_1_140' title='bbox 870 2064 905 2130; x_wconf 94' lang='lat' dir='ltr'><strong>in</strong></span> <span class='ocrx_word' id='word_1_141' title='bbox 920 2083 1019 2131; x_wconf 86' lang='lat' dir='ltr'><strong>mare.</strong></span> <span class='ocrx_word' id='word_1_142' title='bbox 1041 2063 1166 2148; x_wconf 86' lang='lat' dir='ltr'><strong>absque</strong></span> <span class='ocrx_word' id='word_1_143' title='bbox 1179 2062 1366 2129; x_wconf 84' lang='lat' dir='ltr'><strong>uniuersali</strong></span> 
     </span>
     <span class='ocr_line' id='line_1_18' title="bbox 186 2172 1365 2260; baseline -0.002 -20"><span class='ocrx_word' id='word_1_144' title='bbox 186 2174 306 2259; x_wconf 90' lang='lat' dir='ltr'><strong>quippe</strong></span> <span class='ocrx_word' id='word_1_145' title='bbox 329 2172 454 2258; x_wconf 85' lang='lat' dir='ltr'><strong>synodo</strong></span> <span class='ocrx_word' id='word_1_146' title='bbox 476 2173 633 2241; x_wconf 87' lang='lat' dir='ltr'><strong>innouarc</strong></span> <span class='ocrx_word' id='word_1_147' title='bbox 656 2172 753 2241; x_wconf 88' lang='lat' dir='ltr'><strong>fidem</strong></span> <span class='ocrx_word' id='word_1_148' title='bbox 774 2173 977 2260; x_wconf 90' lang='lat' dir='ltr'><strong>impossibile</strong></span> <span class='ocrx_word' id='word_1_149' title='bbox 997 2174 1078 2241; x_wconf 92' lang='lat' dir='ltr'><strong>mihi</strong></span> <span class='ocrx_word' id='word_1_150' title='bbox 1100 2180 1150 2240; x_wconf 90' lang='lat' dir='ltr'><strong>est</strong></span> <span class='ocrx_word' id='word_1_151' title='bbox 1181 2172 1365 2240; x_wconf 83' lang='lat' dir='ltr'><strong>seeundum</strong></span> 
     </span>
     <span class='ocr_line' id='line_1_19' title="bbox 184 2282 1365 2372; baseline -0.002 -21"><span class='ocrx_word' id='word_1_152' title='bbox 184 2285 396 2372; x_wconf 87' lang='lat' dir='ltr'><strong>apostolicam</strong></span> <span class='ocrx_word' id='word_1_153' title='bbox 425 2282 602 2351; x_wconf 84' lang='lat' dir='ltr'><strong>doctrinam</strong></span> <span class='ocrx_word' id='word_1_154' title='bbox 630 2290 663 2350; x_wconf 91' lang='lat' dir='ltr'><strong>ct</strong></span> <span class='ocrx_word' id='word_1_155' title='bbox 690 2291 859 2369; x_wconf 88' lang='lat' dir='ltr'><strong>paternam</strong></span> <span class='ocrx_word' id='word_1_156' title='bbox 886 2285 1094 2352; x_wconf 86' lang='lat' dir='ltr'><strong>traditionem</strong></span> <span class='ocrx_word' id='word_1_157' title='bbox 1122 2283 1365 2368; x_wconf 85' lang='lat' dir='ltr'><strong>oimperator.’</strong></span> 
     </span>
     <span class='ocr_line' id='line_1_20' title="bbox 184 2392 1364 2481; baseline -0.002 -19"><span class='ocrx_word' id='word_1_158' title='bbox 184 2404 216 2463; x_wconf 91' lang='lat' dir='ltr'><strong>et</strong></span> <span class='ocrx_word' id='word_1_159' title='bbox 242 2395 357 2464; x_wconf 89' lang='lat' dir='ltr'><strong>abiens</strong></span> <span class='ocrx_word' id='word_1_160' title='bbox 385 2395 429 2463; x_wconf 90' lang='lat' dir='ltr'><strong>ad</strong></span> <span class='ocrx_word' id='word_1_161' title='bbox 455 2396 560 2461; x_wconf 88' lang='lat' dir='ltr'><strong>locum</strong></span> <span class='ocrx_word' id='word_1_162' title='bbox 589 2395 644 2478; x_wconf 91' lang='lat' dir='ltr'><strong>qui</strong></span> <span class='ocrx_word' id='word_1_163' title='bbox 671 2394 788 2462; x_wconf 87' lang='lat' dir='ltr'><strong>dicitur</strong></span> <span class='ocrx_word' id='word_1_164' title='bbox 809 2395 992 2462; x_wconf 88' lang='lat' dir='ltr'><strong>Platanium</strong></span> <span class='ocrx_word' id='word_1_165' title='bbox 1020 2397 1054 2461; x_wconf 94' lang='lat' dir='ltr'><strong>in</strong></span> <span class='ocrx_word' id='word_1_166' title='bbox 1076 2394 1240 2481; x_wconf 89' lang='lat' dir='ltr'><strong>parentali</strong></span> <span class='ocrx_word' id='word_1_167' title='bbox 1262 2392 1364 2460; x_wconf 93' lang='lat' dir='ltr'><strong>domo</strong></span> 
     </span>
     <span class='ocr_line' id='line_1_21' title="bbox 184 2504 1408 2592; baseline -0.009 -16"><span class='ocrx_word' id='word_1_168' title='bbox 184 2527 245 2576; x_wconf 87' lang='lat' dir='ltr'><strong>sua</strong></span> <span class='ocrx_word' id='word_1_169' title='bbox 266 2506 366 2592; x_wconf 88' lang='lat' dir='ltr'><strong>quieti</strong></span> <span class='ocrx_word' id='word_1_170' title='bbox 387 2526 519 2590; x_wconf 88' lang='lat' dir='ltr'><strong>oporam</strong></span> <span class='ocrx_word' id='word_1_171' title='bbox 541 2504 631 2572; x_wconf 92' lang='lat' dir='ltr'><strong>dedit</strong></span> <span class='ocrx_word' id='word_1_172' title='bbox 652 2524 776 2572; x_wconf 88' lang='lat' dir='ltr'><strong>summo</strong></span> <span class='ocrx_word' id='word_1_173' title='bbox 798 2505 979 2575; x_wconf 88' lang='lat' dir='ltr'><strong>sacerdotio</strong></span> <span class='ocrx_word' id='word_1_174' title='bbox 1001 2507 1128 2572; x_wconf 79' lang='lat' dir='ltr'><strong>iunctus</strong></span> <span class='ocrx_word' id='word_1_175' title='bbox 1150 2505 1246 2572; x_wconf 91' lang='lat' dir='ltr'><strong>annis</strong></span> <span class='ocrx_word' id='word_1_176' title='bbox 1268 2510 1364 2589; x_wconf 89' lang='lat' dir='ltr'><strong>quat·</strong></span> <span class='ocrx_word' id='word_1_177' title='bbox 1378 2512 1408 2565; x_wconf 79' lang='lat' dir='ltr'><strong>ta</strong></span> 
     </span>
     <span class='ocr_line' id='line_1_22' title="bbox 184 2616 1074 2703; baseline -0.001 -20"><span class='ocrx_word' id='word_1_178' title='bbox 184 2617 370 2701; x_wconf 77' lang='lat' dir='ltr'><strong>tuordeoim</strong></span> <span class='ocrx_word' id='word_1_179' title='bbox 393 2616 561 2684; x_wconf 89' lang='lat' dir='ltr'><strong>mensibus</strong></span> <span class='ocrx_word' id='word_1_180' title='bbox 583 2617 725 2700; x_wconf 91' lang='lat' dir='ltr'><strong>quinque</strong></span> <span class='ocrx_word' id='word_1_181' title='bbox 746 2622 778 2682; x_wconf 91' lang='lat' dir='ltr'><strong>et</strong></span> <span class='ocrx_word' id='word_1_182' title='bbox 801 2616 918 2685; x_wconf 86' lang='lat' dir='ltr'><strong>diebus</strong></span> <span class='ocrx_word' id='word_1_183' title='bbox 940 2624 1074 2703; x_wconf 88' lang='lat' dir='ltr'><strong>septem.</strong></span> 
     </span>
    </p>

    <p class='ocr_par' dir='ltr' id='par_1_4' title="bbox 32 2722 1415 3911">
     <span class='ocr_line' id='line_1_23' title="bbox 32 2722 1365 2794; baseline 0.002 -4"><span class='ocrx_word' id='word_1_184' title='bbox 32 2722 159 2790; x_wconf 86' lang='lat' dir='ltr'>XXVII</span> <span class='ocrx_word' id='word_1_185' title='bbox 272 2727 371 2792; x_wconf 91' lang='lat' dir='ltr'><strong>Porro</strong></span> <span class='ocrx_word' id='word_1_186' title='bbox 393 2725 562 2792; x_wconf 92' lang='lat' dir='ltr'><strong>undecimo</strong></span> <span class='ocrx_word' id='word_1_187' title='bbox 583 2725 744 2793; x_wconf 87' lang='lat' dir='ltr'><strong>kalendas</strong></span> <span class='ocrx_word' id='word_1_188' title='bbox 765 2727 961 2794; x_wconf 85' lang='lat' dir='ltr'><strong>Februarias</strong></span> <span class='ocrx_word' id='word_1_189' title='bbox 989 2734 1100 2793; x_wconf 88' lang='lat' dir='ltr'><strong>creant</strong></span> <span class='ocrx_word' id='word_1_190' title='bbox 1120 2727 1196 2793; x_wconf 84' lang='lat' dir='ltr'><strong>lalsi</strong></span> <span class='ocrx_word' id='word_1_191' title='bbox 1218 2725 1365 2792; x_wconf 88' lang='lat' dir='ltr'><strong>nominis</strong></span> 
     </span>
     <span class='ocr_line' id='line_1_24' title="bbox 185 2835 1366 2922; baseline -0.002 -19"><span class='ocrx_word' id='word_1_192' title='bbox 185 2837 396 2905; x_wconf 80' lang='lat' dir='ltr'><strong>Anastasium</strong></span> <span class='ocrx_word' id='word_1_193' title='bbox 424 2835 616 2922; x_wconf 85' lang='lat' dir='ltr'><strong>discipulum</strong></span> <span class='ocrx_word' id='word_1_194' title='bbox 646 2845 677 2902; x_wconf 89' lang='lat' dir='ltr'><strong>et</strong></span> <span class='ocrx_word' id='word_1_195' title='bbox 705 2837 883 2921; x_wconf 81' lang='lat' dir='ltr'><strong>syncellum</strong></span> <span class='ocrx_word' id='word_1_196' title='bbox 915 2837 1060 2905; x_wconf 87' lang='lat' dir='ltr'><strong>eiusdem</strong></span> <span class='ocrx_word' id='word_1_197' title='bbox 1094 2837 1182 2902; x_wconf 86' lang='lat' dir='ltr'><strong>beati</strong></span> <span class='ocrx_word' id='word_1_198' title='bbox 1205 2835 1366 2902; x_wconf 87' lang='lat' dir='ltr'><strong>Germani</strong></span> 
     </span>
     <span class='ocr_line' id='line_1_25' title="bbox 186 2947 1364 3034; baseline -0.001 -19"><span class='ocrx_word' id='word_1_199' title='bbox 186 2949 439 3015; x_wconf 88' lang='lat' dir='ltr'><strong>consentientem</strong></span> <span class='ocrx_word' id='word_1_200' title='bbox 467 2947 586 3013; x_wconf 91' lang='lat' dir='ltr'><strong>Leonis</strong></span> <span class='ocrx_word' id='word_1_201' title='bbox 615 2948 775 3031; x_wconf 90' lang='lat' dir='ltr'><strong>impietati</strong></span> <span class='ocrx_word' id='word_1_202' title='bbox 816 2956 948 3034; x_wconf 87' lang='lat' dir='ltr'><strong>propter</strong></span> <span class='ocrx_word' id='word_1_203' title='bbox 986 2968 1129 3014; x_wconf 88' lang='lat' dir='ltr'><strong>amorem</strong></span> <span class='ocrx_word' id='word_1_204' title='bbox 1158 2948 1364 3033; x_wconf 82' lang='lat' dir='ltr'><strong>principatus</strong></span> 
     </span>
     <span class='ocr_line' id='line_1_26' title="bbox 188 3056 1411 3144; baseline -0.005 -21"><span class='ocrx_word' id='word_1_205' title='bbox 188 3056 345 3123; x_wconf 90' lang='lat' dir='ltr'><strong>mundani</strong></span> <span class='ocrx_word' id='word_1_206' title='bbox 381 3056 467 3121; x_wconf 92' lang='lat' dir='ltr'><strong>hunc</strong></span> <span class='ocrx_word' id='word_1_207' title='bbox 493 3056 528 3121; x_wconf 92' lang='lat' dir='ltr'><strong>in</strong></span> <span class='ocrx_word' id='word_1_208' title='bbox 557 3075 593 3122; x_wconf 89' lang='lat' dir='ltr'><strong>sc</strong></span> <span class='ocrx_word' id='word_1_209' title='bbox 622 3063 656 3122; x_wconf 89' lang='lat' dir='ltr'><strong>ut</strong></span> <span class='ocrx_word' id='word_1_210' title='bbox 677 3058 864 3143; x_wconf 88' lang='lat' dir='ltr'><strong>episcopum</strong></span> <span class='ocrx_word' id='word_1_211' title='bbox 887 3057 1212 3144; x_wconf 75' lang='lat' dir='ltr'><strong>constantinopoleos</strong></span> <span class='ocrx_word' id='word_1_212' title='bbox 1244 3076 1364 3141; x_wconf 88' lang='lat' dir='ltr'><strong>proue—</strong></span> <span class='ocrx_word' id='word_1_213' title='bbox 1381 3065 1411 3117; x_wconf 72' lang='lat' dir='ltr'><strong>aa</strong></span> 
     </span>
     <span class='ocr_line' id='line_1_27' title="bbox 190 3165 1364 3253; baseline -0.002 -20"><span class='ocrx_word' id='word_1_214' title='bbox 190 3167 315 3233; x_wconf 87' lang='lat' dir='ltr'><strong>hcutcs.</strong></span> <span class='ocrx_word' id='word_1_215' title='bbox 361 3186 442 3233; x_wconf 88' lang='lat' dir='ltr'><strong>sanc</strong></span> <span class='ocrx_word' id='word_1_216' title='bbox 464 3165 640 3250; x_wconf 83' lang='lat' dir='ltr'><strong>Gregorius</strong></span> <span class='ocrx_word' id='word_1_217' title='bbox 663 3168 901 3237; x_wconf 88' lang='lat' dir='ltr'><strong>sacratissimus</strong></span> <span class='ocrx_word' id='word_1_218' title='bbox 923 3169 1053 3253; x_wconf 90' lang='lat' dir='ltr'><strong>praesul</strong></span> <span class='ocrx_word' id='word_1_219' title='bbox 1075 3170 1240 3235; x_wconf 89' lang='lat' dir='ltr'><strong>Romanus</strong></span> <span class='ocrx_word' id='word_1_220' title='bbox 1265 3186 1364 3252; x_wconf 89' lang='lat' dir='ltr'><strong>quem</strong></span> 
     </span>
     <span class='ocr_line' id='line_1_28' title="bbox 188 3275 1365 3360; baseline 0 -16"><span class='ocrx_word' id='word_1_221' title='bbox 188 3275 231 3344; x_wconf 93' lang='lat' dir='ltr'><strong>ad</strong></span> <span class='ocrx_word' id='word_1_222' title='bbox 254 3275 382 3341; x_wconf 87' lang='lat' dir='ltr'><strong>modum</strong></span> <span class='ocrx_word' id='word_1_223' title='bbox 403 3275 553 3360; x_wconf 84' lang='lat' dir='ltr'><strong>praedixi</strong></span> <span class='ocrx_word' id='word_1_224' title='bbox 574 3276 783 3345; x_wconf 80' lang='lat' dir='ltr'><strong>Anastasium</strong></span> <span class='ocrx_word' id='word_1_225' title='bbox 811 3300 878 3346; x_wconf 91' lang='lat' dir='ltr'><strong>una</strong></span> <span class='ocrx_word' id='word_1_226' title='bbox 898 3300 969 3345; x_wconf 92' lang='lat' dir='ltr'><strong>cum</strong></span> <span class='ocrx_word' id='word_1_227' title='bbox 992 3280 1110 3347; x_wconf 90' lang='lat' dir='ltr'><strong>libellis</strong></span> <span class='ocrx_word' id='word_1_228' title='bbox 1139 3278 1258 3344; x_wconf 91' lang='lat' dir='ltr'><strong>abiecit</strong></span> <span class='ocrx_word' id='word_1_229' title='bbox 1280 3278 1365 3344; x_wconf 87' lang='lat' dir='ltr'><strong>Leo·</strong></span> 
     </span>
     <span class='ocr_line' id='line_1_29' title="bbox 187 3385 1367 3475; baseline -0.001 -22"><span class='ocrx_word' id='word_1_230' title='bbox 187 3407 263 3455; x_wconf 92' lang='lat' dir='ltr'><strong>nem</strong></span> <span class='ocrx_word' id='word_1_231' title='bbox 284 3405 344 3472; x_wconf 90' lang='lat' dir='ltr'><strong>per</strong></span> <span class='ocrx_word' id='word_1_232' title='bbox 366 3385 524 3471; x_wconf 88' lang='lat' dir='ltr'><strong>epistulas</strong></span> <span class='ocrx_word' id='word_1_233' title='bbox 546 3394 710 3471; x_wconf 88' lang='lat' dir='ltr'><strong>tamquam</strong></span> <span class='ocrx_word' id='word_1_234' title='bbox 732 3390 832 3475; x_wconf 91' lang='lat' dir='ltr'><strong>impie</strong></span> <span class='ocrx_word' id='word_1_235' title='bbox 853 3397 1003 3474; x_wconf 85' lang='lat' dir='ltr'><strong>agentem</strong></span> <span class='ocrx_word' id='word_1_236' title='bbox 1025 3390 1224 3474; x_wconf 87' lang='lat' dir='ltr'><strong>redarguens</strong></span> <span class='ocrx_word' id='word_1_237' title='bbox 1247 3395 1280 3453; x_wconf 87' lang='lat' dir='ltr'><strong>et</strong></span> <span class='ocrx_word' id='word_1_238' title='bbox 1299 3388 1367 3453; x_wconf 88' lang='lat' dir='ltr'><strong>Ro-</strong></span> 
     </span>
     <span class='ocr_line' id='line_1_30' title="bbox 188 3495 1366 3584; baseline -0.001 -20"><span class='ocrx_word' id='word_1_239' title='bbox 188 3518 274 3564; x_wconf 93' lang='lat' dir='ltr'><strong>mam</strong></span> <span class='ocrx_word' id='word_1_240' title='bbox 303 3516 375 3562; x_wconf 93' lang='lat' dir='ltr'><strong>oum</strong></span> <span class='ocrx_word' id='word_1_241' title='bbox 403 3504 470 3563; x_wconf 88' lang='lat' dir='ltr'><strong>tota</strong></span> <span class='ocrx_word' id='word_1_242' title='bbox 498 3495 593 3564; x_wconf 85' lang='lat' dir='ltr'><strong>Italia</strong></span> <span class='ocrx_word' id='word_1_243' title='bbox 620 3497 661 3565; x_wconf 90' lang='lat' dir='ltr'><strong>ab</strong></span> <span class='ocrx_word' id='word_1_244' title='bbox 690 3499 778 3566; x_wconf 89' lang='lat' dir='ltr'><strong>illius</strong></span> <span class='ocrx_word' id='word_1_245' title='bbox 806 3500 941 3584; x_wconf 89' lang='lat' dir='ltr'><strong>imperio</strong></span> <span class='ocrx_word' id='word_1_246' title='bbox 963 3499 1114 3567; x_wconf 87' lang='lat' dir='ltr'><strong>recedere</strong></span> <span class='ocrx_word' id='word_1_247' title='bbox 1136 3500 1269 3566; x_wconf 84' lang='lat' dir='ltr'><strong>taciens.</strong></span> <span class='ocrx_word' id='word_1_248' title='bbox 1316 3498 1366 3563; x_wconf 93' lang='lat' dir='ltr'><strong>in·</strong></span> 
     </span>
     <span class='ocr_line' id='line_1_31' title="bbox 188 3608 1415 3698; baseline -0.006 -23"><span class='ocrx_word' id='word_1_249' title='bbox 188 3609 321 3675; x_wconf 90' lang='lat' dir='ltr'><strong>saniens</strong></span> <span class='ocrx_word' id='word_1_250' title='bbox 343 3626 420 3692; x_wconf 83' lang='lat' dir='ltr'><strong>crgo</strong></span> <span class='ocrx_word' id='word_1_251' title='bbox 441 3615 599 3695; x_wconf 85' lang='lat' dir='ltr'><strong>tyrannus</strong></span> <span class='ocrx_word' id='word_1_252' title='bbox 618 3615 730 3675; x_wconf 90' lang='lat' dir='ltr'><strong>contra</strong></span> <span class='ocrx_word' id='word_1_253' title='bbox 751 3610 955 3698; x_wconf 86' lang='lat' dir='ltr'><strong>uenerabiles</strong></span> <span class='ocrx_word' id='word_1_254' title='bbox 982 3611 1141 3695; x_wconf 86' lang='lat' dir='ltr'><strong>imagines</strong></span> <span class='ocrx_word' id='word_1_255' title='bbox 1169 3608 1367 3694; x_wconf 85' lang='lat' dir='ltr'><strong>persecutio-</strong></span> <span class='ocrx_word' id='word_1_256' title='bbox 1383 3615 1415 3667; x_wconf 75' lang='lat' dir='ltr'><strong>aa</strong></span> 
     </span>
     <span class='ocr_line' id='line_1_32' title="bbox 189 3717 1366 3803; baseline 0 -21"><span class='ocrx_word' id='word_1_257' title='bbox 189 3738 263 3783; x_wconf 88' lang='lat' dir='ltr'><strong>nem</strong></span> <span class='ocrx_word' id='word_1_258' title='bbox 286 3718 438 3785; x_wconf 82' lang='lat' dir='ltr'><strong>extendit.</strong></span> <span class='ocrx_word' id='word_1_259' title='bbox 482 3739 577 3802; x_wconf 91' lang='lat' dir='ltr'><strong>porro</strong></span> <span class='ocrx_word' id='word_1_260' title='bbox 598 3719 690 3784; x_wconf 89' lang='lat' dir='ltr'><strong>multi</strong></span> <span class='ocrx_word' id='word_1_261' title='bbox 711 3720 820 3787; x_wconf 89' lang='lat' dir='ltr'><strong>clerici</strong></span> <span class='ocrx_word' id='word_1_262' title='bbox 842 3740 880 3787; x_wconf 88' lang='lat' dir='ltr'><strong>ac</strong></span> <span class='ocrx_word' id='word_1_263' title='bbox 902 3721 1051 3787; x_wconf 90' lang='lat' dir='ltr'><strong>monachi</strong></span> <span class='ocrx_word' id='word_1_264' title='bbox 1074 3728 1106 3786; x_wconf 92' lang='lat' dir='ltr'><strong>ct</strong></span> <span class='ocrx_word' id='word_1_265' title='bbox 1128 3718 1271 3803; x_wconf 86' lang='lat' dir='ltr'><strong>religiosi</strong></span> <span class='ocrx_word' id='word_1_266' title='bbox 1287 3717 1366 3783; x_wconf 88' lang='lat' dir='ltr'><strong>laici</strong></span> 
     </span>
     <span class='ocr_line' id='line_1_33' title="bbox 191 3829 780 3911; baseline 0.007 -20"><span class='ocrx_word' id='word_1_267' title='bbox 191 3847 249 3910; x_wconf 88' lang='lat' dir='ltr'><strong>pro</strong></span> <span class='ocrx_word' id='word_1_268' title='bbox 271 3834 358 3894; x_wconf 89' lang='lat' dir='ltr'><strong>recto</strong></span> <span class='ocrx_word' id='word_1_269' title='bbox 380 3829 552 3911; x_wconf 87' lang='lat' dir='ltr'><strong>periclitati</strong></span> <span class='ocrx_word' id='word_1_270' title='bbox 575 3836 649 3895; x_wconf 91' lang='lat' dir='ltr'><strong>sunt</strong></span> <span class='ocrx_word' id='word_1_271' title='bbox 671 3829 780 3895; x_wconf 86' lang='lat' dir='ltr'><strong>uerbo.</strong></span> 
     </span>
    </p>
   </div>
   <div class='ocr_carea' id='block_1_4' title="bbox 187 4018 1367 4463">
    <p class='ocr_par' dir='ltr' id='par_1_5' title="bbox 187 4018 1367 4463">
     <span class='ocr_line' id='line_1_34' title="bbox 257 4018 1366 4094; baseline 0.002 -21"><span class='ocrx_word' id='word_1_272' title='bbox 257 4024 272 4073; x_wconf 93' lang='grc'><strong>2</strong></span> <span class='ocrx_word' id='word_1_273' title='bbox 296 4021 402 4075; x_wconf 90' lang='lat' dir='ltr'><strong>manlor</strong></span> <span class='ocrx_word' id='word_1_274' title='bbox 424 4021 487 4076; x_wconf 83' lang='lat' dir='ltr'><strong>add.</strong></span> <span class='ocrx_word' id='word_1_275' title='bbox 505 4019 571 4086; x_wconf 85' lang='grc' dir='ltr'><strong>ΒΡ,</strong></span> <span class='ocrx_word' id='word_1_276' title='bbox 597 4036 708 4078; x_wconf 87' lang='lat' dir='ltr'><strong>mansur</strong></span> <span class='ocrx_word' id='word_1_277' title='bbox 732 4021 943 4094; x_wconf 74' lang='lat' dir='ltr'><strong>Bonpursionus</strong></span> <span class='ocrx_word' id='word_1_278' title='bbox 960 4028 987 4078; x_wconf 87' lang='lat' dir='ltr'><strong>st</strong></span> <span class='ocrx_word' id='word_1_279' title='bbox 1003 4023 1180 4084; x_wconf 78' lang='lat' dir='ltr'><strong>Anastasius,</strong></span> <span class='ocrx_word' id='word_1_280' title='bbox 1208 4037 1259 4074; x_wconf 90' lang='lat' dir='ltr'><strong>om.</strong></span> <span class='ocrx_word' id='word_1_281' title='bbox 1279 4018 1366 4075; x_wconf 70' lang='lat' dir='ltr'><strong>llaec·</strong></span> 
     </span>
     <span class='ocr_line' id='line_1_35' title="bbox 187 4110 1366 4185; baseline 0.002 -20"><span class='ocrx_word' id='word_1_282' title='bbox 187 4110 291 4178; x_wconf 75' lang='lat' dir='ltr'><strong>plastes</strong></span> <span class='ocrx_word' id='word_1_283' title='bbox 358 4113 584 4170; x_wconf 83' lang='lat' dir='ltr'><strong>3crhrloroalD</strong></span> <span class='ocrx_word' id='word_1_284' title='bbox 649 4116 740 4172; x_wconf 78' lang='lat' dir='ltr'><strong>tho</strong></span> <span class='ocrx_word' id='word_1_285' title='bbox 758 4115 855 4170; x_wconf 81' lang='lat' dir='ltr'><strong>om.1)</strong></span> <span class='ocrx_word' id='word_1_286' title='bbox 915 4122 1011 4185; x_wconf 88' lang='lat' dir='ltr'><strong>utpute</strong></span> <span class='ocrx_word' id='word_1_287' title='bbox 1028 4114 1055 4169; x_wconf 98' lang='grc' dir='ltr'><em>Β</em></span> <span class='ocrx_word' id='word_1_288' title='bbox 1116 4120 1177 4169; x_wconf 74' lang='lat' dir='ltr'><strong>tat</strong></span> <span class='ocrx_word' id='word_1_289' title='bbox 1193 4118 1226 4168; x_wconf 82' lang='grc'><strong>28</strong></span> <span class='ocrx_word' id='word_1_290' title='bbox 1245 4112 1366 4184; x_wconf 84' lang='lat' dir='ltr'><strong>qplalD</strong></span> 
     </span>
     <span class='ocr_line' id='line_1_36' title="bbox 192 4193 1366 4277; baseline 0.008 -22"><span class='ocrx_word' id='word_1_291' title='bbox 192 4203 349 4261; x_wconf 75' lang='lat' dir='ltr'><strong>oldaetD</strong></span> <span class='ocrx_word' id='word_1_292' title='bbox 417 4193 591 4264; x_wconf 73' lang='lat' dir='ltr'><strong>induci-D</strong></span> <span class='ocrx_word' id='word_1_293' title='bbox 661 4207 928 4277; x_wconf 82' lang='lat' dir='ltr'><strong>llpathrrarchoD</strong></span> <span class='ocrx_word' id='word_1_294' title='bbox 999 4212 1029 4260; x_wconf 84' lang='grc'><strong>12</strong></span> <span class='ocrx_word' id='word_1_295' title='bbox 1048 4206 1127 4262; x_wconf 76' lang='lat' dir='ltr'><strong>lab</strong></span> <span class='ocrx_word' id='word_1_296' title='bbox 1181 4213 1211 4262; x_wconf 82' lang='lat'><strong>16</strong></span> <span class='ocrx_word' id='word_1_297' title='bbox 1229 4208 1366 4264; x_wconf 81' lang='lat' dir='ltr'><strong>iconaiD</strong></span> 
     </span>
     <span class='ocr_line' id='line_1_37' title="bbox 192 4295 1367 4370; baseline 0.009 -23"><span class='ocrx_word' id='word_1_298' title='bbox 192 4298 223 4348; x_wconf 80' lang='grc'><strong>18</strong></span> <span class='ocrx_word' id='word_1_299' title='bbox 240 4295 390 4354; x_wconf 76' lang='lat' dir='ltr'><strong>doctrinam</strong></span> <span class='ocrx_word' id='word_1_300' title='bbox 408 4302 504 4357; x_wconf 75' lang='lat' dir='ltr'><strong>cml)</strong></span> <span class='ocrx_word' id='word_1_301' title='bbox 607 4305 639 4356; x_wconf 85' lang='grc'><strong>20</strong></span> <span class='ocrx_word' id='word_1_302' title='bbox 659 4302 704 4356; x_wconf 85' lang='lat' dir='ltr'><strong>luo</strong></span> <span class='ocrx_word' id='word_1_303' title='bbox 722 4300 749 4355; x_wconf 98' lang='grc' dir='ltr'><em>Β</em></span> <span class='ocrx_word' id='word_1_304' title='bbox 816 4299 1054 4370; x_wconf 84' lang='lat' dir='ltr'><strong>quattordecrmI)</strong></span> <span class='ocrx_word' id='word_1_305' title='bbox 1157 4304 1190 4355; x_wconf 92' lang='grc'><strong>22</strong></span> <span class='ocrx_word' id='word_1_306' title='bbox 1208 4302 1235 4355; x_wconf 88' lang='lat' dir='ltr'><strong>kl</strong></span> <span class='ocrx_word' id='word_1_307' title='bbox 1252 4300 1312 4355; x_wconf 83' lang='lat' dir='ltr'><strong>febr</strong></span> <span class='ocrx_word' id='word_1_308' title='bbox 1328 4301 1367 4358; x_wconf 84' lang='lat' dir='ltr'><strong>·D</strong></span> 
     </span>
     <span class='ocr_line' id='line_1_38' title="bbox 190 4376 1146 4463; baseline 0.007 -22"><span class='ocrx_word' id='word_1_309' title='bbox 190 4376 343 4446; x_wconf 73' lang='lat' dir='ltr'><strong>astracani</strong></span> <span class='ocrx_word' id='word_1_310' title='bbox 360 4394 387 4449; x_wconf 98' lang='grc' dir='ltr'><em>Β</em></span> <span class='ocrx_word' id='word_1_311' title='bbox 463 4400 495 4449; x_wconf 82' lang='lat' dir='ltr'><strong>&#39;ll</strong></span> <span class='ocrx_word' id='word_1_312' title='bbox 513 4393 610 4450; x_wconf 83' lang='lat' dir='ltr'><strong>leolD</strong></span> <span class='ocrx_word' id='word_1_313' title='bbox 679 4397 711 4447; x_wconf 81' lang='grc'><strong>27</strong></span> <span class='ocrx_word' id='word_1_314' title='bbox 733 4392 895 4463; x_wconf 80' lang='lat' dir='ltr'><strong>prqdrxrtD</strong></span> <span class='ocrx_word' id='word_1_315' title='bbox 964 4397 994 4446; x_wconf 84' lang='lat'><strong>31</strong></span> <span class='ocrx_word' id='word_1_316' title='bbox 1014 4392 1102 4448; x_wconf 82' lang='lat' dir='ltr'><strong>reholl</strong></span> <span class='ocrx_word' id='word_1_317' title='bbox 1119 4392 1146 4447; x_wconf 98' lang='grc' dir='ltr'><em>Β</em></span> 
     </span>
    </p>
   </div>
   <div class='ocr_carea' id='block_1_5' title="bbox 0 0 1423 5394">
    <p class='ocr_par' dir='ltr' id='par_1_6' title="bbox 0 0 1423 5394">
     <span class='ocr_line' id='line_1_39' title="bbox 0 0 1423 5394; baseline 0 0"><span class='ocrx_word' id='word_1_318' title='bbox 0 0 1423 5394; x_wconf 95' lang='lat' dir='ltr'><strong> </strong></span> 
     </span>
    </p>
   </div>
  </div>
 </body>
</html>
