2834 5394
543 757 617 809 ens.
638 756 852 807 xxm-nrum
1221 742 1284 806 toa

112 928 206 976 suum
228 908 360 993 recepit.
405 928 516 977 uerum
536 910 661 977 Narses
682 909 845 976 rediturus
867 908 910 974 ad
931 909 1065 995 propria
1080 906 1217 975 chosroi
1239 906 1287 972 di-

112 1019 205 1084 cebat
233 1017 371 1086 ‘memor
399 1019 446 1087 sis
467 1018 631 1086 Ohosroes
653 1019 836 1105 praesentis
863 1016 945 1103 diei,
982 1018 1119 1085 Romani
1147 1017 1206 1083 tibi
1234 1035 1284 1084 re·

110 1150 209 1213 gnum
232 1128 374 1195 donant'
416 1129 527 1195 atille
548 1129 784 1195 fraudulentam
807 1128 1000 1196 occisionem
1024 1135 1171 1194 metuens
1192 1126 1287 1212 petiit

112 1257 133 1304 a
153 1238 309 1305 Mauricio
330 1239 419 1305 mille
440 1241 604 1305 Romanos
634 1239 668 1304 in
690 1239 870 1306 custodiam
893 1239 942 1305 sui
965 1236 1144 1305 habendos.
1188 1256 1284 1322 porro

80 1348 287 1415 ellanricius
319 1367 390 1413 eum
423 1347 629 1419 dilectionem
663 1347 799 1415 haberet
832 1369 911 1433 erga
945 1349 1118 1415 barbarum
1150 1347 1284 1412 multam

112 1458 361 1543 postulationem
383 1459 455 1525 eius
476 1458 661 1543 compleuit,
696 1459 806 1543 sicque
827 1460 993 1527 Persicum
1015 1465 1048 1525 et
1068 1460 1285 1524 Romanorum

110 1568 231 1634 bellum
253 1568 404 1635 cessauit.

196 1679 326 1745 Interea
347 1678 563 1743 sollemnitate
577 1677 729 1744 Paschali
752 1678 902 1745 ueniente
924 1685 1094 1745 coronatus
1115 1685 1165 1744 est
1178 1674 1284 1743 Theo·
1304 1667 1406 1737 XXII

112 1787 226 1855 dosius
248 1788 335 1855 lilius
349 1787 495 1852 llaurieii
518 1806 539 1852 a
554 1786 700 1855 Iohanne
715 1788 901 1873 patriarcha
916 1786 1283 1872 Constantinopolitano.

64 1897 291 1982 accedentque
327 1917 414 1963 anno
457 1898 633 1983 imperator
668 1899 843 1965 Mauricius
890 1898 1059 1965 eeclesiam
1102 1902 1286 1964 sanctorum

112 2007 329 2093 quadraginta
359 2015 544 2093 martyrum,
575 2028 670 2091 quam
700 2008 807 2093 coepit
828 2007 1002 2074 aedificare
1023 2006 1184 2086 Tiberius,
1212 2022 1285 2070 con·

111 2118 294 2186 summanit.

195 2229 326 2294 Interea
354 2246 426 2292 cum
453 2227 614 2312 profunda
642 2227 798 2294 orientem
827 2247 893 2312 prex
920 2235 1125 2312 occupasset,
1164 2223 1283 2291 bellum

111 2339 198 2404 eirca
219 2340 382 2422 Europam
404 2338 578 2401 Auaricum
607 2337 822 2403 incumbebat.
866 2337 1004 2422 ideoque
1031 2337 1204 2422 imperator
1224 2352 1282 2419 po-

64 2452 94 2503 ¹⁵
111 2455 254 2515 tentatus
276 2447 318 2513 ab
341 2448 464 2512 oriente
486 2448 519 2512 in
542 2448 701 2514 'I'lrraccm
723 2447 917 2514 transduxit.
962 2467 1048 2513 anno
1077 2444 1204 2531 imperii
1232 2444 1284 2513 sui

110 2578 198 2625 nono
227 2577 299 2623 cum
330 2576 385 2622 uer
412 2557 570 2640 inciperet
591 2564 623 2623 et
645 2558 777 2641 agmina
799 2559 1025 2643 peruenissent
1046 2556 1088 2622 ad
1110 2556 1279 2635 Thracem,

109 2668 213 2735 exiuit
233 2686 305 2731 cum
327 2667 375 2733 eis
390 2666 565 2732 Mauricius
576 2666 701 2737 ‚uidere
724 2687 807 2752 quae
826 2654 1010 2734 abarbaris
1025 2673 1136 2734 esseut
1157 2684 1281 2733 euersa

109 2778 258 2862 Augusta
287 2795 363 2842 uero
392 2785 423 2842 et
452 2777 638 2860 patriarcha
665 2785 696 2843 et
719 2785 851 2845 senatus
874 2778 1033 2861 rogabant
1054 2777 1281 2860 imperatorem

110 2907 152 2955 ne
173 2906 232 2972 per
254 2892 357 2953 semet
383 2886 490 2970 ipsum
513 2886 632 2951 bellum
655 2887 751 2953 iniret
774 2886 831 2954 sed
853 2888 959 2971 potius
982 2886 1015 2950 id
1036 2884 1178 2970 praetori
1200 2901 1283 2947 com·

61 3002 95 3055 2⁰
112 2998 260 3063 mitteret.
305 3004 356 3063 ast
378 2997 553 3080 imperator
575 3016 640 3062 uon
662 2996 837 3080 adquieuit.
883 3003 1021 3063 exeunte
1048 3000 1156 3059 autem
1179 3011 1217 3058 eo
1239 2990 1282 3058 ad

111 3107 311 3193 Septimium,
336 3107 414 3173 solis
437 3106 569 3189 eclipsis
592 3107 677 3172 laeta
699 3113 757 3172 est.
802 3126 938 3191 eumque
966 3105 1054 3191 apud
1075 3103 1212 3188 Regium
1234 3122 1283 3171 es·

109 3225 174 3300 set,
209 3236 386 3302 pauperum
420 3216 641 3283 multitudines
674 3217 821 3302 pecuniis
853 3216 1019 3282 animauit.
1069 3234 1141 3281 cum
1174 3219 1282 3280 autem

110 3335 261 3393 uenatum
285 3334 443 3410 pergeret,
466 3346 522 3392 sus
545 3327 703 3393 siluestris
726 3325 822 3393 ualde
844 3326 979 3411 grandIs
1000 3327 1155 3410 impetum
1170 3329 1283 3389 contra

110 3436 283 3503 Caesarem
307 3437 391 3501 lecit.
436 3456 537 3520 equitus
561 3457 638 3502 uero
667 3435 709 3500 ob
729 3443 883 3502 terrorem
906 3436 1052 3502 miraculi
1075 3433 1180 3502 eicere
1201 3430 1282 3499 Cac-

61 3555 93 3606 25
110 3566 217 3614 sarem
242 3545 415 3611 nitebatur.
465 3545 585 3612 diutius
614 3566 691 3629 ergo
719 3548 930 3614 tumultuatus
958 3546 1132 3614 Caesarem
1161 3545 1282 3610 iactare

109 3656 263 3741 nequiuit.
308 3656 418 3738 itaque
441 3678 497 3723 sus
520 3677 540 3721 a
563 3657 692 3722 nemine
714 3657 877 3742 accipiens
905 3658 1002 3723 ictum
1033 3655 1203 3724 abscessit
1247 3654 1281 3719 in

110 3766 297 3843 Perinthum
320 3766 646 3850 praetercanauigio
669 3767 873 3834 iterfaciens
902 3767 1008 3835 uentis
1037 3765 1282 3834 uehementibus

108 3882 141 3941 et
172 3876 285 3960 pluuia
319 3877 403 3940 faeta
435 3876 608 3957 nautisque
640 3876 888 3961 desperantibus
922 3877 1046 3962 scapha
1077 3874 1281 3962 imperatoris

110 3985 337 4070 asportabatur
372 3985 418 4048 ita
454 3991 488 4049 ut
524 3986 690 4070 inopinate
721 3987 832 4054 saluus
866 3987 909 4052 ad
942 3987 1044 4052 locum
1078 3986 1132 4070 qui
1165 3983 1282 4049 dicitur

60 4106 92 4158 ³0
108 4096 271 4161 Daonium
294 4096 349 4160 uix
372 4095 505 4160 ueniret.
550 4103 644 4162 noete
666 4115 743 4161 uero
773 4097 830 4163 illa
857 4096 1046 4161 muliercula
1075 4092 1224 4181 pariebat
1250 4100 1282 4159 et

107 4224 204 4271 uoces
237 4204 440 4271 miserabiles
477 4204 654 4271 emittebat.
697 4224 832 4290 cumque
869 4224 965 4271 mane
1001 4205 1120 4271 factum
1156 4203 1280 4283 luisset,

108 4315 196 4383 misit
219 4316 394 4400 imperator
416 4313 528 4380 uidere
550 4313 630 4398 quid
652 4322 740 4383 esset
762 4316 848 4400 quod
871 4315 1043 4383 acciderat.
1087 4322 1119 4380 et
1148 4314 1280 4379 inuene-

108 4432 182 4490 runt
204 4445 339 4508 puerum
362 4432 476 4491 natrrm
499 4426 661 4489 oculorum
684 4432 715 4490 et
737 4426 965 4510 palpebrarum
988 4430 1129 4492 exortem
1153 4441 1282 4488 uranus·

176 4708 186 4755 t
208 4702 331 4757 chosrohr
358 4699 430 4765 (troh
449 4702 478 4756 ia
495 4708 560 4757 real
578 4699 605 4756 Ι)
706 4704 722 4753 t
741 4700 859 4756 abendoi
874 4700 900 4755 D
1002 4704 1018 4755 8
1037 4698 1239 4767 tollemplmtate
1255 4695 1282 4753 b

107 4801 134 4849 ll
156 4801 230 4865 ceprt
247 4794 274 4849 D
358 4794 479 4865 tyberrul
494 4794 521 4849 I)
624 4797 653 4847 21
674 4792 748 4865 apud
765 4809 876 4863 reguum
902 4792 929 4850 Ι)
1031 4796 1064 4847 tt
1082 4792 1117 4847 ob
1135 4792 1164 4847 tn
1180 4806 1235 4847 ras.
1254 4788 1282 4846 l>

104 4892 137 4943 tt
155 4890 192 4952 in]
211 4902 247 4940 rm
265 4886 291 4941 Il
359 4892 392 4943 29
411 4892 521 4959 opinate
537 4886 564 4943 Ι)
641 4891 673 4942 33
695 4887 896 4959 palpebrarum
913 4884 941 4942 Ι)

1019 4989 1075 5043 26*
