2834 5394
198 236 259 298 oet
688 250 780 298 amru
801 250 886 298 xxm

197 402 282 467 lacta
310 409 359 467 ost
386 406 418 466 et
445 398 579 465 donauit
607 400 813 484 patriarchae
840 399 910 467 auri
939 400 1044 468 libras
1074 402 1347 488 quinquaginta
1381 412 1409 470 et

198 513 284 577 clere
315 512 430 594 uiginti
453 511 603 594 qrrinque.
647 532 720 576 cum
755 512 841 577 enirn
872 517 959 577 essct
991 514 1238 595 magnanimis
1279 523 1316 580 et
1350 537 1408 580 uon

199 642 328 697 auarus,
367 641 478 687 omnes
510 621 695 688 consolatus
728 629 777 686 est
809 623 863 706 qui
885 620 1064 705 Nicephori
1095 625 1260 690 auaritia
1291 626 1409 690 inerint

196 732 278 798 laesi
300 731 458 814 denisque
480 736 628 798 senatum
652 750 690 795 ac
712 732 859 795 militiam
882 732 1051 796 recreauit.

78 837 179 905 XXX
287 842 386 906 Perre
408 848 520 925 quarto
542 841 616 907 idus
638 840 808 906 Octobrias
830 848 983 906 coronata
1005 847 1056 907 est
1080 843 1265 929 Procopia
1290 846 1327 911 iu
1343 847 1408 910 Tri·

198 952 296 1017 clinio
323 952 507 1033 augusteos
544 951 716 1035 multisque
748 949 844 1017 donis
880 958 1027 1017 senatum
1060 952 1270 1021 liberaliter
1311 957 1408 1021 auxit.

198 1061 386 1126 mulieribus
410 1081 487 1126 uere
509 1061 753 1126 thematicorum
775 1061 911 1127 militum
935 1062 989 1145 qui
1012 1062 1151 1127 luerunt
1178 1065 1219 1130 in
1251 1066 1410 1151 Bulgaria

198 1170 357 1255 perempti
394 1171 536 1254 quinque
572 1170 642 1235 auri
678 1171 803 1236 talenta
838 1171 982 1236 donauit.
1027 1171 1258 1257 Theophane
1300 1183 1408 1241 autem

199 1299 329 1345 uxerem
352 1280 512 1346 Stauraeii
534 1280 730 1363 singularem
753 1281 853 1345 uitam
882 1281 1065 1364 amplexam
1097 1289 1133 1346 et
1166 1292 1347 1368 cognatos
1375 1288 1409 1351 il·

198 1390 273 1470 lius,
310 1391 365 1474 qui
394 1390 621 1457 miserabiliter
644 1391 704 1456 sub
725 1389 909 1474 Nicephoro
933 1391 1085 1456 uixerant
1109 1391 1261 1460 ditauit.
1311 1399 1408 1463 inter-

186 1519 261 1585 'que
284 1501 350 1565 alia
371 1501 531 1584 insignem
555 1519 680 1584 queque
701 1498 830 1565 domum
853 1508 887 1566 et
900 1501 1134 1566 monasterium
1151 1505 1215 1568 Ta
1232 1506 1408 1573 Hebraioa

198 1610 317 1676 dictum
340 1611 396 1675 ubi
418 1611 605 1677 Stauraoius
627 1616 677 1675 est
698 1611 843 1694 sepultus
865 1610 912 1675 illi
935 1611 1106 1676 conoessit.
1154 1632 1291 1682 omncs
1307 1619 1408 1684 etiam

197 1721 350 1805 patricios
373 1727 405 1785 et
426 1728 593 1786 senatores
615 1718 799 1786 sacerdotes
822 1739 861 1785 ac
883 1741 1023 1787 summos
1046 1721 1253 1792 sacerdotes
1279 1736 1317 1792 et
1340 1748 1407 1792 me

196 1830 318 1896 nachos
348 1830 523 1896 militantes
552 1837 584 1894 et
611 1848 771 1915 pauperes
815 1838 880 1895 tam
918 1831 952 1896 in
986 1830 1078 1913 rogia
1106 1831 1196 1898 urbe
1231 1857 1343 1919 quam
1373 1838 1406 1903 iu

196 1939 392 2005 thematibus
415 1940 569 2021 <legentes
591 1939 800 2023 loeupletauit
821 1938 904 2005 adeo
933 1947 968 2004 ut
995 1940 1293 2012 immensurabilis
1325 1968 1404 2014 aua-

197 2048 272 2112 ritia
293 2048 477 2131 Nicephori,
502 2056 751 2133 propterquam
774 2055 805 2114 et
827 2050 911 2116 male
934 2049 1039 2135 periit,
1062 2050 1096 2113 iu
1118 2055 1248 2135 paneis
1274 2056 1402 2125 diebus

199 2157 400 2241 disparuisse
421 2157 621 2242 prebaretur.

64 2266 179 2334 XXXI
286 2268 391 2352 Super
413 2268 530 2334 multos
553 2276 723 2352 praeterea
744 2269 882 2354 optimos
904 2290 1010 2335 mores
1027 2289 1103 2335 suos
1118 2288 1193 2334 oum
1212 2275 1399 2358 piissimus

197 2384 230 2444 et
240 2377 530 2444 orthodoxissimos
543 2386 638 2459 esset,
654 2379 844 2445 tristabatur
861 2379 1020 2464 superbis
1033 2379 1246 2463 quiasanota
1260 2386 1397 2452 scinde-

197 2488 291 2554 batur
311 2489 450 2555 ecclesia
465 2508 664 2573 quacumque
682 2490 849 2555 occasione
866 2491 937 2556 siue
957 2490 1141 2554 rationabili
1163 2492 1238 2554 riae
1255 2496 1394 2559 arratio

196 2598 502 2681 nobilr'multumque
518 2599 755 2666 sanctissimum
770 2599 987 2682 patriarcham
1010 2605 1042 2664 et
1064 2618 1120 2664 eos
1142 2601 1198 2681 qui
1225 2612 1392 2687 poterant

197 2728 255 2793 pro
277 2709 436 2772 cermmmi
451 2728 531 2793 pace
552 2729 739 2774 concurrere
762 2729 881 2793 rogans
903 2730 968 2775 non
984 2708 1172 2794 quiescebat
1193 2711 1286 2778 inter
1302 2736 1388 2799 quos

196 2827 229 2884 et
249 2818 453 2884 Theodorum
476 2819 675 2902 Egomenum
692 2819 798 2886 Stadii
819 2827 851 2885 et
872 2821 1038 2884 Platonem
1062 2825 1158 2901 atque
1180 2820 1306 2907 Ioseph
1334 2846 1387 2890 ar·

195 2928 435 3012 ohiepisoopum
458 2928 783 2996 Thessalonicensem
805 2930 936 2995 fratrem
959 2928 1121 2994 Theodori
1154 2930 1189 2993 iu
1212 2934 1383 3001 eustodiis

196 3039 342 3103 detentos
365 3038 487 3104 amaris
510 3059 575 3102 una
597 3057 669 3102 oum
691 3039 892 3124 principibus
915 3059 1041 3123 quoque
1056 3041 1245 3104 monasterii
1262 3062 1379 3109 eorum
1415 3076 1417 3078 ·

195 3147 366 3226 satagebat
399 3148 501 3211 unire.
546 3146 631 3230 quod
663 3156 696 3213 et
729 3150 813 3214 feeit.
857 3158 996 3215 ceterum
1028 3149 1116 3214 misit
1147 3148 1189 3213 ad
1213 3149 1379 3218 Karolum

194 3257 420 3341 imperatorem
443 3257 638 3321 Francorum
667 3279 726 3343 pre
750 3278 829 3344 paee
858 3266 954 3342 atque
976 3264 1159 3325 construetu
1181 3263 1378 3343 nuptiarum

194 3367 229 3432 in
252 3367 530 3452 Theophylactum
552 3367 653 3432 filium
677 3390 779 3436 suum.
822 3369 1026 3455 Nicephorus
1049 3388 1176 3452 quoque
1206 3375 1380 3439 sanctissi-

196 3500 266 3545 mus
289 3478 475 3562 patriarcha
503 3479 681 3546 transmisit
711 3481 885 3565 synodicas
913 3481 1037 3546 litteras
1068 3478 1111 3543 ad
1133 3479 1276 3544 Leonem
1300 3502 1379 3549 san·

195 3591 372 3656 ctissimum
407 3582 525 3675 papam
558 3592 747 3657 Romanum.
802 3597 900 3657 antea
933 3589 1052 3674 quippe
1084 3588 1224 3654 faciendi
1254 3589 1319 3656 hoo
1355 3613 1378 3658 a
1405 3623 1417 3655 4ι

195 3700 378 3783 Nicephero
401 3700 643 3786 prohibebatur.

260 4096 486 4153 auocaret-1)
588 4094 788 4164 tuulganall
906 4091 1120 4163 8Thoopheuu'
1134 4090 1161 4146 D
1266 4095 1373 4151 ltalia

192 4191 287 4247 om.D
338 4190 370 4256 d]
388 4189 460 4245 mD
528 4187 719 4245 bebrahrocD
813 4190 843 4241 1⁹
860 4184 998 4242 louotell
1098 4188 1133 4239 20
1149 4184 1207 4238 siue
1223 4184 1375 4244 irrationa-

192 4284 238 4338 bili
263 4302 313 4339 om.
338 4284 408 4345 tole
511 4287 543 4339 2³
566 4281 713 4339 theodoriti
735 4264 887 4351 eumd
911 4274 941 4335 D
1040 4280 1075 4333 tt
1100 4260 1312 4335 dordonensi
1343 4281 1377 4336 Ι)

191 4380 224 4431 28
242 4349 468 4445 theopbrlactdll
