2834 5394
539 54 549 79 ‘
592 78 605 91 ¹-

566 100 596 131 '0

10 39 1028 343 u

555 669 629 718 car.
652 668 762 716 nr-vr
1180 659 1243 722 509

68 830 102 893 in
124 825 315 893 Romaniam
337 825 386 891 ire
407 823 450 890 ad
471 824 621 891 Alaniam
644 823 810 890 uenimus!
853 829 886 888 et
906 822 989 890 dixit
1010 822 1054 889 ad
1076 843 1132 891 eos
1156 823 1244 909 ‘quid

69 938 224 1004 iaciemus
247 935 379 1002 modoi'
401 936 456 1021 qni
478 933 629 1001 dixerunt
650 934 718 1019 ‘per
740 933 904 1016 regionem
926 933 1022 1000 istarn
1043 934 1245 1019 impossibile

71 1056 121 1116 est
147 1047 286 1114 transire
314 1046 393 1113 nos!
435 1052 470 1114 at
498 1065 574 1112 uero
602 1043 795 1130 Spatharius
823 1042 870 1108 ait
898 1041 979 1111 ‘non
1012 1051 1062 1111 est
1088 1045 1245 1130 possibile

72 1181 131 1246 per
161 1159 259 1224 aliam
288 1157 396 1224 exire?
439 1163 579 1223 castrum
607 1174 685 1240 ergo
717 1160 788 1220 erat
814 1153 882 1220 illic
909 1156 1169 1239 cognominatum
1197 1156 1246 1223 Si·

38 1268 195 1336 odarum.
239 1268 274 1335 in
296 1289 359 1354 quo
380 1268 444 1333 loci
465 1273 612 1333 seruator
633 1265 815 1331 habebatur
836 1264 968 1349 quidam
990 1265 1246 1335 Pharasmanius

74 1380 205 1446 nomine
234 1380 294 1446 sub
320 1378 447 1444 dicione
469 1377 703 1444 Saracenorum
733 1376 930 1457 consistens,
959 1395 1072 1460 pacem
1094 1396 1167 1443 cum
1189 1377 1246 1443 Ar·

72 1490 188 1556 meniis
209 1488 345 1556 habens.
388 1489 486 1554 mittit
507 1489 615 1571 itaque
637 1486 830 1572 Spatharius
852 1492 885 1553 et
906 1485 1067 1570 significat
1089 1488 1121 1554 ei
1135 1486 1247 1556 diceus

74 1601 180 1684 ‘quarn
202 1598 258 1665 diu
279 1618 392 1684 pacem
414 1618 486 1665 cum
508 1597 671 1665 Armeniis
694 1597 806 1678 habes,
828 1596 993 1682 paciscere
1015 1604 1048 1664 et
1069 1617 1193 1664 mecum
1216 1608 1249 1667 et

74 1718 143 1777 esto
165 1710 226 1777 sub
247 1729 347 1794 regno
369 1728 441 1775 mec
463 1716 495 1775 et
516 1709 560 1774 da
581 1707 676 1775 nobis
691 1707 846 1774 auxilium
865 1707 1084 1775 descendendi
1100 1708 1144 1775 ad
1157 1728 1247 1777 mare

27 1831 57 1880 10
75 1830 106 1886 ct
127 1819 317 1887 transeundi
338 1818 381 1884 ad
403 1819 714 1904 Trapezuntcnsium
743 1819 832 1884 loca'
874 1837 914 1884 eo
935 1837 1012 1884 uero
1034 1825 1165 1903 patrare
1186 1818 1247 1886 hoe
1284 1799 1287 1806 ¹

75 1951 139 1997 non
161 1936 361 2016 proponente
382 1929 480 1995 mittit
496 1928 690 2014 Spatharius
712 1949 753 1995 ex
775 1927 960 1994 horninibus
981 1929 1050 1996 suis
1072 1929 1114 1995 ad
1135 1929 1249 1996 Arme·

74 2041 147 2108 nios
169 2041 374 2126 praecipiens
397 2041 446 2106 eis
467 2047 502 2105 ut
523 2039 666 2105 facerent
681 2039 924 2105 occultationem
946 2045 978 2105 et
1000 2037 1082 2105 ‘curn
1105 2039 1250 2106 exierint

77 2151 180 2235 inquit
211 2149 238 2216 ‘e
260 2158 366 2218 castro
395 2149 438 2216 ad
466 2150 618 2230 laborem,
642 2149 748 2234 capite
771 2168 812 2214 ex
834 2149 882 2215 eis
904 2156 1060 2234 quotquot
1080 2149 1249 2235 potueritis

78 2268 250 2346 portasque
272 2268 378 2328 tenete
405 2261 447 2326 ab
475 2259 528 2327 his
550 2260 604 2345 qui
628 2259 705 2326 toris
734 2266 809 2326 sunt
837 2257 939 2325 donec
960 2266 993 2325 et
1014 2280 1074 2327 nos
1103 2261 1251 2346 perueni-

32 2384 61 2433 15
78 2372 189 2454 amus‚'
210 2372 327 2454 quibus
350 2371 544 2439 abeuntibus
566 2377 598 2437 et
619 2370 812 2438 iacientibus
834 2370 1080 2437 occultationem
1102 2390 1173 2437 curn
1195 2392 1250 2457 po

77 2483 173 2567 pulus
196 2490 283 2550 esset
304 2481 348 2548 ad
369 2482 513 2548 laborem
536 2500 697 2566 egressus,
721 2480 826 2547 subito
848 2480 1006 2547 irruentes
1028 2487 1061 2546 et
1074 2489 1185 2567 portas
1206 2489 1252 2549 tc·

77 2600 216 2658 nuerunt
237 2600 269 2658 et
290 2594 407 2659 multos
428 2599 591 2677 ceperunt.

163 2701 242 2766 Cum
266 2710 372 2768 autem
387 2701 641 2768 Pharasmanius
663 2701 696 2766 in
719 2708 825 2768 castro
840 2720 911 2765 cunr
934 2701 1046 2784 paucis
1067 2701 1250 2786 mansisset,
1274 2708 1320 2776 VI

79 2812 226 2894 peruenit
253 2813 351 2877 etiam
379 2818 411 2876 et
438 2809 630 2896 Spatharius
660 2817 693 2875 et
713 2812 918 2894 praelocutus
948 2814 999 2875 est
1020 2828 1091 2873 cum
1114 2810 1253 2878 Pharas-

30 2934 62 2984 20
80 2921 187 2985 manio
215 2928 250 2986 ut
272 2923 412 3007 aperiret
433 2939 505 2986 cum
532 2938 629 3005 pace:
658 2920 769 3001 noluit,
798 2919 857 2986 sed
885 2919 1089 2984 coaceruauit
1118 2922 1251 2988 bellum.

80 3053 190 3097 uerum
214 3051 285 3097 cum
308 3038 447 3098 castrum
469 3030 625 3096 munitum
647 3035 749 3113 esset,
779 3048 896 3115 capere
923 3028 957 3094 id
985 3030 1117 3098 minime
1144 3038 1253 3117 potue

80 3149 163 3207 runt
207 3142 351 3208 Marinus
374 3161 451 3207 uero
473 3141 597 3225 primus
619 3140 850 3225 Apsiliensium
879 3159 951 3205 cum
979 3140 1149 3211 didicisset
1168 3142 1255 3228 quod

79 3261 219 3318 castrum
241 3258 490 3337 expugnaretur,
513 3251 627 3317 timore
649 3250 798 3316 detentus
829 3256 878 3317 est
908 3251 1098 3320 existimans
1120 3253 1255 3319 multum

80 3384 153 3430 esse
176 3383 247 3428 cum
270 3363 444 3449 Spathario
465 3364 619 3449 populum
643 3368 675 3427 ct
696 3360 833 3446 sumptis
856 3380 964 3427 secum
992 3363 1144 3430 trecentis
1175 3362 1256 3429 abiit

32 3488 64 3539 na
81 3474 124 3538 ad
139 3473 346 3560 spatharium
362 3472 474 3540 dicens
491 3471 566 3557 ‘ego
581 3481 614 3539 te
636 3473 762 3539 saluum
785 3470 866 3536 duco
888 3491 990 3556 usque
1013 3472 1055 3538 ad
1079 3474 1256 3539 maritima'

82 3592 114 3648 at
146 3602 222 3648 uero
251 3584 503 3650 Pharasmanius
537 3583 609 3650 uisa
642 3583 837 3649 necessitate
865 3582 908 3648 ad
936 3583 1145 3668 Spatharium
1174 3584 1257 3651 dixit

83 3697 183 3759 ‘sume
216 3695 316 3758 filium
350 3713 457 3759 meum
488 3693 634 3760 obsidem
667 3700 700 3759 et
726 3693 878 3778 profiteor
910 3693 1044 3779 imperio
1073 3693 1257 3761 deseruire.’

83 3804 137 3887 qui
160 3810 286 3889 recepto
309 3811 384 3869 nato
407 3804 477 3871 eius
491 3803 569 3869 dicit
584 3803 615 3869 ei
631 3804 769 3888 ‘qualem
786 3823 916 3869 seruum
934 3804 1087 3888 teipsum
1102 3804 1256 3890 perhibes

83 3915 160 3998 quia
193 3915 337 3981 inclusus
367 3933 438 3978 cum
467 3915 513 3981 sis
541 3914 683 3997 loqueris
711 3913 829 3980 nobis?
863 3913 1063 3998 impossibile
1091 3915 1185 3981 nobis
1207 3922 1258 3983 est

34 4039 66 4089 ao
83 4024 251 4090 discedere
283 4024 385 4089 donec
407 4032 547 4091 castrum
570 4025 755 4109 capiamus!
798 4031 873 4089 tunc
903 4023 981 4088 dicit
1002 4023 1257 4092 Pharasmanius

84 4135 136 4200 ‘da
158 4134 237 4200 milri
259 4134 410 4199 uerbum.'
432 4140 465 4199 at
487 4154 564 4200 uero
587 4133 780 4220 Spatharius
802 4132 892 4200 dedit
913 4133 944 4199 ei
966 4133 1100 4200 uerbum
1122 4132 1204 4199 nihil
1226 4134 1257 4201 ei

83 4245 229 4312 nocendi.
274 4244 332 4311 sed
354 4264 426 4310 cunr
449 4244 581 4328 triginta
595 4245 650 4330 qui
667 4265 731 4311 una
746 4264 854 4311 secum
869 4242 1143 4328 ingrediebantur,
1165 4264 1258 4330 prae

85 4356 170 4441 cepit
192 4356 304 4422 dicens
328 4353 413 4420 ‘mox
433 4362 471 4420 ut
491 4355 632 4438 ingressi
654 4355 818 4437 fuerimus,
843 4361 950 4421 tenete
972 4364 1082 4440 portas
1107 4361 1139 4421 et
1160 4357 1256 4421 intro·

152 4628 167 4676 4
194 4631 409 4693 cognominatum
435 4655 469 4663 —
495 4629 510 4677 5
537 4624 590 4679 locr
616 4625 645 4679 ἐκ
668 4623 725 4692 fiae
752 4638 824 4678 cers.
848 4638 899 4677 om.
927 4622 954 4678 Ι)
1063 4629 1079 4679 6
1107 4624 1207 4681 drtrone
1233 4625 1260 4681 Ι)

85 4722 100 4769 o
128 4716 252 4771 deroenur
277 4717 304 4773 ι)
422 4722 449 4771 ιι
475 4717 518 4784 au]
544 4717 625 4773 eto
746 4720 778 4770 ιε
806 4714 906 4771 facore
932 4716 959 4772 1>
1063 4723 1094 4772 rc
1112 4699 1259 4774 rasorio

84 4792 207 4882 portoiD
275 4815 307 4866 ²2
326 4792 511 4867 ablrlenlniD
579 4816 612 4867 3⁰
629 4808 862 4882 pharamundo
929 4815 962 4866 32
979 4817 1120 4883 praecepit
1137 4827 1189 4867 om.
1206 4810 1234 4868 Ι)
