2834 5394
171 236 234 301 518
655 251 747 298 maru
769 251 859 299 xxm

171 422 255 488 quae
270 403 371 469 Sacra
392 401 508 467 dicitur
529 401 679 485 copulata
700 408 751 468 est
772 400 915 469 nondum
937 401 1029 485 prius
1051 401 1210 470 existens.
1242 421 1360 469 uerum

171 514 254 582 sicut
282 511 467 598 praedictae
488 511 598 579 Thera
626 512 748 579 scilicet
777 519 810 579 et
838 512 999 579 Therasia
1026 511 1156 580 insulae
1185 511 1360 598 quondam

170 624 365 691 ebullierunt
385 623 432 689 ita
453 623 580 708 etipsa
601 641 687 689 nunc
708 623 907 707 temporibus
934 622 1086 690 uidelicet
1112 622 1360 709 impugnatoris

171 734 225 802 dei
246 735 366 802 Leonis
394 733 449 818 qui
476 733 621 800 diuinam
648 733 731 799 iram
758 740 872 800 contra
898 752 935 801 se
961 754 1022 819 pro
1044 752 1080 801 se
1106 733 1175 800 iore
1197 733 1359 820 opinatus

171 844 389 932 impudentius
417 849 529 910 contra
555 834 700 912 sanctas
714 851 745 911 et
773 843 978 911 uenerabiles
1000 843 1162 928 imagines
1191 845 1390 929 proeliume

171 956 324 1024 excitauit
351 954 508 1037 collegam
540 960 572 1019 et
598 955 824 1021 auxiliatorem
853 954 980 1023 habens
1002 954 1103 1023 Beser
1130 953 1186 1020 dei
1209 954 1358 1040 abnega

172 1073 274 1132 torem
309 1072 342 1131 et
373 1064 408 1130 in
439 1064 720 1132 irrationabilitate
750 1064 814 1133 sibi
844 1065 1054 1132 simillimum.
1097 1065 1196 1131 ambo
1229 1066 1358 1152 quippe

172 1174 387 1242 ineruditione
418 1181 512 1241 erant
546 1180 579 1241 et
605 1175 903 1261 indisciplinatione
931 1175 1054 1257 referti,
1084 1195 1127 1242 ex
1154 1194 1223 1258 qua
1251 1177 1359 1243 mults

171 1286 328 1352 malorum
350 1305 472 1370 genera
494 1285 637 1352 ueniunt.
680 1285 794 1352 turbae
822 1292 930 1352 autem
960 1305 1043 1370 quae
1072 1285 1107 1351 in
1134 1286 1229 1370 regia
1260 1292 1357 1353 erant

171 1397 250 1463 urbe
272 1395 369 1463 ualde
389 1395 498 1465 tristes
520 1416 618 1482 super
642 1396 736 1464 nouis
758 1395 914 1464 doctrinis
943 1396 1078 1463 effectae
1107 1395 1357 1463 meditabantur
1372 1404 1401 1456 tc

171 1509 205 1575 in
235 1528 307 1574 eum
335 1508 503 1590 insurgere
530 1511 562 1572 et
590 1506 748 1589 quosdam
778 1508 887 1592 regios
908 1506 1056 1574 homines
1087 1505 1278 1573 occiderunt
1301 1506 1356 1573 clo

170 1618 251 1685 mini
279 1617 479 1702 deponentes
506 1617 602 1682 icona
628 1636 712 1700 quae
748 1636 847 1701 super
876 1637 1028 1700 magnam
1056 1636 1194 1684 aeneam
1222 1625 1356 1702 portam

170 1727 278 1817 posita
299 1727 489 1794 cernebatur
510 1726 591 1793 adeo
613 1733 648 1793 ut
671 1728 762 1793 multi
784 1747 894 1793 eornm
915 1748 974 1811 pro
996 1728 1133 1795 ueritate
1155 1728 1356 1814 punirentur

170 1837 386 1905 membrorum
409 1836 707 1904 detruncationibus
734 1845 766 1905 et
792 1836 905 1922 flagris
933 1846 966 1903 et
987 1838 1096 1905 exiliis
1118 1844 1150 1903 et
1171 1857 1284 1905 rerum
1308 1838 1355 1905 is·

171 1949 270 2015 cturis
292 1948 496 2031 maximeque
523 1947 571 2012 illi
600 1947 654 2031 qui
675 1947 845 2014 nobilitate
873 1967 912 2015 ac
941 1948 1042 2014 uerbo
1063 1948 1143 2014 clari
1164 1966 1239 2016 esse
1260 1947 1400 2017 uide-1⁸

173 2058 291 2125 bantm
318 2058 364 2122 ita
386 2062 421 2122 ut
442 2056 540 2122 etiarn
563 2056 778 2124 eruditionum
800 2057 928 2126 scholas
957 2065 990 2125 et
1022 2059 1112 2145 piam
1134 2057 1355 2125 eruditionem

172 2174 354 2235 assuetae
382 2167 558 2234 memoriae
587 2166 799 2235 Constantino
820 2169 939 2255 Magno
967 2169 1030 2235 huc
1058 2188 1160 2253 usque
1184 2176 1355 2235 seruatam

174 2277 383 2362 extingueret.
428 2278 520 2346 cuius
542 2277 693 2346 uidelicet
715 2299 787 2346 cum
808 2279 884 2347 aliis
905 2298 1032 2362 quoque
1052 2279 1161 2345 multis
1183 2278 1280 2346 bonis
1296 2278 1355 2347 de

174 2394 311 2457 structm
331 2388 401 2456 Leo
422 2388 526 2454 iactus
548 2395 598 2456 est
620 2388 690 2455 eius
712 2390 803 2457 ouius
825 2396 857 2457 et
878 2389 1031 2456 Saraceni
1054 2409 1171 2456 sensus
1192 2388 1354 2456 existam.

89 2493 156 2561 XX
262 2499 301 2566 In
328 2499 379 2567 bis
407 2519 484 2582 ergo
513 2500 583 2565 nelo
611 2499 721 2566 diuino
753 2500 831 2566 moti
866 2500 1101 2566 tumultuantur
1136 2505 1249 2565 contm
1276 2517 1356 2566 enm
1369 2507 1400 2561 tc

175 2630 296 2694 magna
316 2609 545 2693 congressione
571 2610 707 2677 nauales
735 2609 895 2678 exercitus
922 2610 1073 2676 concitati
1101 2617 1166 2676 tam
1188 2607 1356 2675 Helladici

176 2740 272 2803 quam
301 2718 336 2784 hi
365 2720 420 2804 qui
443 2719 618 2804 Cycladum
641 2720 769 2786 fuerant
795 2719 982 2786 insularum.
1026 2720 1219 2803 Agallianus
1242 2725 1356 2786 autem

175 2829 361 2896 turmarcha
381 2829 622 2896 Helladicorum
644 2836 715 2896 erat
735 2830 869 2897 militiae
891 2831 958 2896 dux
980 2830 1076 2898 simul
1104 2837 1136 2897 et
1164 2829 1356 2915 Stephanus

175 2940 231 3026 qui
271 2947 303 3007 ct
339 2942 449 3024 regiae
488 2939 752 3026 adproximantes
779 2941 852 3007 urbi
888 2948 1001 3025 quarto
1033 2941 1158 3007 decimo
1190 2939 1356 3007 kalendas

175 3049 279 3116 Maias
300 3048 445 3116 decimae
468 3049 654 3118 indictionis
677 3058 869 3136 superantur
899 3052 1063 3135 congressi
1087 3070 1159 3116 cum
1180 3051 1355 3135 Byzantiis
1372 3059 1403 3112 ὃ

174 3157 220 3224 ibi
250 3158 394 3225 confecto
422 3159 497 3242 igne
526 3159 668 3227 nauibus
689 3161 903 3228 concrematis
934 3168 965 3226 et
993 3162 1050 3227 alii
1082 3161 1212 3246 quidem
1235 3160 1356 3226 borum

174 3266 405 3351 demerguntur
427 3269 511 3334 inter
532 3289 613 3352 quos
635 3276 668 3335 et
689 3271 881 3354 Agallianus
904 3278 1048 3338 armatus
1071 3292 1106 3338 se
1129 3272 1235 3356 ipsum
1257 3291 1356 3354 prae·

173 3377 330 3463 cipitauit
360 3397 456 3461 porro
471 3379 699 3463 superstitibus
722 3381 765 3446 ad
780 3382 1007 3468 imperatorem
1022 3381 1256 3449 confluentibus
1272 3380 1356 3449 Cos·

173 3508 244 3555 mas
266 3493 299 3554 et
319 3488 506 3574 Stephanus
536 3489 672 3558 abscisis
695 3492 856 3576 capitibus
877 3493 1062 3579 puniuntur.
1107 3493 1222 3558 crescit
1242 3491 1355 3574 itaque

173 3598 299 3663 malitia
327 3599 445 3682 impius
466 3600 533 3666 Leo
556 3608 587 3666 ct
609 3603 820 3669 consentanei
848 3603 943 3669 huius
971 3610 1083 3669 contra
1113 3602 1266 3686 pietatem
1297 3622 1353 3668 ex·
1372 3609 1406 3661 ³⁰

178 3706 343 3773 tendendo
364 3711 631 3794 persecutionem.

71 3812 155 3881 XXI
261 3817 324 3886 Per
338 3821 498 3886 aestiuum
519 3840 596 3887 uero
612 3822 784 3889 solstitium
798 3821 895 3890 huius
910 3823 1054 3890 decimae
1070 3821 1254 3889 indictionis
1277 3828 1355 3906 post

243 4103 363 4169 libera]
381 4105 520 4161 tlrraceD
592 4107 769 4164 atherasral)
867 4107 1153 4177 Sdilcrplrnatronell
1244 4111 1353 4175 aregio

174 4193 210 4252 θ’
299 4202 327 4250 12
346 4188 471 4253 rcouaiIl
558 4204 589 4254 16
607 4199 776 4271 crudrtromb3
796 4201 922 4256 icolalI)
1013 4206 1043 4254 nl
1063 4201 1210 4257 naualrlI)
1287 4217 1353 4256 con·

175 4288 311 4344 cruataD
379 4296 411 4345 22
430 4293 554 4361 quamhr
573 4309 618 4361 qur
636 4293 732 4349 cm.D
833 4292 1069 4349 itturmachaD
1152 4298 1184 4348 24
1203 4283 1354 4351 kinsi-D

175 4383 208 4434 25
227 4381 350 4437 bizantul
365 4383 414 4438 irbi
432 4384 457 4438 D
