2834 5394
601 654 675 703 cnr.
699 651 806 698 vri-x
1223 637 1284 700 393

113 796 310 893 properandi
332 805 375 872 ad
398 805 526 872 bellum.
570 813 604 871 at
616 805 778 873 =Romanis
803 806 993 872 iuramentis
1017 804 1182 871 credulum
1211 826 1283 872 eum

114 916 324 984 reddentibus
352 935 388 984 sc
417 917 566 982 alacriter
592 917 777 999 bellaturos,
815 916 904 982 uenit
932 915 974 981 ad
1003 916 1206 981 anazarbon.
1250 925 1285 983 at

113 1047 190 1093 uero
213 1026 414 1112 Kardarigas
435 1027 496 1092 hoc
518 1033 680 1112 comperto
703 1026 782 1092 risui
804 1024 1001 1092 auditionem
1023 1026 1199 1104 mandauit,
1232 1047 1284 1095 so-

112 1138 233 1203 mnium
257 1155 330 1204 esse
352 1136 437 1221 quod
459 1136 625 1203 dicebatur
653 1137 801 1221 opinans.
845 1137 1074 1221 accersitisque
1102 1138 1208 1221 magis
1236 1138 1283 1204 in·

78 1248 299 1331 sterrogabat
328 1247 410 1332 ‘quis
439 1231 501 1313 erit
521 1248 675 1313 uictoriae
697 1247 884 1314 dominusl'
926 1254 979 1313 ast
999 1245 1191 1313 daemonum
1213 1249 1283 1333 pla·

112 1364 238 1425 catores
259 1359 377 1424 Persas
399 1359 587 1424 astruebant
608 1379 628 1422 a
650 1357 712 1424 diis
741 1358 908 1423 uictoriam
930 1359 1094 1424 allaturos.
1138 1359 1283 1424 exultant

112 1467 210 1552 igitur
231 1487 329 1552 super
351 1467 403 1534 his
425 1469 553 1551 Persae,
577 1488 741 1552 magorum
764 1468 840 1533 laeti
862 1468 1130 1551 promissionibus
1153 1467 1227 1533 iacti
1251 1474 1283 1534 et

111 1585 229 1663 parant
259 1580 411 1643 continuo
432 1578 604 1662 compedes
626 1596 667 1644 ex
688 1579 775 1662 ligno
805 1578 953 1659 ferroque
981 1577 1098 1661 quibus
1120 1579 1282 1644 Romanos

111 1688 308 1773 compeditos
340 1688 493 1753 uinoiant.
537 1696 666 1772 praetor
698 1695 802 1753 autem
836 1695 1015 1752 commonet
1045 1690 1208 1753 Romanos
1240 1707 1282 1754 ne

62 1808 257 1882 tungrorum
280 1799 409 1864 labores
432 1799 655 1874 exterminent,
679 1818 719 1863 ne
743 1799 867 1863 iustitia
889 1797 942 1862 dci
964 1817 1047 1880 quae
1070 1798 1189 1862 malum
1211 1797 1278 1862 odit

109 1908 277 1973 uictoriam
311 1907 353 1972 ad
387 1907 543 1974 barbaros
578 1909 759 1973 transierat.
803 1915 934 1992 postera
967 1927 1043 1990 ergo
1076 1906 1130 1970 die
1151 1913 1281 1991 praetor

110 2016 191 2083 duos
213 2017 324 2102 dirigit
350 2018 546 2102 phylarchos
568 2018 802 2084 Saracenorum
825 2025 858 2083 et
878 2018 1010 2102 capiunt
1030 2017 1148 2083 Persas
1171 2017 1281 2082 uiuen-

109 2133 158 2194 tes
187 2147 246 2213 per
273 2148 354 2212 quos
384 2136 488 2194 motus
517 2128 776 2195 aduersariorum
807 2127 997 2210 didicerunt,
1035 2127 1089 2209 qui
1111 2145 1280 2193 asseruere

109 2236 270 2303 dominico
292 2239 345 2303 die
368 2240 452 2304 uelle
473 2238 630 2304 barbaros
651 2239 684 2303 in
707 2240 869 2304 Romanos
891 2240 1022 2304 irruere.

61 2364 93 2413 15
194 2349 294 2413 Porro
308 2348 507 2433 Philippicas
530 2348 670 2414 diluculo
692 2342 878 2414 ualedicens
893 2349 1057 2429 Romanis,
1079 2347 1183 2414 tribus
1198 2346 1276 2432 pha·
1296 2355 1329 2421 Χ

109 2458 260 2542 langibus
291 2460 429 2523 occurrit
468 2458 510 2523 ad
549 2460 705 2543 proelium
739 2460 873 2543 ipseque
907 2466 1075 2543 assumpto
1106 2458 1159 2523 dei
1192 2458 1278 2523 uirili

108 2568 221 2649 iorma,
255 2589 350 2653 quam
380 2566 639 2654 ἀχειροποίητον
668 2568 702 2633 id
725 2577 859 2635 estnon
885 2590 980 2634 manu
1003 2569 1119 2633 iactam
1142 2567 1278 2633 Romani

109 2678 307 2763 praedicant,
331 2676 516 2744 discurrens
539 2699 596 2762 per
618 2680 706 2744 acies
729 2680 862 2744 armatis
877 2678 1022 2743 diuinam
1038 2678 1281 2762 impertiebatur

110 2788 270 2854 uirtutem.
316 2796 348 2854 et
376 2794 466 2854 stans
495 2798 568 2872 post
595 2790 697 2854 aciem
727 2789 808 2853 bace
837 2789 978 2853 retinens
1001 2808 1101 2867 arma,
1138 2786 1280 2852 lacrimis

58 2911 94 2962 20
110 2898 219 2964 multis
241 2898 335 2963 deum
358 2898 518 2982 placabat,
548 2900 602 2981 qui
625 2900 811 2965 caelestium
834 2897 981 2963 ordinum
1002 2897 1166 2982 principes
1189 2896 1281 2960 auxi·

109 3008 242 3073 lictores
275 3009 461 3091 assumpsit.
507 3027 577 3073 eum
611 3016 718 3073 autem
750 3008 868 3073 bellum
900 3015 1058 3091 ageretur,
1094 3007 1278 3072 Vitalianus

108 3118 259 3202 princeps
282 3119 364 3182 aciei
397 3137 475 3201 prae
497 3119 646 3185 omnibus
668 3117 825 3184 audacius
853 3126 957 3184 motus
986 3117 1184 3202 pbalangem
1205 3118 1280 3183 Per·

108 3248 215 3293 aarum
239 3226 377 3312 disrupit
399 3235 431 3293 et
453 3229 612 3294 sarcinam
636 3230 717 3294 tulit.
762 3229 899 3293 Romani
922 3236 1028 3293 autem
1057 3229 1143 3292 circa
1171 3227 1276 3312 spolia

107 3356 241 3422 coepere
273 3357 399 3402 uacare.
444 3358 524 3422 quos
561 3338 722 3423 aspiciens
745 3338 945 3423 Philippices
981 3358 1022 3404 ne
1058 3337 1101 3403 ad
1137 3336 1273 3402 exuuias

59 3458 89 3508 aa
107 3447 204 3512 etiam
234 3448 348 3531 reliqui
379 3449 499 3514 reuersi
530 3450 641 3533 proelii
672 3449 939 3515 obliuiscerentur
968 3448 1179 3532 conuersique
1207 3447 1277 3511 bar·

108 3557 176 3621 bari
210 3556 382 3642 perderent
415 3576 480 3640 eos,
518 3558 688 3624 Theodoro
717 3559 861 3624 Hilibino
893 3560 989 3643 galea
1021 3579 1081 3625 sua
1112 3559 1272 3643 imposita,

109 3667 196 3733 misit
217 3667 328 3750 gladio
351 3676 516 3752 percutere
538 3669 598 3735 hos
621 3670 674 3750 qui
698 3670 859 3735 necabant
881 3670 968 3734 circa
989 3671 1134 3735 exuuias.
1179 3688 1274 3752 quem

106 3775 253 3843 uidentes
276 3785 309 3842 ct
330 3779 539 3845 aestimantes
561 3798 634 3845 esse
656 3778 870 3864 Philippioum
900 3780 1045 3846 dimissis
1068 3780 1181 3862 spoliis
1204 3798 1277 3862 pro·

106 3894 259 3971 perarunt
281 3888 323 3952 ad
347 3888 476 3953 bellum.
520 3909 591 3954 eum
615 3896 721 3954 autem
744 3889 862 3954 bellum
886 3891 1003 3955 multas
1018 3908 1076 3974 per
1090 3889 1188 3954 horas
1202 3905 1278 3970 age·

57 4013 89 4063 ao
106 4004 201 4079 retur,
240 4019 301 4063 uox
331 3998 367 4063 tit
394 4019 415 4063 a
442 4006 590 4082 praetore
619 4000 789 4065 Persarum
821 4020 921 4083 equos
949 4006 1116 4083 percutere
1144 3996 1276 4062 lanceis.

105 4126 168 4191 quo
190 4107 274 4172 iacto
296 4108 330 4172 in
353 4109 460 4192 lugam
484 4129 598 4175 uersus
620 4117 670 4175 est
685 4111 856 4174 Persarum
879 4109 1040 4175 exercitus
1063 4113 1095 4172 et
1115 4106 1277 4190 triumpho

106 4217 230 4300 ingenti
244 4218 379 4283 Romani
401 4219 493 4303 potiti
518 4225 593 4284 sunt
614 4220 731 4284 multos
753 4239 794 4284 ex
816 4220 864 4285 eis
887 4225 1092 4304 peremerunt
1114 4224 1145 4283 et
1160 4216 1278 4301 spolia·

140 4395 344 4402 ———-—...-
354 4398 357 4402 .

170 4508 186 4556 4
205 4505 232 4557 in
250 4504 433 4572 interrogabat
450 4504 467 4558 b
486 4505 513 4557 ia
531 4519 586 4557 rus.
604 4504 632 4557 ia
651 4503 678 4559 Ι)
762 4508 788 4557 ll
809 4505 903 4572 postea
920 4501 946 4557 D
1035 4507 1064 4557 12
1082 4500 1236 4571 philaroboi
1251 4501 1278 4557 b

107 4600 136 4650 lt
155 4596 202 4651 dtr
219 4597 319 4667 cotrdrq
337 4595 407 4652 uelle
425 4603 452 4658 tu
470 4599 498 4651 ia
515 4602 581 4663 ras.)
602 4594 626 4650 D
699 4601 726 4649 15
745 4595 881 4666 islanigrb3
902 4595 927 4651 1)
998 4601 1027 4649 Π
1046 4592 1278 4664 achrropyrtonD

102 4688 220 4744 factal)
305 4694 337 4745 22
355 4705 422 4760 prae
437 4706 489 4745 om.
508 4690 534 4744 a
602 4689 765 4759 audabb3D
830 4688 981 4758 ialaugcll
1066 4692 1099 4744 22
1118 4685 1277 4758 drrrnprtD

102 4781 295 4853 acceperet)
363 4788 394 4839 32
415 4783 587 4839 iuniorall
