2834 5394
729 44 742 59 ,.

666 62 743 99 ‚l

10 39 1020 377 m

472 718 545 767 can.
567 716 857 765 xxxma-mxu
1185 703 1247 767 413

76 871 267 937 mentiolum
295 869 413 937 direxit
440 869 526 954 quod
548 868 762 954 proditionem
791 869 825 934 in
852 869 976 954 proelio
1000 870 1119 936 feeerit.
1163 871 1248 936 inter

72 998 157 1066 quos
179 981 276 1047 etiam
310 987 379 1046 erat
405 978 531 1046 Phoeas
564 979 619 1063 qui
652 979 877 1063 imperatorem
910 981 1066 1047 allocutus
1101 981 1247 1048 seuerius

77 1090 154 1156 buic
176 1091 212 1157 in
232 1090 369 1156 coneilio
391 1087 632 1155 contradicebat
653 1090 699 1153 ita
719 1096 756 1154 ut
777 1090 909 1173 quidam
931 1109 972 1156 ex
993 1090 1139 1175 patriciis
1162 1089 1247 1155 lrunc

75 1203 176 1286 alapa
202 1207 382 1286 percuteret
409 1207 441 1265 et
468 1199 604 1264 barbam
632 1199 703 1266 eius
731 1200 894 1266 euelleret.
939 1219 1050 1266 uerum
1072 1201 1247 1285 imperator

39 1323 142 1377 onon
168 1310 311 1394 suscepit
336 1309 508 1376 aduersum
531 1307 764 1374 Comentiolum
792 1310 903 1395 populi
926 1309 1158 1395 querimoniam
1188 1307 1247 1375 sed

75 1422 137 1487 hos
157 1419 340 1486 inefficaces
362 1418 514 1499 deseruit,
537 1427 669 1504 propter
691 1419 775 1502 quod
798 1419 990 1485 insidiarum
1012 1421 1046 1486 in
1067 1420 1247 1505 principem

75 1528 243 1597 exordium
265 1531 409 1597 sumitur.

159 1640 333 1706 Praeterea
360 1659 419 1724 per
447 1638 532 1705 idem
560 1645 688 1723 tempus
716 1638 803 1724 allud
826 1640 1008 1724 Aegyptum
1035 1641 1069 1705 in
1092 1641 1167 1706 Nilo
1189 1639 1246 1705 llu-

74 1750 163 1816 mine
177 1749 274 1814 blena
295 1750 456 1833 praelecto
479 1769 544 1814 una
566 1769 636 1814 cum
659 1750 778 1835 populo
801 1749 1028 1814 deambulante
1051 1750 1085 1814 in
1107 1751 1176 1815 loco
1192 1751 1247 1831 qui
1284 1832 1287 1838 Ι

26 1877 58 1926 10
73 1859 185 1924 Δέλτα
206 1859 399 1939 nominatur,
430 1859 497 1925 sole
528 1869 596 1923 orto
624 1860 780 1924 animalia
809 1860 968 1924 lmrnanac
997 1859 1118 1924 formae
1148 1878 1247 1944 appa·

74 1977 207 2035 ruerunt
228 1969 262 2034 in
283 1968 424 2050 flumine,
454 1969 504 2034 uir
526 1970 648 2035 scilieet
669 1977 700 2034 et
723 1969 846 2035 mulier.
892 1978 923 2034 et
945 1969 995 2032 uir
1016 1968 1146 2052 quidem
1177 1975 1247 2034 erat

75 2086 263 2164 pectorosus
286 2081 439 2163 uultuque
461 2079 625 2160 terribilis,
661 2080 733 2143 ruia
755 2099 856 2160 corna,
893 2078 1047 2160 canisque
1077 2079 1246 2162 permixtis

76 2198 109 2255 et
131 2209 234 2274 usque
256 2189 299 2254 ad
322 2189 448 2255 lumbos
470 2188 656 2254 denudabat
678 2197 824 2253 naturam
848 2197 880 2255 et
903 2190 1026 2255 eunetis
1048 2187 1246 2254 dornonstra-

74 2298 171 2364 batur
191 2298 306 2383 nudus,
330 2300 456 2384 reliqua
478 2307 585 2366 autom
608 2301 751 2384 corporis
763 2299 908 2364 membra
924 2298 1130 2383 cooperiebat
1150 2317 1244 2381 aqna.

28 2424 57 2476 ts
75 2407 161 2474 bane
182 2411 362 2494 praefectus
385 2408 616 2475 adiuramentis
638 2411 828 2476 constrinxit
858 2429 899 2474 ne
922 2408 1102 2475 destrueret
1129 2406 1247 2492 adspe-

75 2528 161 2585 ctum
182 2519 370 2605 priusquam
399 2538 511 2585 omnes
543 2521 677 2585 saturati
705 2520 820 2585 fierent
849 2519 909 2583 boc
931 2520 1097 2602 inopinato
1121 2526 1246 2602 spect-a·

76 2630 157 2694 culo.
201 2649 295 2713 porro
319 2629 433 2694 mulier
455 2636 487 2694 et
510 2631 669 2695 mamillas
693 2630 834 2694 babebat
862 2639 894 2694 ct
922 2630 1094 2694 torniacum
1123 2630 1244 2693 uultum

75 2740 300 2820 caesariesque
322 2740 464 2822 prolixas
487 2746 517 2803 et
540 2739 704 2822 usquead
727 2740 838 2804 boram
855 2758 971 2803 nonam
988 2739 1092 2804 ornuis
1107 2739 1248 2823 populus

77 2848 253 2914 mirabatur
275 2849 423 2914 uidentes
447 2848 525 2914 llaec
549 2849 726 2912 animantia
755 2869 837 2931 quate
861 2848 938 2913 hora
961 2869 1048 2913 nona
1070 2850 1104 2912 in
1127 2847 1247 2914 flumen

26 2978 60 3029 aa
77 2958 225 3025 demersa
247 2969 331 3024 sunt.
376 2978 455 3024 sano
478 2959 588 3023 Menas
618 2958 804 3042 imperatori
827 2957 981 3021 Mauricio
1005 2958 1085 3022 baec
1108 2957 1246 3041 scripsit.

163 3069 258 3133 Anno
287 3069 414 3152 imperii
436 3068 581 3132 blauricii
605 3067 727 3133 decimo
757 3088 851 3148 uonn,
875 3067 927 3132 dio
950 3074 1056 3133 autem
1079 3067 1226 3132 Paschae
1252 3058 1402 3126 XXXXI

77 3177 201 3262 Sophia
227 3179 374 3261 Augusta
404 3198 483 3243 uxor·
510 3179 626 3243 Iustini
662 3198 725 3242 urna
760 3198 830 3241 eum
860 3176 1073 3243 Corratantina
1101 3175 1248 3242 Mauricii

77 3288 213 3371 coniuge
242 3295 378 3354 stemma
406 3296 620 3353 constructum
649 3288 824 3352 attulerunt
857 3288 1053 3372 imperatori.
1104 3287 1158 3369 qui
1187 3286 1248 3350 boc

78 3399 293 3483 contemplato
315 3417 456 3481 pergens
478 3399 511 3462 in
534 3398 702 3465 ecclesiam
726 3396 759 3462 id
783 3397 896 3462 obtulit
917 3396 978 3463 deo
1007 3416 1108 3480 supra
1136 3400 1248 3461 saneta

28 3530 61 3582 25
79 3527 190 3574 mensa
212 3507 416 3591 suspendens
445 3509 479 3572 in
509 3509 687 3592 triplicibus
718 3508 874 3573 catenulis
908 3507 1071 3591 lapidibus
1105 3515 1136 3571 et
1168 3524 1247 3570 auro

77 3618 244 3684 contextis.
289 3626 323 3682 at
338 3637 414 3683 uero
430 3618 596 3701 Augustae
620 3619 679 3683 boe
701 3628 862 3702 eompcrto
885 3618 1032 3684 tristatae
1055 3625 1129 3683 sunt
1151 3614 1248 3683 ualde

77 3727 164 3793 etin
192 3728 294 3810 iurgio
328 3727 486 3793 aduersus
520 3728 741 3813 imperatorem
767 3727 980 3794 Corratautina
1013 3729 1128 3794 festum
1162 3725 1247 3791 diem

80 3836 156 3903 lecit
182 3838 338 3920 Augusta.
403 3856 473 3901 curu
509 3846 616 3904 aulem
650 3838 830 3903 attenderet
863 3838 1037 3922 imperator·
1069 3857 1134 3902 non
1168 3855 1247 3918 que-

78 3948 164 4014 relas
203 3948 389 4013 militiarum
425 3949 458 4013 in
494 3949 618 4013 'l'luuee
662 3949 838 4033 positarum
880 3948 994 4012 iterum
1031 3945 1248 4011 (lomentiolus

28 4076 59 4125 ao
77 4056 258 4142 adsumptis
281 4059 414 4123 annalis
437 4059 525 4123 uenit
547 4058 589 4122 ad
612 4059 755 4124 Histrum
778 4065 809 4122 et
831 4058 939 4122 unitur
954 4056 1063 4121 Prisco
1085 4054 1127 4119 acl
1143 4053 1248 4136 siggi-

77 4165 194 4234 donem
227 4175 258 4233 et
289 4168 424 4234 soluitur
457 4188 521 4252 pax
551 4188 633 4251 quae
662 4167 705 4233 ad
726 4171 852 4234 ⁴luteres
881 4173 959 4232 erat.
1004 4186 1067 4249 qua
1089 4163 1248 4230 dissoluta

76 4277 211 4344 ueniunt
231 4278 266 4343 in
288 4278 501 4344 Viminacium
524 4277 608 4361 quod
631 4287 679 4343 est
700 4277 808 4343 insula
829 4296 948 4358 magna
969 4274 1079 4341 Histri.

163 4386 287 4465 Quibus
302 4387 420 4454 auditis
436 4387 602 4455 Clraianus
617 4387 758 4453 collectis
774 4386 992 4470 potentatibus
1007 4386 1049 4450 acl
1064 4385 1219 4450 Romaiea
1232 4378 1401 4447 XXXXII

77 4497 222 4582 procedit
244 4519 330 4564 rura.
374 4505 524 4583 quattuor·
546 4506 653 4564 autem
676 4498 759 4562 lilios
782 4516 857 4562 suos
879 4495 1007 4561 traditis
1029 4495 1103 4562 aliis
1126 4495 1249 4560 uirtuti·

28 4624 59 4675 35
78 4606 138 4673 bus
171 4607 213 4672 ad
236 4607 448 4674 custodienda
483 4607 569 4673 uada
595 4608 698 4674 Histri
731 4606 905 4672 constituit.
948 4613 982 4671 at
1013 4626 1091 4672 uero
1111 4602 1250 4671 Romani

77 4717 201 4783 ratibus
225 4718 317 4785 laetis
339 4718 472 4783 fluuium
495 4725 733 4786 transmearunt
762 4724 793 4782 ct
820 4723 968 4802 praetore
990 4716 1101 4783 Prisco
1129 4715 1249 4780 bellum

77 4846 149 4892 eum
178 4828 253 4895 filiis
283 4827 420 4896 Chaiani
448 4828 598 4895 inierunt.
649 4827 867 4896 Oomentiolus
894 4826 980 4895 enim
1007 4826 1187 4894 infirmatus
1215 4825 1248 4892 in
