2834 5394
167 256 206 317 72
679 270 772 319 amru
792 272 846 319 rm

249 422 350 508 Igitur
377 423 587 509 Sempronius
614 423 797 491 Tuditanus
826 423 860 490 in
889 422 1051 509 Hispania
1077 422 1226 489 citeriore
1250 423 1332 490 betto

166 552 342 619 oppressus
363 552 435 597 curn
456 534 542 599 omni
565 534 707 599 exercitu
728 534 875 599 Romarm
894 533 1080 599 interiectus
1102 529 1180 616 est)

96 632 146 696 ῙΠ
252 645 431 710 Transacto
452 644 538 709 bollo
559 642 767 709 Macedonico
790 651 933 710 secutum
955 651 1006 709 est
1020 641 1201 727 Syriacum.
1222 640 1320 727 <Lucio

165 751 294 820 Valerio
316 755 432 820 Flacco
454 753 562 818 Marco
584 753 697 818 Porcio
720 752 843 818 Catone
871 753 1058 838 consulibus
1080 751 1259 820 Antiochus
1276 771 1320 818 rex

165 864 281 950 Syriae
303 864 423 930 bellum
454 870 566 929 contra
587 865 742 948 populum
764 864 943 929 Romanum
965 869 1094 929 struens
1116 862 1151 927 in
1173 848 1359 948 unopmfi

163 975 293 1040 transiit
314 994 355 1040 ex
377 973 466 1039 Asia.
512 981 587 1038 tunc
609 974 706 1038 etiarn
728 972 893 1039 Hannibal
921 978 1052 1057 propter
1072 971 1239 1037 excitandi
1260 973 1326 1039 belli

163 1102 317 1166 rumores,
340 1084 396 1167 qui
418 1082 459 1150 de
480 1103 519 1149 co
541 1082 629 1168 apud
643 1085 805 1151 Romanos
821 1083 1016 1166 terebantur,
1039 1080 1188 1148 exhiberi
1203 1082 1329 1147 Romam

163 1202 319 1259 asenatu
348 1193 472 1273 iussus,
502 1194 585 1259 clam
613 1212 653 1259 cx
675 1193 785 1258 Africa
813 1194 975 1279 proiectus
1003 1200 1091 1260 metu
1119 1209 1162 1256 ne
1182 1192 1331 1259 Romanis

162 1301 343 1369 traderetur
364 1303 406 1369 ad
423 1303 615 1369 Antiochum
639 1304 800 1388 migrauit.
845 1322 1034 1388 quamtum
1056 1306 1146 1390 apud
1169 1304 1332 1391 Ephesum

161 1413 341 1480 inuenisset
362 1420 572 1497 cunctantem,
596 1434 670 1479 mox
691 1414 725 1478 in
747 1414 867 1480 bellum
889 1414 1026 1499 impulit.
1349 1417 1359 1467 ¹

246 1525 337 1591 Tunc
359 1524 457 1591 etiam
480 1524 541 1605 lex,
564 1543 647 1607 quae
669 1523 711 1588 ab
734 1523 839 1608 Oppio
855 1525 999 1591 Tribuno
1020 1526 1109 1611 plebi
1132 1529 1201 1593 lata
1222 1528 1334 1607 inerat,

161 1653 268 1718 nequa
290 1635 404 1699 rnulier
425 1634 498 1718 plus
521 1654 616 1719 quam
640 1634 852 1699 semiunciam
874 1635 945 1699 arni
967 1633 1103 1703 haberet
1126 1656 1212 1704 neue
1237 1638 1336 1705 uerm-

159 1744 257 1809 colori
280 1744 473 1810 uestimento
501 1763 560 1808 nec
587 1744 735 1809 uehiculo
763 1764 821 1828 per
849 1744 961 1810 urbem
990 1765 1050 1812 nec
1077 1746 1164 1814 toras
1192 1754 1337 1814 uteretur

159 1855 350 1937 plusquam
373 1853 461 1918 mille
484 1853 637 1937 passibus
658 1854 722 1919 nisi
745 1874 907 1921 sacrorum
932 1874 1032 1921 causa
1053 1857 1230 1939 exegisset,
1263 1864 1337 1943 post

159 1963 273 2046 uiginti
302 1982 406 2029 annos
436 1963 593 2046 abrogata
621 1971 680 2030 est.
731 1964 858 2031 sublato
893 1964 954 2029 hoc
984 1965 1088 2031 edicto
1114 1966 1149 2032 in
1178 1966 1359 2051 quarunt

158 2072 322 2138 licentiam
345 2078 513 2138 matronae
535 2073 684 2138 uenerint
706 2073 784 2157 quid
808 2075 922 2140 attinet
950 2074 1057 2142 dicere
1085 2095 1157 2141 curn
1187 2077 1272 2143 siout
1302 2084 1337 2143 et

159 2180 219 2247 uiri
243 2182 504 2248 luxuriarentur?

242 2291 357 2357 Publio
379 2290 530 2357 Cornelio
551 2292 703 2377 Scipione
732 2293 839 2358 Marco
861 2293 965 2359 Acilio
988 2292 1166 2359 Glabrione
1194 2296 1335 2363 oonsuli-

156 2403 217 2471 bus
239 2400 417 2469 Antiochus
438 2402 587 2487 quanruis
603 2402 838 2487 Thermopylas
860 2410 1049 2488 occupasset
1071 2425 1206 2488 quarum
1230 2407 1334 2472 muni·

157 2512 244 2579 mine
266 2513 363 2579 tutior
383 2520 516 2599 propter
538 2512 653 2578 dubios
675 2512 752 2577 belli
774 2521 909 2580 euentus
929 2514 1020 2579 fieret
1034 2520 1142 2579 tamen
1158 2517 1359 2583 commissol

156 2622 241 2687 bello
271 2643 292 2687 a
320 2622 450 2688 consule
472 2622 649 2687 Glabrione
678 2621 712 2686 in
734 2621 859 2687 Achaia
881 2629 1060 2707 superatus.
1105 2633 1215 2690 castra
1243 2624 1334 2710 cius>

156 2739 314 2796 nocturna
335 2751 446 2815 pugna
468 2741 564 2815 capta
586 2738 670 2809 sunt,
692 2732 763 2815 ipse
784 2730 857 2815 <uix
878 2751 950 2798 oum
972 2733 1086 2817 paucis
1109 2734 1191 2818 tugis
1205 2755 1224 2801 e
1239 2755 1334 2820 proe-

154 2839 198 2903 lio
215 2838 445 2924 Ephesumque
467 2840 623 2924 peruenit.
670 2840 699 2905 is
720 2840 874 2907 habuisse
897 2843 996 2906 fertur
1017 2841 1214 2910 armatorum
1238 2865 1333 2912 sexa·

153 2948 245 3032 ginta
278 2949 378 3032 milia,
413 2970 431 3014 e
464 2949 581 3032 quibus
615 2948 830 3033 quadraginta
863 2952 952 3016 milia
984 2970 1090 3026 caesa,
1122 2956 1198 3039 plus
1232 2976 1332 3040 quam

154 3058 295 3141 quinque
318 3060 409 3125 inilia
431 3060 552 3142 fugisse
573 3060 763 3125 referuntur.
1348 3055 1359 3106 t

239 3168 328 3232 Alter
350 3168 461 3235 consul
485 3168 593 3253 Scipio
616 3188 688 3233 cum
709 3169 860 3234 Boiorum
888 3176 984 3253 gente
1012 3170 1172 3254 conflixit,
1207 3173 1242 3238 in
1266 3195 1332 3260 quo

151 3275 275 3360 proelio
300 3276 414 3359 uiginti
437 3276 527 3342 milia
548 3277 688 3343 hostium
711 3276 898 3361 interiecit.)
939 3279 1100 3365 Philippo,
1123 3283 1202 3365 quia
1215 3292 1333 3350 contra

152 3384 350 3450 Antiochum
382 3385 536 3453 Romanis
571 3388 685 3454 luisset
716 3389 852 3470 auxilio,
886 3387 971 3454 lilius
1003 3389 1189 3458 Demetrius
1222 3393 1333 3460 reddi·

151 3502 202 3560 tus
224 3501 282 3560 est.

224 3746 412 3815 tlrmpromui
433 3745 459 3800 Ι)
579 3749 659 3799 3—21
686 3743 719 3813 <>
743 3744 785 3798 1).-
817 3746 1101 3812 cunualtantrochum
1123 3757 1246 3818 regem-t
1275 3767 1330 3820 pu·

149 3837 217 3892 hho·
230 3838 505 3908 corneho-icrprone·
518 3838 595 3892 acrlro
615 3839 641 3903 ·1
661 3836 798 3906 glabrione
821 3835 973 3890 coniuhbul
990 3861 995 3872 ·
1018 3844 1022 3902 ι
1042 3838 1105 3893 hunc
1129 3841 1257 3895 antiocho
1278 3859 1329 3899 an·

67 3962 72 3969 -
149 3929 223 3983 mbal
240 3931 266 3986 le
285 3938 409 3986 struxerat
426 3930 661 3998 ·carlthag1nem
683 3936 799 3998 patrnam
815 3928 888 3982 tuam
912 3935 984 3982 metu
1008 3946 1042 3983 ne
1067 3946 1098 3985 ro
1113 3940 1117 3997 t
1132 3933 1220 3987 manni
1234 3936 1329 3991 trade-

148 4028 222 4075 retur
239 4023 401 4091 rehnquenl·
414 4021 508 4076 acrlrul
528 4021 572 4090 gla
587 4023 592 4091 Ι
606 4022 684 4076 brro·
701 4038 729 4075 ur
747 4021 843 4075 achara
870 4021 938 4075 bene
955 4028 1104 4090 pugnauit·
1130 4024 1134 4089 l
1150 4024 1240 4081 cultra
1256 4030 1331 4098 regui

148 4114 266 4166 anaoctn
285 4114 312 4167 B
398 4113 597 4168 uexercrtandr
614 4113 640 4167 D
726 4116 755 4165 12
774 4112 877 4166 itnntsi
893 4110 920 4164 D
971 4129 1057 4182 neque
1074 4114 1108 4180 P,
1125 4115 1225 4172 deinde
1242 4123 1328 4176 ueris-

148 4203 245 4259 coloni
262 4203 314 4258 01²
406 4209 436 4258 13
455 4205 612 4259 uestrmenta
628 4203 668 4257 θ’
748 4207 775 4256 l'l
794 4203 929 4257 luxurrent
947 4201 974 4256 D
1053 4212 1081 4262 19
1099 4209 1285 4283 thrumopylas
1299 4217 1328 4268 D

147 4300 178 4350 tt
198 4295 353 4364 galabnme
370 4295 397 4349 D
471 4301 504 4349 22
523 4296 592 4361 lunt]
611 4291 691 4351 etti)
770 4298 868 4348 22--27
888 4296 922 4365 <>
941 4296 981 4350 D:
998 4296 1108 4368 fugatus
1123 4302 1151 4356 B
1228 4310 1261 4360 25
1280 4306 1325 4362 ln·

145 4386 238 4444 allel)
