2834 5394
148 274 207 336 150
449 323 454 331 .
638 289 729 336 amur
751 289 787 335 rr

139 440 243 506 iactus
266 440 471 525 inopinantes
495 441 606 507 hostes
628 441 781 526 opprimit
811 442 1003 527 magnisque
1030 441 1194 526 stragibus
1224 442 1313 507 iacti

140 552 297 636 plurimas
318 550 458 635 praedas
480 551 558 635 agit.
602 550 721 618 deinde
744 571 815 617 curn
838 551 976 618 Caninio
998 552 1126 637 siguum
1155 549 1313 616 aduentu:

141 661 190 727 sui
214 660 373 743 dedisset,
408 660 565 727 Caninius
592 661 668 727 totis
696 662 812 729 castus
835 662 942 729 subito
963 662 1088 728 insiluit
1110 680 1249 744 seseque
1271 661 1313 726 in¹

140 771 216 837 iecit
236 771 331 837 hosti.
376 771 422 836 ita
442 769 546 836 Fabio
575 791 618 837 ex
646 772 712 837 alia
739 779 832 857 parte
860 780 892 839 et
913 771 1051 838 Caninio
1082 792 1124 837 ex
1146 772 1252 837 altera
1272 771 1313 837 in·

141 882 274 948 sistente
296 882 437 946 maximo
460 888 492 945 et
513 881 665 947 diuturno
694 882 780 947 bello
803 883 992 949 innumerae
1015 883 1183 949 Gallorum
1205 882 1308 966 copiae

140 992 317 1057 trucidatae
340 998 423 1057 sunt.
467 989 544 1056 inde
566 991 688 1057 Fabius
710 993 744 1057 in
767 991 948 1060 Camnntes
969 992 1131 1078 proiectus
1154 996 1214 1059 est.
1244 992 1306 1058 scie

141 1102 197 1166 bat
225 1101 310 1167 enim
333 1102 533 1166 Dumnacum
562 1101 675 1167 ducem
705 1103 966 1187 antiquissimum
998 1101 1187 1169 rebellionis
1221 1101 1306 1167 totirn

140 1211 335 1276 incentorem
364 1211 406 1276 ab
435 1210 495 1276 hoc
522 1211 607 1278 bello
637 1214 782 1297 elapsum
813 1213 840 1279 si
863 1213 1059 1279 Aremoricis
1088 1211 1242 1296 gentibus
1262 1209 1306 1276 ad·

140 1320 266 1387 iunctus
288 1328 384 1403 esset,
415 1322 574 1388 maximos
603 1322 718 1388 iterum
750 1323 784 1386 in
807 1321 916 1387 Gallia
943 1323 1096 1388 turnultus
1119 1341 1194 1388 esse
1217 1328 1306 1387 motu·

139 1452 218 1495 rum.
263 1430 322 1498 sed
343 1451 400 1498 eos
422 1431 529 1496 adhuc
550 1433 623 1516 ipsa
645 1432 788 1497 nouitate
811 1432 1010 1517 trepidantes
1038 1432 1122 1497 mira
1144 1431 1262 1497 uirtute
1280 1436 1308 1497 et

139 1542 302 1607 celeritate
331 1540 521 1627 perdomuit.

0 1640 118 1707 Vllll
224 1651 354 1718 Interea
395 1653 536 1736 Draptes
577 1669 705 1734 unaque
734 1652 900 1718 Lectorius
959 1672 1031 1716 cum
1068 1651 1186 1718 adesse
1223 1650 1310 1717 Cani·

137 1762 225 1827 nium
270 1768 302 1828 et
342 1761 488 1845 legiones
530 1760 564 1824 iu
606 1760 725 1827 finibus
768 1761 835 1827 suis
878 1761 1034 1843 uiderent,
1078 1761 1223 1845 undique
1256 1762 1313 1826 col·

139 1872 229 1937 lectis
268 1871 370 1955 copiis
411 1870 565 1955 oppidum
599 1869 793 1953 Lugdunum
833 1878 1000 1956 occupant.
1062 1871 1125 1936 hoc
1162 1870 1312 1957 oppidum

139 1982 174 2045 in
196 1979 378 2047 editissima
400 1981 518 2045 montis
541 2000 616 2046 aree
637 1979 811 2065 pendebat,
842 1981 968 2048 duabus
999 1981 1147 2067 partibus
1173 2001 1234 2066 per
1261 1981 1313 2046 ab·

139 2096 234 2174 rupta
256 2090 445 2154 lateranen
466 2109 569 2173 paruo
591 2089 724 2156 flumine
746 2091 945 2174 cingebatur,
974 2090 1080 2155 medio
1109 2089 1232 2157 deiude
1263 2091 1313 2156 de

139 2219 256 2266 scensu
288 2199 471 2282 largissimo
495 2200 581 2264 sonte
614 2220 762 2266 securum
795 2201 998 2285 plurimaque
1027 2200 1201 2266 introrsum
1224 2201 1313 2286 copia

138 2309 290 2375 frumenti
321 2316 423 2374 tutum
456 2309 563 2374 irritos
596 2311 706 2393 procul
739 2309 905 2377 discursus
934 2310 1073 2377 hostium
1103 2309 1313 2394 despiciebat.

141 2419 297 2487 Caninius
321 2418 406 2504 quod
429 2420 533 2485 solum
555 2421 703 2485 Romana
724 2420 910 2504 prouisione
932 2420 1044 2505 potnit,
1074 2421 1189 2487 ambos
1218 2420 1313 2486 duces

138 2550 208 2595 cum
242 2536 334 2615 parte
366 2530 531 2614 copiarum
563 2529 704 2613 plurima
735 2530 769 2595 in
798 2548 947 2614 campum
975 2537 1136 2607 euocatos,
1173 2529 1313 2595 maximo

138 2641 261 2724 proelio
284 2640 459 2724 superauit.
503 2660 578 2704 nam
612 2659 675 2704 uno
709 2658 728 2704 e
760 2638 896 2706 ducibus
931 2639 1097 2705 interiecto
1131 2641 1217 2705 alter
1245 2659 1313 2704 enm

139 2749 344 2833 parreissimis
372 2749 462 2831 sugit,
494 2749 600 2814 nullus
623 2749 657 2814 in
680 2748 833 2834 oppidum
857 2749 949 2815 redit.
994 2750 1052 2816 sed
1081 2749 1123 2815 ad
1153 2749 1187 2813 id
1218 2770 1314 2835 oppu-

138 2858 304 2942 gnaudurn
326 2856 469 2923 Caesare
492 2878 573 2941 opus
596 2859 663 2922 suit.
708 2859 818 2943 itaque
840 2860 956 2925 certior
976 2878 1035 2944 per
1056 2861 1187 2926 nuntios
1211 2860 1313 2926 sactus

138 2969 260 3034 Caesar·
282 2969 419 3033 occurrit
440 2968 744 3052 circumspectisque
772 2969 921 3035 omnibus
950 2970 1040 3035 uidet
1069 2970 1097 3035 si
1125 2989 1313 3054 expugnare

139 3079 171 3142 ni
194 3078 353 3157 moliatur,
382 3076 458 3141 ludo
481 3084 512 3142 et
535 3078 718 3161 spectaculo
741 3079 881 3144 hostium
903 3078 1075 3145 delendum
1099 3098 1173 3146 esse
1195 3079 1313 3146 exerci-

140 3193 332 3265 tammum,
362 3206 460 3250 unum
483 3188 587 3251 solum
610 3206 683 3254 esso
705 3188 862 3273 praesidii
885 3189 913 3255 si
936 3188 1181 3274 quoquomodo
1204 3188 1313 3255 hostes

137 3315 224 3378 aqua
245 3301 425 3360 arceantur.
470 3295 528 3362 sed
550 3302 582 3361 et
602 3295 664 3361 hoc
686 3318 813 3382 quoquo
835 3298 900 3365 uisi
915 3297 1039 3365 Caesar
1059 3319 1125 3365 non
1146 3300 1313 3384 potuisset.

139 3405 166 3471 si
187 3403 317 3489 quidem
339 3405 412 3471 sous
434 3425 496 3488 quo
518 3406 693 3490 adpotum
716 3408 897 3490 utebantur,
927 3409 1034 3474 medio
1056 3408 1174 3474 deuexi
1195 3408 1313 3474 montis

139 3517 239 3581 latere
267 3514 471 3581 fundebatur.
516 3514 638 3582 Caesar
666 3516 708 3581 ad
739 3519 919 3602 proximum
948 3519 1046 3585 sontis
1074 3518 1243 3584 admoueri
1270 3517 1313 3582 ui·

137 3645 218 3691 neas
247 3625 423 3710 turrimque
451 3626 555 3691 extrui
583 3625 681 3691 iubet.
732 3628 767 3691 fit
800 3648 937 3711 magnus
966 3628 1040 3693 ilico
1069 3646 1313 3694 concursuros

139 3735 268 3818 oppido.
319 3735 436 3820 quibus
464 3736 535 3802 sine
561 3736 705 3820 periculo
733 3737 968 3820 proeliantibus
996 3738 1133 3804 Romani
1165 3736 1313 3821 quamuis

137 3844 345 3929 pertinaciter
367 3845 560 3912 obsisterent
582 3846 788 3929 crebriusque
810 3846 1027 3930 succederent,
1050 3854 1160 3913 tamen
1174 3848 1313 3931 complu·

137 3974 190 4021 res
212 3954 420 4019 trucidantur.
465 3954 563 4037 igitur
585 3956 742 4022 extruitur
763 3976 863 4040 agger
892 3964 924 4022 et
951 3957 1048 4023 turris
1078 3956 1198 4042 pedum
1221 3976 1313 4024 sexa·

204 4232 219 4279 9
244 4228 374 4283 tumultos
395 4228 422 4284 D
510 4235 538 4283 12
568 4230 692 4284 lecterius
708 4231 747 4284 ita
774 4229 828 4284 ΒΡ
842 4230 900 4284 cod.
919 4231 991 4286 Pitlt.
1082 4237 1112 4287 rt
1130 4232 1313 4289 neludumill

145 4322 175 4370 to
192 4319 362 4385 unguebatur
379 4320 405 4374 B
474 4321 587 4376 discessu
604 4320 659 4376 DP
677 4321 736 4376 cod.
755 4320 845 4386 Picta,
870 4322 1000 4378 descensu
1020 4324 1132 4380 Orosius
1226 4330 1257 4380 18
1275 4342 1313 4381 rr·

139 4410 248 4464 ntusI)
352 4416 380 4465 st
404 4412 552 4480 snsperaurt
569 4413 596 4468 I)
681 4418 713 4468 25
733 4416 766 4469 ur'
784 4414 811 4470 Ι)
892 4420 924 4471 ²8
942 4417 1075 4473 dmeer)
