3266 5082
281 329 343 390 256
793 341 885 387 maur
908 341 944 386 xr

281 494 340 560 sub
364 493 527 561 schemate
548 494 675 578 priuato
699 493 887 577 quiesceret
916 490 1001 578 qnod
1030 491 1140 575 utique
1168 493 1239 558 eius
1261 492 1360 557 aetati
1382 511 1455 558 con·

281 604 463 670 uenientins
500 623 597 688 quam
633 604 753 669 habere
789 623 906 668 nornen
952 602 1223 668 sollicitudinibus
1257 609 1454 668 onustatum.

280 714 438 799 iussitque
466 713 497 780 ei
524 720 671 800 sumptus
701 714 881 780 uberrimos
902 734 943 778 ex
964 713 1103 798 puhlicis
1125 713 1342 778 lunationibus
1365 712 1455 777 exbi-

281 824 366 890 beri:
400 822 459 888 tuit
486 829 595 890 autem
622 844 724 909 prope
746 823 789 888 ad
812 824 979 890 stultitiam
1002 823 1272 908 simplicissimus.
1317 841 1453 908 eumque

280 936 314 1000 in
336 935 440 1000 Prusa
460 934 634 1020 Bithyniae
655 934 808 999 Vetranio
830 940 1016 1014 moraretur,
1040 932 1249 999 Constantius
1271 933 1402 1018 scripsit
1422 933 1486 998 cio

279 1044 392 1111 dicens
414 1045 492 1128 quia
514 1045 683 1110 multorum
707 1045 861 1109 honorum
885 1044 914 1110 ei
937 1064 1038 1110 causa
1059 1044 1174 1110 luisset
1195 1063 1290 1126 quem
1312 1043 1453 1110 atentia

282 1154 532 1237 cogitationibus
566 1161 598 1220 et
632 1155 726 1222 malis
759 1155 821 1221 sibi
851 1153 1116 1240 proueniantibus
1142 1154 1315 1220 liberasset
1335 1173 1395 1218 nec
1418 1173 1454 1220 se

282 1263 502 1331 benefecisse
525 1266 602 1349 quia
624 1285 707 1349 quae
731 1265 794 1331 sibi
817 1271 984 1348 praestare
1006 1264 1172 1346 debuerat,
1195 1264 1243 1328 illi
1266 1264 1373 1348 potius
1395 1265 1454 1327 irn-

283 1373 459 1458 pandisset.
503 1374 556 1440 his
579 1375 694 1441 diebus
716 1377 837 1440 Rornae
859 1374 1062 1458 Nepotianus
1077 1373 1254 1458 Eutropius
1270 1373 1453 1439 Constantii

284 1485 404 1550 sororis
426 1484 511 1551 lilius
534 1484 739 1552 hortantibus
762 1485 897 1570 perditis
920 1485 1056 1568 Augusti
1078 1503 1195 1549 nomen
1218 1484 1311 1568 rapit.
1357 1501 1452 1568 quem
1472 1489 1503 1538 ¹⁰

280 1601 393 1658 octauo
415 1593 468 1660 die
489 1596 709 1678 uicesimoque
729 1595 934 1679 Magnentius
957 1596 1129 1679 oppressit.
1174 1601 1270 1678 caput
1292 1595 1363 1659 eius
1385 1593 1452 1678 pilo

280 1723 336 1788 per
367 1705 478 1771 urbem
508 1707 728 1770 circumlatum
758 1713 807 1771 est
834 1707 1113 1790 grauissimaeque
1141 1704 1393 1789 proscriptiones
1422 1708 1454 1768 et

278 1814 433 1880 nobilium
456 1816 574 1881 caedes
596 1817 732 1880 luerunt.

162 1921 258 1986 XXII
364 1925 433 1990 Hoc
461 1933 605 2010 tempore
634 1924 842 1991 Constantius
873 1943 945 1989 curn
974 1925 1159 2009 Magnentio
1194 1923 1281 2008 apud
1309 1923 1451 1989 Mursam

280 2034 438 2101 dimicans
461 2036 547 2118 uicit,
571 2037 604 2100 in
628 2056 690 2119 quo
712 2035 797 2100 bello
820 2055 925 2119 paene
940 2056 1113 2119 numquam
1130 2034 1270 2118 amplius
1285 2033 1452 2099 Romanae
1471 2033 1499 2082 ¹⁵

279 2150 489 2228 consumptae
512 2153 586 2210 sunt
607 2146 695 2211 uires
717 2146 879 2227 totiusque
902 2145 1028 2230 imperii
1058 2147 1187 2210 fortuna
1208 2163 1340 2229 pessum
1363 2143 1450 2208 data.

278 2253 396 2320 dehinc
417 2275 489 2320 curn
512 2276 547 2321 se
563 2255 768 2338 Magnentius
791 2255 824 2319 in
846 2256 974 2319 Italiam
990 2255 1175 2340 recepisset,
1199 2254 1286 2339 apud
1301 2254 1451 2318 Ticinum

279 2366 388 2448 plures
411 2365 492 2430 ludit
513 2365 673 2431 incautius
697 2373 729 2432 et
750 2372 785 2431 ut
806 2365 942 2431 uictoria
965 2365 1046 2431 solet
1073 2364 1230 2430 audacius
1258 2383 1453 2448 persequen-

278 2480 328 2541 tes
349 2475 550 2560 neniensque
572 2477 716 2558 Romam,
749 2477 867 2542 multos
895 2475 1031 2561 peremit
1061 2482 1225 2541 senatorer
1249 2481 1281 2539 et
1303 2474 1451 2559 populos.

277 2585 387 2669 ibique
408 2606 587 2669 agnoscens
609 2587 734 2652 uicinos
756 2606 829 2652 esse
851 2593 962 2651 contra
983 2605 1018 2652 sc
1042 2584 1224 2651 Constantii
1247 2584 1376 2667 milites,
1400 2603 1452 2648 ac·
1469 2589 1500 2639 20

280 2697 377 2762 cessit
398 2696 441 2761 ad
457 2697 582 2763 Gallias
604 2696 707 2783 partis
729 2696 947 2761 occidentalis.
992 2716 1128 2779 cumque
1151 2695 1270 2759 bellum
1293 2694 1359 2759 illic
1382 2713 1452 2760 sae·

278 2803 352 2889 pius
382 2806 465 2870 inter
492 2808 663 2872 alterutros
685 2813 880 2887 exercerent,
910 2805 1005 2870 modo
1033 2805 1087 2873 isti
1110 2805 1204 2869 modo
1234 2804 1282 2868 illi
1312 2803 1452 2869 uictores

280 2934 353 2982 esse
383 2915 585 2980 uidebantur.
630 2915 808 2980 nouissime
836 2921 943 2980 autern
972 2915 1118 2982 deuictus
1141 2915 1346 2997 Magnentius
1369 2914 1453 2998 fugit

279 3024 460 3109 uidensque
493 3027 611 3091 milites
635 3026 728 3109 quasi
761 3023 1005 3109 deperditione
1038 3027 1157 3108 tristes
1191 3031 1281 3092 stans
1314 3025 1451 3090 celsiore

279 3136 349 3200 loco
378 3155 434 3202 eos
462 3136 627 3201 nitebatur
654 3135 858 3201 allocutionis
887 3135 1120 3201 consuetudine
1142 3136 1331 3201 confortare.
1375 3143 1452 3199 tunc
1468 3149 1498 3200 25

280 3244 327 3310 illi
349 3245 492 3310 sanorem
516 3245 645 3311 solitum
670 3245 857 3332 Magnentio
879 3245 1033 3311 exhibere
1061 3246 1247 3330 praeparati
1275 3263 1293 3309 e
1321 3244 1451 3311 diuerso

279 3355 425 3421 nolentes
454 3356 675 3421 clamaberunt
705 3375 817 3422 omnes
846 3376 912 3421 una
939 3375 1018 3420 uoce
1041 3354 1220 3422 ‘Constanti
1244 3355 1389 3438 Auguste
1417 3361 1452 3420 tu

279 3463 411 3530 uincas’.
464 3465 526 3530 hoe
557 3466 727 3550 angurium
760 3466 967 3549 Magnentius
1000 3466 1100 3531 traxit
1135 3465 1177 3530 ad
1211 3474 1314 3532 semet
1346 3466 1452 3550 ipsum

279 3581 443 3659 tamquam
466 3595 531 3641 non
553 3576 584 3640 ei
606 3576 763 3642 diuinitus
785 3575 1012 3641 concederetur
1033 3576 1203 3661 imperium
1227 3582 1258 3640 et
1281 3582 1453 3661 propterea

278 3685 322 3752 ad
343 3685 497 3751 ulteriora
517 3685 681 3752 tendehat.
726 3685 934 3770 sequentihus
963 3692 1070 3752 autern
1093 3684 1274 3752 Constantii
1296 3686 1452 3753 militibus
1468 3701 1497 3753 ao

282 3795 368 3861 circa
388 3804 529 3862 montem
552 3797 722 3862 Seleucum
744 3797 831 3862 facta
852 3796 1079 3880 congressione
1102 3797 1190 3862 solur
1213 3796 1341 3880 fugiens
1364 3797 1453 3862 uenit

280 3905 314 3970 in
335 3904 586 3989 Lugdunensem
609 3907 721 3972 urbem
743 3907 945 3991 comperiens
975 3927 1066 3973 suam
1097 3911 1232 3970 matrem
1260 3913 1293 3972 et
1320 3907 1452 3972 fratrem

349 4194 496 4248 tscemate
514 4192 548 4249 θ’
600 4199 757 4248 eonuemret
774 4193 800 4247 Ι)
868 4198 886 4266 51
901 4193 949 4260 pla
966 4189 1078 4258 bithrme
1095 4191 1216 4244 betranro
1240 4193 1265 4253 (e
1283 4207 1353 4246 rorr.
1371 4208 1410 4246 ea·
1427 4199 1452 4250 sl

278 4284 305 4340 D
357 4284 484 4340 lirurll
553 4285 734 4356 Srmpedrilet
751 4285 778 4340 Ι)
846 4283 1044 4352 bectrcprell
1099 4289 1126 4336 tt
1148 4283 1236 4354 capud
1254 4283 1281 4339 D
1333 4289 1364 4338 14
1382 4301 1454 4355 myr-

281 4376 308 4430 M
325 4375 352 4430 b
427 4382 461 4432 20
477 4378 577 4447 ibique]
597 4378 755 4448 cumqneD
829 4382 858 4431 21
881 4378 939 4445 cdq.
958 4376 1011 4431 rlhe
1029 4377 1101 4432 bellri
1119 4378 1206 4447 septus
1221 4381 1292 4431 mter
1310 4376 1456 4433 alterutros

279 4466 334 4522 ΒΡ
400 4473 432 4524 2³
451 4470 553 4524 drurtnl
568 4469 602 4525 u*
671 4475 702 4526 ³2
722 4470 861 4541 cdpeneni
876 4471 942 4526 BP:
960 4470 1237 4540 comprehendensque
1255 4469 1385 4525 Pithoeus
