2834 5394
192 293 255 358 398
671 312 763 359 urum
785 312 885 359 xvun

192 471 289 530 tonus
317 464 507 531 iuramentis
535 471 567 529 et
595 463 689 530 donis
716 463 922 549 tyrannidem
953 463 1093 528 solueret
1121 460 1208 545 quod
1229 468 1263 528 et
1285 462 1367 528 feeit.

192 573 366 660 tyrannide
388 594 466 640 uero
488 574 652 640 destructa
673 575 708 638 fit
730 575 900 639 Persarum
924 580 1021 657 atque
1043 574 1260 637 Romanorum
1282 571 1369 637 cirea

193 685 434 770 Martyropolim
467 683 641 749 maximum
675 684 806 749 bellum.
857 683 1012 749 Romanis
1045 703 1123 748 uero
1157 682 1304 767 potentia
1337 689 1368 746 et

193 794 310 861 ducum
333 797 449 861 uirtute
478 793 740 878 expugnantibus
763 794 880 859 Persas
911 793 1099 858 interficitur
1119 794 1270 859 Maruzas
1293 794 1367 858 Per·

193 927 302 973 sarum
330 912 469 990 praetor.
514 904 829 988 comprehenduntur
856 904 953 968 ctiam
981 903 1158 968 uiuentium
1187 903 1250 967 tria
1279 902 1395 967 niusa

193 1023 226 1082 et
255 1016 456 1082 Persicorum
483 1014 646 1099 principes
675 1015 855 1098 agminum,
893 1013 981 1078 mille
1010 1020 1134 1078 tanturn
1164 1015 1305 1081 reuersis
1332 1015 1366 1078 iu

192 1125 368 1192 Persidem.
413 1145 508 1210 porro
530 1125 668 1190 Romani
689 1124 910 1190 transmittunt
931 1123 972 1188 ad
995 1124 1221 1209 imperatorem
1237 1143 1278 1189 ex
1293 1124 1367 1190 Per·

196 1236 272 1302 sicis
294 1235 421 1301 exuuiis
444 1236 545 1300 multa
566 1242 597 1299 et
620 1241 731 1317 captos
754 1235 925 1300 uniuersos
948 1253 1107 1298 unacum
1130 1234 1258 1300 bandis.

81 1336 175 1401 XVII
281 1345 392 1412 Mense
407 1345 609 1430 Septcrnbrio
632 1344 807 1410 indictione
831 1351 923 1410 sexta
938 1345 1146 1428 Langobardi
1169 1345 1290 1408 bollum
1311 1343 1366 1408 ad·

192 1474 305 1524 uersus
328 1458 490 1521 Romanos
513 1456 689 1519 intulerunt
710 1461 742 1519 et
763 1456 941 1520 Romanam
963 1455 1124 1519 ciuitatem
1147 1455 1292 1537 grauiter
1313 1453 1367 1519 de·
1383 1462 1412 1510 10

191 1567 388 1653 praedantes
425 1573 457 1632 et
493 1565 701 1632 exarchatum
734 1566 910 1629 Rauennae
947 1564 1193 1649 depopulantes.
1239 1561 1297 1629 sed
1334 1570 1367 1629 et

191 1678 424 1744 Maurusiorum
448 1682 562 1760 gentes
584 1676 742 1740 aduersus
757 1675 897 1738 Africam
913 1695 1049 1756 magnas
1071 1674 1271 1740 turbationes
1293 1693 1366 1758 per·

192 1794 411 1874 petrauerunt.
456 1788 489 1851 in
518 1784 652 1850 Perside
681 1791 787 1849 autem
817 1805 927 1849 carcer
955 1792 1004 1850 est
1032 1785 1087 1866 qui
1117 1784 1233 1849 dicitur
1261 1783 1365 1849 Lethe

192 1905 224 1964 et
246 1899 362 1962 multos
384 1897 556 1962 Persarum
579 1915 635 1959 rex
665 1914 686 1958 a
721 1894 859 1961 diuersis
891 1895 1041 1978 gentibus
1073 1895 1107 1958 in
1141 1895 1201 1959 hoe
1234 1893 1365 1959 inclusit

191 2027 257 2072 una
286 2025 358 2070 cum
385 2005 522 2089 captiuis
553 2005 694 2071 ciuitatis
717 2006 834 2070 Darae.
879 2006 932 2071 isti
963 2026 1039 2088 ergo
1070 2005 1232 2089 desperati
1261 2005 1365 2070 insur·
1382 2005 1409 2055 ¹⁵

191 2123 272 2202 gunt
293 2123 404 2180 contra
427 2134 483 2179 cos
506 2115 560 2197 qui
583 2114 807 2180 custodiebant
829 2122 860 2179 et
881 2115 987 2181 occiso
1010 2116 1141 2181 Marusa
1168 2122 1265 2198 caput
1294 2114 1364 2179 eius

192 2226 385 2311 Byzantium
416 2225 561 2290 attulere.
612 2231 664 2290 ast
691 2225 866 2310 imperator
894 2246 964 2290 cum
993 2225 1112 2308 gaudio
1143 2245 1260 2307 magno
1289 2223 1363 2289 illos

191 2336 342 2422 suscepit.
387 2335 603 2420 Plrilippicum
626 2342 732 2401 autern
755 2336 811 2400 uix
833 2343 1013 2419 praetorem
1042 2335 1164 2419 recepit
1192 2334 1362 2400 exercitus.

190 2469 261 2514 cum
306 2454 413 2513 autem
457 2446 628 2511 Persarum
678 2446 955 2529 Romanorumque
999 2445 1118 2511 bellurn
1161 2444 1363 2528 Martyropo

190 2560 246 2625 lim
274 2558 374 2634 iieret,
412 2562 605 2639 superantur
633 2557 779 2620 Romani.
825 2556 999 2638 imperator
1028 2562 1134 2620 autern
1161 2575 1181 2619 a
1208 2557 1407 2638 praetura-²⁰

191 2669 372 2752 Philippico
416 2687 527 2731 rursus
569 2673 675 2729 amoto
724 2664 957 2730 Gonrentiolum
1005 2672 1184 2749 praetorem
1228 2663 1362 2728 orientis

189 2777 316 2843 direxit.
371 2775 540 2840 Heraclius
569 2782 676 2840 autern
706 2781 916 2859 prosperatus
944 2774 977 2840 in
1009 2776 1095 2840 bello
1126 2775 1260 2858 peremit
1290 2774 1363 2838 Per-

191 2909 299 2956 sarum
333 2892 523 2969 praetorem.
576 2884 730 2949 Airalrato
763 2905 839 2951 uero
869 2885 1060 2970 interempto
1089 2885 1215 2969 lugiunt
1243 2885 1362 2949 Persae

190 3005 223 3065 et
245 2999 432 3063 insecuntur
454 2995 599 3058 Romani.
645 3014 716 3058 cum
740 3002 846 3061 autem
869 2996 1002 3060 multum
1026 2994 1140 3061 luisset
1167 2996 1201 3058 in
1230 2995 1278 3059 cis
1304 3009 1362 3059 'ex-

189 3106 308 3171 cidium
331 3107 457 3185 lactum,
491 3103 765 3187 comprehendunt
788 3105 885 3170 etiam
908 3105 1087 3171 aristodium
1116 3113 1147 3170 et
1169 3106 1286 3169 multas
1310 3123 1362 3169 ex·
1379 3111 1410 3161 25

190 3216 285 3281 uuias
307 3213 499 3298 Byzantium
522 3213 658 3278 mittunt.
704 3213 844 3298 denique
867 3217 1041 3300 imperator
1064 3216 1265 3300 equestribus
1289 3233 1362 3297 spe-

190 3323 408 3390 culationibus
431 3329 462 3389 ct
484 3325 682 3390 commerciis
706 3325 817 3389 urbem
840 3325 1046 3408 splendidam
1068 3325 1218 3390 reddidit.

63 3432 172 3498 XVIII
278 3433 451 3500 Hormisda
474 3454 551 3499 uero
573 3434 744 3499 Persarum
768 3454 825 3500 rex
846 3443 1027 3518 praetorem
1043 3436 1160 3499 Buram
1183 3440 1361 3519 promotum

188 3566 254 3612 una
276 3566 347 3609 cum
369 3544 553 3627 potentibus
575 3545 684 3610 multis
706 3552 818 3609 contra
840 3545 994 3610 Suaniam
1024 3545 1128 3608 mittit.
1174 3565 1213 3609 cx
1243 3543 1361 3627 impro-

189 3657 259 3723 uiso
286 3663 394 3721 autem
424 3655 498 3719 huic
526 3656 651 3720 instans
682 3654 724 3719 ad
746 3655 869 3720 Araxin
897 3655 1015 3721 flumen
1045 3661 1151 3720 castra
1173 3658 1360 3718 commouet.
1377 3665 1410 3715 ao

189 3767 215 3832 si
248 3765 376 3850 quidcm
408 3765 602 3849 expugnatis
624 3766 738 3830 Turcis
766 3767 918 3832 aPersis
946 3766 1028 3831 adeo
1058 3763 1233 3830 Hormisda
1260 3762 1361 3826 creuit

188 3883 222 3941 ut
244 3877 339 3941 etiam
364 3875 482 3939 tributa
505 3874 721 3958 quadraginta
744 3875 833 3940 milia
856 3875 926 3940 auri
949 3875 1098 3941 aTureis
1115 3875 1274 3956 acciperet
1289 3891 1359 3935 cum

193 4063 488 4072 ——-—---—--.

256 4173 270 4222 3
299 4174 420 4238 potentia
435 4168 439 4238 Ι
455 4173 481 4223 et
508 4168 590 4221 durun
617 4168 775 4222 ucrrtutell
881 4171 909 4220 12
935 4167 1092 4220 maurriroru
1124 4167 1150 4221 D
1255 4169 1285 4218 13
1303 4166 1359 4233 qui]

191 4275 242 4330 quc
261 4260 287 4314 D
391 4266 421 4315 15
440 4267 494 4316 uua
519 4260 557 4315 D¹
644 4260 752 4314 darell
856 4264 886 4312 l'l
911 4266 937 4312 et
961 4263 993 4312 26
1011 4259 1179 4314 braantrul)
1265 4263 1297 4313 20
1316 4260 1358 4311 iu-

187 4359 299 4419 peratur
322 4352 364 4406 θ’
476 4358 509 4407 ab
535 4353 703 4423 potenltatrb3
731 4353 756 4407 Ι)
834 4368 867 4407 ex
897 4352 1027 4421 inspirato
1055 4352 1081 4407 b
1184 4357 1212 4405 31
1243 4352 1355 4406 hormrl·

186 4444 276 4500 dail)
