2834 5394
157 235 219 299 434
664 252 756 299 urum
778 251 825 298 xx

59 399 137 467 XVI
159 404 247 469 mur!
290 403 464 488 imperator
485 410 593 470 autem
617 404 753 489 sumptis
776 403 901 469 militiis
930 423 1004 468 mcx
1032 403 1075 469 ad
1097 401 1270 469 Persidem
1293 404 1343 468 in-

158 515 308 580 teriorem
336 513 475 581 accessit
503 515 579 597 igne
608 514 799 579 comburens
829 514 926 580 urbes
955 520 987 579 et
1014 522 1130 581 castra.
1174 513 1211 578 fit
1238 514 1339 578 etiam

157 625 210 690 hic
231 624 373 690 terribile
395 623 558 708 quoddam
581 625 779 689 miraculum.
824 624 859 688 iu
881 623 1031 690 aestiunli
1054 624 1173 708 quippe
1195 624 1339 690 solstitio

158 754 216 802 aer
240 733 359 802 sudore
388 735 491 801 factus
514 741 564 800 est
592 733 741 799 madidus
778 734 904 800 animos
927 735 1144 799 Romanorum
1172 733 1337 800 exercitus

159 864 313 912 recreans
336 842 419 909 adeo
443 850 477 910 ut
499 844 575 909 hinc
597 864 688 929 spem
710 844 865 928 optimam
880 851 1052 910 sumerent.
1090 842 1228 909 audiens
1244 850 1369 928 praet

158 963 249 1022 terea
269 955 441 1020 Heraclius
464 954 552 1038 quod
574 953 735 1020 Obosroes
758 954 846 1038 apud
868 953 1053 1019 Gazacoteu
1076 953 1238 1018 ciuitatem
1263 972 1336 1018 cum

160 1063 377 1149 quadraginta
399 1063 529 1130 milibus
551 1063 777 1130 bellicosorum
800 1070 888 1131 esset
923 1064 1072 1145 uirorum,
1109 1082 1181 1128 cum
1211 1063 1334 1148 impetu

159 1173 317 1240 aduersus
338 1174 429 1238 illum
450 1175 592 1259 perrexit
613 1182 644 1241 et
665 1175 838 1259 praemissi
866 1173 997 1258 quidam
1024 1175 1066 1239 ab
1094 1193 1133 1239 eo
1155 1174 1334 1241 Saraceuo

160 1305 230 1349 rum
252 1283 315 1350 sibi
343 1284 586 1368 subiugatcrum
609 1283 770 1352 Chosroes
799 1292 967 1350 occurrunt
994 1284 1126 1367 uigiliae
1154 1289 1186 1349 et
1216 1283 1331 1348 borum

160 1394 316 1479 quosdam
345 1393 538 1475 occiderunt,
575 1394 731 1478 quosdam
760 1414 837 1460 uero
866 1393 1076 1479 compedibus
1104 1393 1230 1460 uinctos
1258 1413 1332 1459 cum
1355 1396 1384 1447 ¹⁰

160 1514 308 1591 praetore
337 1506 481 1590 ipsorum
511 1505 697 1589 imperatori
726 1511 1025 1589 praesentauerunt.
1082 1503 1143 1568 hoc
1170 1510 1337 1588 comperto

161 1616 322 1682 Chosroes
344 1614 499 1680 derelicta
521 1622 588 1679 tam
610 1616 741 1680 ciuitate
765 1636 862 1698 quam
884 1615 1000 1679 militia
1021 1615 1097 1697 luga
1119 1635 1197 1680 usus
1221 1622 1283 1679 est.
1305 1620 1339 1680 at

162 1746 240 1791 uero
255 1724 423 1790 Heraclius
447 1725 610 1815 insecutus
633 1724 790 1808 quosdam
813 1732 1065 1810 praeoccupatos
1087 1723 1213 1804 occidit,
1237 1725 1338 1789 ceteri

161 1844 269 1902 autem
292 1835 353 1898 bac
376 1835 514 1918 illacque
536 1835 686 1919 palantes
709 1834 859 1919 dissipati
882 1843 965 1901 sunt.
1010 1854 1145 1918 cumque
1167 1834 1339 1919 peruenis-

163 1954 213 2011 sct
234 1946 409 2029 imperator
430 1942 473 2007 ad
496 1942 730 2011 Gazacensiurn
754 1946 928 2026 ciuitatem,
965 1945 998 2010 in
1022 1943 1217 2011 suburbanis
1240 1943 1338 2010 huius
1356 1943 1386 1993 ¹⁵

161 2054 327 2120 reficiebat
349 2053 523 2118 exercitum
546 2074 648 2134 suum,
671 2054 791 2120 Persae
813 2074 890 2120 nero
912 2056 965 2137 qui
981 2056 1191 2138 confugerant
1205 2053 1249 2119 ad
1263 2073 1339 2119 eum

162 2163 379 2250 perhibebant
406 2162 492 2246 quod
521 2162 680 2230 Chosroes
709 2166 834 2248 lugiens
863 2167 938 2250 igne
966 2165 1200 2249 consumpserit
1228 2165 1342 2230 omnia

163 2281 235 2342 sata
266 2274 301 2339 in
333 2272 412 2340 locis
446 2273 511 2339 illis
542 2282 574 2339 ct
604 2276 788 2358 peruenerit
815 2275 858 2341 ad
886 2278 1051 2341 ciuitatem
1074 2274 1283 2341 Thebarmau
1306 2274 1340 2339 in

162 2386 286 2453 oriente
309 2386 403 2451 sitam
426 2385 460 2449 in
482 2404 547 2468 qua
568 2391 638 2449 erat
659 2387 813 2469 templum
835 2387 925 2469 Ignis
940 2392 1037 2468 atquo
1051 2385 1209 2469 pecuniae
1225 2383 1341 2450 Croesi

165 2495 333 2583 Lydorum
357 2497 443 2578 regis
466 2504 498 2561 et
520 2515 608 2561 error
630 2516 814 2580 prunarum,
845 2495 895 2562 bis
917 2497 1057 2581 acceptis
1079 2494 1121 2560 ad
1143 2505 1254 2578 partes
1275 2493 1342 2559 Da·
1357 2498 1388 2549 2⁰

164 2606 295 2691 stagerd
318 2607 377 2671 iter
399 2605 526 2688 agebat.

50 2710 144 2777 XVII
252 2717 431 2799 Imperator
453 2722 559 2781 autem
583 2716 743 2799 profectus
773 2736 793 2780 a
815 2715 1048 2781 Gazaccusiuru
1077 2716 1206 2780 ciuitate
1228 2734 1342 2800 perue-

166 2825 214 2890 nit
235 2825 451 2890 Thebaruraru
476 2831 507 2889 et
530 2826 696 2909 ingressus
718 2827 752 2890 iu
774 2844 845 2889 eam
867 2825 942 2908 igne
964 2826 1163 2910 consumpsit
1184 2827 1340 2909 templum

164 2936 253 3020 Ignis
276 2944 308 3002 et
329 2943 396 3000 tota
417 2935 547 3000 ciuitate
575 2935 651 3019 igne
680 2935 836 3001 conbusta
864 2944 1052 3017 persecutus
1075 2943 1123 3002 est
1145 2943 1217 3018 post
1240 2934 1341 3002 Chos-

164 3065 243 3111 roeu
266 3046 297 3109 in
328 3045 487 3126 angustiis
516 3045 658 3127 regionis
680 3044 854 3110 Medorum.
900 3044 1060 3111 Chosrocs
1089 3053 1195 3111 autem
1223 3045 1258 3110 in
1286 3045 1339 3110 his
1357 3053 1389 3105 25

166 3153 291 3218 duabus
315 3153 500 3236 regionibus
523 3153 564 3219 dc
586 3155 656 3218 loco
678 3154 712 3219 iu
734 3155 838 3218 locum
860 3175 1039 3239 peragrans
1060 3155 1209 3220 latitabat
1230 3163 1264 3221 et
1278 3155 1343 3220 He

165 3262 283 3327 raclius
306 3262 390 3326 bunc
412 3281 610 3347 persequens
632 3266 750 3331 multas
772 3266 920 3331 ciuitates
936 3264 1119 3332 ‹leuastauit
1133 3273 1165 3331 et
1179 3265 1342 3348 regiones.

166 3372 273 3439 hieme
296 3392 372 3437 uero
395 3372 568 3439 accedente
591 3375 759 3441 consilium
782 3376 920 3440 faciebat
942 3375 1073 3441 ubinam
1089 3375 1246 3440 hiemaret
1268 3396 1341 3441 eum

165 3485 293 3568 populo,
323 3493 355 3549 et
377 3483 507 3568 quidam
532 3504 608 3550 uero
631 3486 666 3549 in
688 3485 829 3550 Albania
855 3485 1078 3567 perhibebant,
1103 3486 1233 3569 quidam
1264 3504 1341 3550 uero

167 3604 279 3659 contra
300 3595 405 3678 ipsum
435 3615 609 3681 properare
631 3595 808 3663 Chosroen.
852 3602 904 3661 ast
931 3597 1104 3679 imperator
1126 3596 1220 3661 iussit
1240 3615 1341 3679 popu·
1357 3607 1393 3658 ao

167 3705 232 3769 lum
260 3704 362 3771 tribus
391 3705 504 3771 diebus
534 3706 679 3772 diuinum
706 3707 869 3772 oraculum
899 3707 1149 3790 praestolantem
1184 3711 1273 3770 caste
1302 3723 1343 3769 ac

167 3815 290 3898 puriter
312 3816 507 3898 conuersari,
546 3817 655 3899 sicque
685 3836 841 3900 responso
864 3824 995 3897 accepto
1018 3815 1051 3879 iu
1074 3816 1214 3881 Albania
1236 3814 1343 3882 bieme

236 4107 250 4156 2
269 4094 374 4172 rgan)
444 4109 459 4157 l
478 4105 583 4158 ammul
598 4104 625 4159 D
677 4110 692 4159 6
710 4110 857 4173 gazaeoten
875 4103 907 4170 P,
927 4104 1146 4174 Boupursr'auaa
1164 4104 1346 4157 Arcustosiaa:

168 4204 298 4262 gazacote
314 4198 341 4252 D
412 4203 440 4250 ll
460 4196 541 4266 quod]
561 4197 628 4264 quoi
645 4196 669 4251 D
746 4202 775 4250 19
795 4199 862 4267 crylr
882 4197 914 4261 P,
933 4197 1152 4268 Bcaqursianua
1171 4197 1345 4261 Arrastnst'us,

170 4288 241 4340 enllr
259 4288 284 4341 1)
369 4293 401 4343 ²0
419 4280 506 4346 uuori
524 4289 550 4344 I)
629 4293 661 4342 23
680 4289 845 4344 thebarmelo
864 4287 924 4355 ΒΡ,
942 4288 1163 4361 Bonansr'uaas,
1180 4291 1348 4344 Artostasr'as

170 4381 199 4430 ³1
221 4377 340 4433 diuinum
357 4382 516 4438 miraculum
533 4381 733 4452 praestolanten
752 4388 842 4438 casua
859 4382 962 4452 puriter
979 4381 1189 4454 Bouporsicaus
