2834 5394
194 285 254 348 432
706 300 796 348 marn
820 302 865 348 xx

192 450 427 518 descendentes
457 456 565 516 autem
594 451 676 516 clam
705 451 747 517 de
776 458 884 518 monte
912 471 1012 535 saepe
1039 451 1205 517 conflictus
1227 454 1367 519 eoncita-

190 561 280 627 bant.
325 560 382 626 sed
406 562 438 626 in
462 561 583 627 eunctis
606 563 741 626 Romani
771 564 943 647 primatum
972 562 1125 626 tenebant
1153 568 1186 627 ct
1213 561 1365 627 fiduciam

190 672 390 757 peramplius
412 671 573 737 exercitus
595 671 762 737 obtinebat
782 672 931 738 uidentes
952 673 1180 756 imperatorem
1195 673 1365 756 prosilien-

189 787 253 847 tem
282 781 315 845 in
346 781 494 846 omnibus
522 789 554 846 et
582 780 748 848 audaciter
776 783 1030 865 belligerantem.
1075 782 1174 847 Persa
1197 800 1276 847 uero
1298 783 1364 867 qui·

188 890 264 956 dam
294 899 369 956 ante
399 891 496 956 brerae
524 897 651 975 tempus
680 893 835 976 profugus
863 893 946 957 inter
975 892 1179 977 impemtoris
1201 894 1391 959 exercitust

190 1001 470 1077 annumerabatur.
522 1001 576 1066 hic
605 1002 732 1084 fugiens
761 1002 804 1066 ad
833 1002 951 1069 Persas
979 1002 1060 1067 abiit
1088 1003 1278 1069 existimans
1308 1022 1363 1069 eos

192 1112 404 1175 Romanorum
427 1106 696 1178 exterminaturos
719 1113 904 1177 exercitum.
950 1131 1019 1176 eum
1037 1119 1143 1177 autem
1160 1111 1363 1178 formidinem

189 1239 296 1285 eorum
329 1220 465 1287 uidisset
496 1229 571 1306 post
603 1221 760 1286 dee-imum
794 1221 880 1287 diem
914 1222 1027 1286 itemm
1060 1221 1102 1287 ad
1135 1223 1362 1307 imperatorem

190 1330 280 1396 uenit
303 1339 335 1395 ct
356 1351 483 1396 omnem
506 1331 628 1416 liquido
650 1351 804 1416 pauorem
828 1332 1037 1397 barbarorum
1061 1331 1171 1397 edixit.

88 1430 170 1497 XIII
275 1442 317 1506 At
348 1460 425 1507 uero
459 1442 620 1507 Sarbarus
652 1443 736 1506 ultra
768 1442 1049 1507 commorationem
1082 1462 1146 1507 non
1184 1442 1294 1509 ferens
1331 1443 1364 1506 in
1381 1453 1405 1501 lo

105 1619 111 1629 ,
186 1556 294 1618 monte
317 1560 446 1618 coactus
469 1551 581 1618 estad
604 1553 760 1638 proelium
784 1553 953 1636 proiiuisei.
997 1553 1030 1616 in
1059 1559 1124 1618 tres
1153 1559 1262 1618 auteur
1292 1573 1363 1638 par·

187 1668 236 1727 tes
259 1660 375 1728 diuisis
398 1663 590 1729 exercitibus
612 1662 781 1729 deseendit
810 1668 942 1747 repente
971 1663 1175 1729 illucescente
1206 1663 1261 1728 die
1288 1670 1364 1729 ante

187 1772 266 1837 solis
288 1792 458 1839 ascensum
475 1781 689 1858 praeparatus
704 1773 746 1837 ad
762 1773 892 1837 bellurn.
938 1779 971 1837 at
986 1773 1160 1857 imperator
1176 1773 1364 1857 praesciens

188 1881 248 1946 hoc
279 1881 407 1947 ordinat
438 1883 598 1948 exereitus
631 1883 664 1947 in
697 1889 764 1948 tres
799 1902 902 1966 aequo
932 1882 1113 1967 phalanges
1143 1882 1186 1947 ad
1208 1903 1362 1968 pugnam.

188 1998 257 2055 orto
279 1999 384 2056 summ
410 1993 477 2058 sole
500 1999 531 2056 et
552 1992 747 2076 imperatore
769 1992 811 2057 ad
835 1993 990 2058 orientem
1015 2000 1142 2079 reperto
1163 1995 1284 2060 Persas
1306 1994 1363 2058 ob-
1381 2001 1406 2051 1⁵

187 2100 372 2165 tenebrauit
395 2097 505 2168 radius
529 2122 621 2185 quem
646 2101 828 2168 adorabant
850 2110 884 2167 ut
906 2102 1010 2168 deum.
1056 2103 1232 2187 imperator
1255 2110 1363 2170 autern

187 2210 279 2276 finxit
301 2211 453 2296 populum
476 2232 569 2276 suum
592 2213 685 2295 quasi
708 2214 742 2277 in
764 2213 872 2295 fugam
896 2232 1033 2277 uersum.
1080 2220 1114 2276 at
1134 2214 1182 2278 illi
1198 2214 1363 2280 soluentes

186 2320 367 2406 phalanges
391 2321 450 2388 lios
473 2322 543 2387 sine
566 2323 745 2388 retentione
767 2323 918 2407 persequi
942 2323 1181 2389 existimabunt.
1213 2323 1363 2389 conuersi

186 2451 263 2517 ergo
278 2433 414 2497 Romani
438 2432 497 2499 bos
521 2452 624 2517 aequo
647 2433 755 2497 animo
778 2438 944 2498 uerterunt
965 2452 1005 2498 ex
1028 2432 1079 2498 bis
1101 2433 1212 2499 multis
1234 2452 1363 2518 perem-

186 2542 261 2626 ptis.
305 2543 514 2627 insequentes
537 2551 645 2609 autem
668 2563 724 2609 eos
746 2544 780 2607 in
802 2548 941 2607 montem
964 2543 999 2607 in
1022 2543 1214 2628 praecipitia
1236 2549 1269 2608 et
1290 2544 1364 2608 loca
1379 2554 1408 2605 ao

187 2652 285 2717 deuia
312 2654 512 2719 immiserunt
541 2655 664 2720 cernetis
694 2654 760 2718 illic
789 2653 943 2717 contritis.
988 2654 1071 2718 inter
1100 2673 1140 2717 ea
1166 2653 1364 2738 praecipitia

187 2779 264 2825 uero
295 2762 396 2827 instar
424 2782 594 2847 caprarum
625 2764 819 2830 siluestrium
849 2763 1067 2827 morabantur.
1112 2764 1230 2829 multos
1253 2770 1361 2828 autern

187 2870 285 2936 etiam
308 2873 454 2939 uiuentes
484 2872 804 2958 comprehenderunt.
849 2879 1003 2958 oeperunt
1031 2892 1157 2957 quoque
1187 2879 1219 2937 et
1247 2873 1361 2938 horum

186 2983 359 3047 exereitum
383 2991 414 3048 et
437 3003 563 3048 omnem
586 2983 816 3067 supellectilem
840 2984 992 3067 ipsorum.
1038 3003 1133 3067 porro
1148 2984 1286 3047 Rorrrani
1307 3001 1362 3049 ex·

186 3092 287 3157 tensis
311 3094 342 3155 in
367 3094 491 3157 eruelum
515 3094 664 3159 manilium
687 3092 748 3158 deo
770 3094 893 3176 gratias
915 3094 1098 3159 referebant
1127 3102 1158 3159 et
1180 3114 1239 3177 pro
1261 3094 1361 3178 impe·
1377 3109 1407 3159 ab

186 3208 292 3265 ratore
315 3202 369 3284 qui
392 3222 427 3267 se
448 3203 532 3267 bene
553 3203 749 3287 probauerant
770 3203 992 3269 indeficienter
1013 3203 1158 3267 orabant.
1195 3203 1249 3286 qui
1273 3203 1361 3267 enim

186 3316 282 3375 antea
311 3330 370 3376 nec
391 3312 554 3378 Persicum
585 3312 749 3378 audebant
778 3314 943 3397 puluerem
974 3313 1084 3378 uidere
1114 3332 1199 3377 auno
1226 3314 1363 3378 immota

185 3440 293 3485 eorum
316 3421 449 3487 inuenta
472 3422 682 3488 tabernacula
704 3424 854 3509 spoliant.
899 3424 972 3506 quis
1002 3425 1087 3489 enim
1118 3423 1263 3506 sperauit
1285 3424 1361 3488 Per·

184 3550 291 3596 samum
314 3533 568 3618 inexpugnabile
589 3553 692 3617 genus
713 3533 812 3600 dorsa
837 3533 985 3598 daturum
1012 3552 1164 3615 umquam
1178 3533 1361 3599 Romanis?

185 3641 292 3725 itaque
314 3645 490 3728 imperator
512 3645 654 3711 exercitu
683 3664 755 3708 cum
778 3650 926 3730 praetore
948 3643 990 3709 ad
1014 3641 1221 3708 biemandum
1243 3643 1278 3708 in
1302 3643 1361 3707 Ar·
1378 3656 1409 3707 su

188 3755 295 3818 menia
317 3753 469 3821 ‹lcrelicto
493 3755 564 3839 ipse
586 3755 779 3839 Byzantium
802 3755 906 3821 rediit.

72 3854 168 3919 Xllll
275 3864 368 3929 Anao
396 3885 474 3930 uero
503 3865 629 3949 imperii
659 3867 709 3931 sui
737 3866 831 3931 tertio
860 3866 983 3932 decimo
1005 3864 1174 3929 Heraclius
1197 3862 1361 3948 profectus

239 4044 458 4052 ..--——.—-..-
474 4047 488 4052 .-

255 4159 489 4217 1delcondean
558 4162 775 4230 soprrnebatl)
827 4149 966 4218 fulent⁴ell
1043 4163 1228 4216 bbarbaroru
1245 4165 1270 4223 fo
1289 4177 1364 4216 corr.

185 4267 224 4305 eac
240 4259 268 4307 ul
287 4254 315 4306 ia
333 4272 387 4309 ras.
405 4253 478 4310 inl)
530 4253 620 4308 eduxit
639 4256 665 4309 1)
735 4260 766 4307 to
784 4254 1055 4310 rememorationeD
1130 4261 1160 4308 14
1179 4262 1205 4310 et
1227 4257 1256 4307 18
1273 4253 1365 4308 falan-

186 4344 231 4409 gef
247 4342 274 4397 Ι)
358 4351 391 4400 20
408 4347 593 4420 precrprtroI)
677 4351 708 4400 21
728 4346 809 4401 doura
826 4345 949 4401 denral)
1023 4353 1055 4403 25
1073 4365 1102 4402 ιιι
1119 4332 1229 4404 excelle
1243 4363 1313 4402 corr.
1334 4349 1366 4402 in

186 4449 214 4487 ιιι
233 4436 369 4503 excelsior
388 4439 413 4493 I)
481 4443 513 4492 27
532 4440 670 4508 puluerem
688 4456 737 4495 om.
758 4438 784 4493 l)
