2834 5394
174 290 236 353 372
658 304 751 352 uram
771 305 858 353 xvru

171 458 361 523 Rauemam
391 454 525 521 rediere.
570 453 739 521 Bilisarius
767 473 844 521 uero
871 453 1010 538 <sedule
1039 477 1059 521 a
1087 478 1174 542 papa
1203 458 1346 526 Siluerio

168 566 286 633 aeriter
307 566 493 650 increpatus
514 583 571 629 cur
592 570 683 629 tanta
705 584 743 629 ao
765 565 845 630 talia
868 565 1045 632 homicidia
1066 567 1205 651 Neapoli
1228 587 1345 653 perpe

168 681 295 758 nasset,
319 675 449 741 tandem
472 680 638 758 correptus
660 680 692 738 et
714 675 884 758 poenitens
906 696 1017 743 rursus
1032 676 1241 760 proficiscens
1255 677 1344 743 Nea·

168 785 268 870 polim
291 792 323 850 et
344 785 461 850 uidens
483 782 596 849 domos
618 783 761 850 ciuitatis
775 784 989 869 depopulatas
1004 804 1042 850 ac
1059 805 1188 868 uacuas,
1210 787 1342 853 tandem

170 901 298 979 reperto
320 893 455 959 consilio
478 892 689 976 recuperandi
711 895 822 977 populi
846 895 1002 977 colligens
1030 914 1089 979 per
1111 894 1260 963 diuersas
1283 898 1374 962 uile

170 1004 221 1071 las
241 1003 479 1088 Neapolitanae
501 1002 642 1067 ciuitatis
664 1003 752 1069 uiros
775 1023 814 1068 ao
836 1005 987 1070 mulieres
1009 1004 1158 1071 domibus
1181 1004 1342 1071 habitatu·

170 1133 223 1178 ros
246 1112 380 1178 immisit
409 1111 442 1177 id
465 1118 516 1179 est
538 1111 700 1178 Cumanos
723 1112 917 1179 Puteolanos
947 1122 978 1178 et
1006 1115 1089 1178 alios
1112 1115 1268 1198 plurimos
1290 1116 1342 1180 Li-

168 1221 262 1286 buria
282 1221 438 1305 degentes
472 1228 504 1287 et
526 1221 618 1286 Plaia
639 1229 671 1286 et
693 1222 771 1287 Sola
792 1229 825 1287 et
845 1222 1010 1288 Piscinula
1028 1230 1060 1288 et
1082 1223 1289 1289 Locotrooola
1310 1230 1342 1288 et

167 1331 300 1397 Summa
320 1330 458 1415 aliisquo
488 1331 575 1397 uillis
604 1350 664 1396 ueo
691 1352 756 1397 nou
783 1332 928 1399 Nolanos
957 1339 990 1397 et
1017 1332 1209 1398 Surontinos
1240 1339 1272 1397 et
1300 1331 1341 1397 dc

167 1438 246 1505 uilla
268 1459 352 1525 quae
373 1442 477 1507 Stabii
503 1439 619 1506 dicitur
640 1440 822 1525 adiungens
849 1442 937 1508 uiros
966 1461 1004 1506 ac
1032 1442 1193 1523 mulieres,
1232 1442 1341 1507 simul·
1360 1448 1388 1497 ¹0

163 1568 226 1633 que
248 1555 280 1615 et
301 1549 342 1615 tle
363 1551 494 1635 populis
517 1549 676 1615 (limiterii
698 1549 855 1616 adiunxit.

65 1652 146 1717 XVI
251 1660 324 1725 Non
332 1665 407 1744 post
418 1660 548 1743 longum
560 1666 687 1744 tempus
696 1661 954 1727 rursusAirioam
964 1667 1165 1744 pugnaturus
1178 1678 1249 1724 cum
1257 1661 1341 1725 Van·

164 1767 248 1835 dalis
270 1788 410 1853 pergens
432 1770 599 1834 uictoriam
615 1769 656 1834 de
671 1770 720 1835 eis
735 1768 873 1853 adeptus
889 1777 948 1836 est.
987 1789 1028 1836 cx
1043 1790 1177 1853 quorum
1194 1769 1340 1852 reliquiis

165 1878 295 1943 Africae
322 1884 427 1944 terrae
456 1878 656 1961 captiuorum
685 1898 744 1943 nco
771 1899 836 1943 non
872 1886 904 1944 et
932 1879 1064 1944 Siciliae
1094 1886 1125 1943 et
1154 1880 1339 1962 Syracusae

164 1986 306 2052 ciuitatis
329 1988 488 2070 simulque
510 1988 676 2051 ciuitatum
690 1987 862 2054 Calabriae
884 1987 917 2052 id
933 1994 982 2054 est
994 1987 1153 2071 Rhegium
1168 1988 1338 2053 Maluitum
1356 1990 1386 2039 ¹⁵

167 2094 375 2160 Consentiam
404 2096 618 2179 uillarumque
646 2115 757 2161 earum
785 2098 922 2182 populos
950 2106 1046 2178 atque
1074 2097 1171 2162 totius
1198 2097 1339 2182 Apuliae

165 2204 320 2288 colligens
349 2205 579 2289 depopulatam
606 2206 769 2271 ciuitatem
800 2208 954 2291 impleuit.
1009 2213 1117 2271 tamma
1147 2207 1339 2291 saepissime

164 2314 198 2380 in
220 2314 409 2380 collectione
431 2316 622 2401 populorum
645 2315 687 2380 de
709 2316 845 2399 singulis
867 2315 1001 2382 urbibus
1029 2316 1228 2381 uenientium
1258 2315 1341 2381 solet

165 2441 349 2492 accrescere
372 2426 622 2511 stultiloquium:
645 2425 829 2490 annualiter
852 2426 917 2491 illis
940 2423 1101 2509 dirigebat
1115 2432 1246 2509 praetor
1260 2427 1339 2492 Siei-

167 2532 232 2601 liae
253 2536 358 2600 uirum
380 2536 523 2602 nobilem
545 2554 584 2600 ao
607 2535 787 2620 sapientem
811 2535 865 2618 qui
894 2534 1052 2599 iudicaret
1080 2541 1112 2599 et
1139 2533 1340 2601 discerneret
1354 2541 1387 2592 2⁰

166 2664 206 2710 ea
234 2664 319 2728 quae
346 2646 394 2709 illi
424 2646 555 2710 minime
584 2645 739 2711 sciebant.
785 2651 819 2709 at
846 2663 923 2709 uero
951 2643 1121 2709 Bilisam'us
1148 2643 1339 2727 Neapolim>

166 2750 347 2818 ordinatam
377 2754 565 2837 relinquens
595 2755 730 2819 Romam
759 2772 927 2835 regressus
955 2760 1014 2818 est.
1061 2753 1232 2836 statimque
1261 2755 1291 2817 ei
1319 2774 1340 2817 a

166 2861 339 2929 Theodora
360 2863 507 2946 Augusta
536 2863 719 2947 praeceptio
748 2863 848 2928 allata
875 2869 986 2929 estut
1015 2883 1133 2947 papam
1163 2862 1338 2927 Siluerium

165 2973 345 3038 conuictum
368 2973 574 3038 accusatione
595 2972 749 3038 falsorum
771 2973 901 3039 testium
925 2972 958 3035 in
981 2972 1112 3037 exilium
1136 2971 1279 3037 truderet
1300 2991 1339 3038 eo

165 3081 250 3166 quod
278 3082 464 3146 Antbimum
498 3081 694 3147 haereticum
728 3081 1118 3165 Constantinopolitanum
1151 3081 1339 3165 episcopum
1355 3091 1387 3144 2⁵

166 3207 358 3273 recuperare
380 3190 547 3256 noluisset.
592 3189 678 3272 quod
700 3190 871 3257 Bilisarius
901 3191 976 3256 licet
997 3193 1110 3255 nolens
1132 3190 1214 3254 nihil
1237 3210 1339 3255 mora·

166 3305 217 3365 tus
240 3297 354 3364 effecit.
399 3300 511 3383 pulsus
534 3297 674 3382 denique
695 3319 783 3384 papa
797 3301 955 3366 Siluerius
978 3300 1020 3364 ad
1036 3300 1182 3364 Pontiam
1199 3299 1340 3364 insulam

169 3414 218 3476 est
239 3407 274 3472 in
296 3427 361 3492 qua
382 3415 415 3473 et
436 3409 572 3475 exulans
594 3410 682 3474 obiit.

46 3519 139 3585 XVII
247 3517 376 3601 Vittigis
412 3535 489 3582 uero
524 3523 633 3582 coacto
666 3539 778 3585 rursus
814 3519 849 3582 iu
883 3539 981 3583 unum
1011 3537 1127 3600 magno
1159 3515 1338 3581 Gothorum

166 3628 308 3697 exercitu
329 3646 401 3693 oum
414 3627 567 3694 Bilisario
581 3625 724 3692 conflixit
747 3628 894 3711 laetaque
915 3627 1056 3693 maxima
1079 3646 1209 3692 suorum
1227 3632 1336 3708 strage
1352 3642 1385 3693 so

176 3832 463 3841 -—-———-——--

236 3958 246 4007 t
267 3952 354 4006 redire
370 3951 406 4016 B,
424 3951 516 4007 redere
534 3949 560 4005 Ι)
632 3956 710 4007 1-21
731 3953 764 4021 <>
781 3952 823 4007 D.-
841 3950 1013 4021 proficiscens
1029 3935 1162 4019 neapobm
1179 3965 1263 4018 eamq;
1283 3951 1288 4018 l
1308 3955 1338 4003 ut

166 4045 337 4114 competebat
354 4044 382 4099 B
450 4043 590 4112 tneapolt
608 4043 635 4098 Ι)
702 4043 829 4100 odomol
844 4042 1048 4097 habitaturotI)
1133 4041 1338 4096 leumanotD

166 4137 387 4207 9tyrentmotl)
458 4141 489 4190 to
507 4133 618 4191 stabul)
690 4140 719 4190 ¹2
738 4135 930 4205 uuanldabtll
1009 4139 1038 4189 tl
1058 4141 1226 4203 captiuorum
1242 4132 1338 4189 om.D

166 4227 323 4284 braouteD
395 4233 423 4282 15
442 4236 529 4297 regru-
544 4225 691 4281 malurtttl)
761 4232 790 4281 Π
809 4227 972 4297 depopulato
990 4232 1021 4281 at
1037 4227 1092 4281 uid.
1110 4226 1145 4281 θ’
1222 4231 1254 4280 24
1272 4241 1337 4280 con·

165 4319 304 4376 sanctuli
371 4325 403 4375 25
421 4326 525 4375 anumu
542 4320 570 4375 B
645 4322 676 4372 at
691 4323 758 4390 post
774 4317 887 4388 denique
906 4319 967 4374 add.
987 4321 1025 4374 elt
1041 4319 1068 4374 D
1136 4322 1168 4372 28
1186 4319 1225 4372 alt
1242 4316 1338 4373 oar)

166 4410 199 4463 29
217 4408 330 4479 Gmtrgrt
346 4411 381 4476 B,
398 4410 555 4481 Vuutrgrtll
622 4415 655 4465 20
670 4410 792 4466 bolitano
812 4411 839 4465 B
