2834 5394
214 308 255 370 84
721 317 813 365 nrum
835 317 888 363 1111

101 473 198 541 Xllll
306 472 407 556 Igitur
429 479 502 557 post
524 472 668 537 extincta
688 470 786 537 totius
808 468 953 534 Achaiae
975 466 1142 552 praesidia
1165 464 1382 531 destitutarum

216 582 417 649 euersionem
440 583 567 647 urbium
587 581 716 647 Metello
731 588 879 665 praetore
902 578 1077 645 meditante
1092 578 1207 644 consul
1220 573 1383 641 Mummius

216 693 404 779 repentinus
433 713 505 759 eum
534 692 648 778 paucis
678 691 766 756 uenit
795 692 828 756 in
857 696 974 755 eastra.
1025 690 1080 774 qui
1113 687 1251 753 dimisso
1283 685 1382 752 statim

216 804 345 870 Metello
379 802 568 869 Corinthum
602 801 837 868 nobilissimam
869 801 1026 868 Graeciae
1059 799 1226 864 ciuitatem
1260 808 1382 882 propter

216 913 367 978 iniuriam
400 913 578 997 legatorum
615 914 830 977 Romanorum
864 912 936 978 sine
969 930 1060 975 mora
1093 908 1296 993 expugnauit
1325 912 1407 971 toto!

213 1030 289 1087 tunc
327 1022 404 1088 orbe
447 1023 544 1106 longe
581 1023 813 1088 clarissimam
848 1022 992 1087 omnium
1026 1018 1184 1085 artificum
1213 1025 1311 1102 atque
1343 1036 1385 1081 ar·

216 1132 387 1196 titicioruru
415 1132 545 1197 officina
578 1140 610 1197 et
639 1132 816 1216 emporium
850 1150 1018 1198 commune
1046 1129 1147 1197 Asiae
1175 1135 1275 1213 atque
1296 1128 1386 1192 Euro

216 1260 278 1326 pac
301 1262 360 1325 per
389 1243 488 1307 multa
519 1250 604 1307 retro
634 1243 766 1308 saec-ula
794 1243 862 1307 luit.
906 1240 1066 1328 permissa
1093 1237 1269 1304 crudeliter
1296 1237 1387 1303 etium

216 1352 354 1436 captiuis
377 1351 557 1436 praedandi
579 1353 720 1433 lieentia,
744 1353 790 1419 sic
813 1352 923 1417 ournia
937 1350 1091 1417 caedibus
1107 1349 1305 1434 ignibusque
1319 1367 1386 1411 con·

215 1470 343 1547 sumpta
366 1471 441 1531 sunt
462 1470 495 1528 ut
518 1462 559 1528 de
581 1484 741 1528 murorum
765 1462 888 1528 anrbitu
910 1463 1004 1546 quasi
1027 1481 1045 1526 c
1072 1461 1200 1525 camino
1228 1458 1264 1523 in
1294 1464 1408 1523 unum!

217 1572 342 1656 apicem
366 1582 542 1640 coartatum
567 1572 746 1639 exundaret
768 1573 962 1638 incendium.
1007 1572 1116 1656 itaque
1138 1569 1280 1655 plurima
1300 1576 1389 1653 parte

215 1683 328 1767 populi
351 1685 435 1750 ferro
457 1684 661 1767 flammisque
682 1690 872 1768 consumpta
895 1683 1021 1767 reliqua
1042 1682 1102 1748 sub
1124 1698 1246 1746 corona
1260 1676 1391 1745 uendite

215 1799 274 1859 θεῖ.
320 1793 398 1858 urbe
420 1794 554 1859 incensa
577 1795 659 1858 muri
682 1792 825 1859 funditus
847 1793 944 1857 diruti
974 1799 1058 1874 sunt,
1088 1791 1222 1857 muralis
1250 1788 1338 1874 lapis
1359 1788 1390 1853 in

215 1903 381 1985 puluerem
405 1901 564 1979 redactus,
588 1903 711 1987 praeda
733 1904 849 1987 ingens
872 1909 983 1987 erepta
998 1908 1056 1968 est.
1080 1920 1159 1968 sane
1174 1920 1247 1966 curn
1262 1906 1391 1985 propter

215 2011 452 2077 multitudinem
487 2020 516 2077 et
551 2014 741 2080 uarietatem
786 2018 963 2079 statuarum
1008 2012 1316 2095 simulacrorumque
1359 2008 1392 2075 iu

216 2119 272 2184 illo
305 2121 446 2187 ciuitatis
485 2122 635 2188 incendio
664 2125 825 2208 permixta
854 2123 887 2187 in
915 2143 1013 2186 unum
1042 2121 1113 2187 auri
1142 2121 1269 2205 argenti
1298 2126 1394 2203 atque

216 2230 302 2296 aeris
325 2232 496 2316 omniaque
520 2234 615 2299 simul
637 2234 771 2299 metalla
792 2233 972 2313 fluxissent,
1001 2253 1119 2297 nouum
1142 2251 1247 2317 genus
1271 2228 1393 2296 metalli

217 2340 335 2406 iactum
357 2348 415 2408 est.
461 2342 547 2409 unde
570 2364 672 2427 usque
695 2344 727 2409 in
751 2343 942 2409 hodiernum
963 2342 1048 2408 diem
1073 2343 1143 2408 siue
1164 2362 1205 2407 ex
1227 2341 1302 2425 ipso
1324 2341 1394 2406 siue

159 2520 169 2537 ‚
217 2470 258 2517 ex
286 2451 464 2519 imitatione
493 2454 562 2521 cius
592 2473 649 2520 aes
671 2453 891 2534 Corinthium,
926 2455 1009 2519 sicut
1038 2453 1212 2519 memoriae
1239 2451 1393 2518 traditum

216 2570 274 2644 est,
299 2570 330 2628 et
353 2563 520 2629 Corinthia
543 2585 624 2631 uasa
646 2564 802 2630 dicuntur.

300 2672 424 2738 Eodem
453 2681 597 2758 tompore
625 2683 690 2741 tres
720 2675 814 2740 simul
843 2672 981 2757 Romae>
1010 2673 1210 2739 celeberrimi
1238 2670 1394 2756 triumphi

217 2779 359 2845 luerunt:
382 2782 525 2847 Africani
550 2804 591 2850 ex
612 2784 722 2849 Africa
743 2792 818 2851 ante
841 2784 931 2850 cuius
954 2804 1080 2849 currum
1103 2782 1218 2849 duetus
1240 2789 1292 2848 est
1312 2782 1395 2849 Hae·

216 2887 348 2974 drubal,
378 2892 497 2958 Metelli
532 2912 572 2958 ex
601 2894 791 2959 Macedonia
819 2892 934 2977 <cuius
968 2915 1095 2960 currum
1124 2895 1304 2978 praecessit
1330 2892 1395 2959 An·

217 2999 389 3085 damatus>
423 3002 509 3068 idem
544 3003 600 3088 qui
641 3010 673 3070 et
708 3005 779 3089 ipsc
816 3004 1129 3090 Pseudophilippus,
1171 3004 1317 3068 Mummii
1354 3023 1396 3069 ex

219 3109 372 3174 Corintho
395 3118 471 3177 ante
493 3132 587 3195 quem
610 3114 705 3198 signa
734 3133 837 3179 aenea
867 3121 899 3180 et
921 3116 1027 3200 pictae
1048 3115 1180 3181 tabulae
1201 3120 1234 3180 et
1255 3114 1324 3179 alia
1345 3135 1397 3178 ur·

217 3215 268 3283 bis
291 3219 493 3286 clarissimae
515 3232 705 3289 ornamenta
726 3225 873 3313 praelata
895 3232 978 3291 sunt.

302 3328 422 3393 Iterum
451 3330 484 3395 in
506 3331 697 3399 Macedonia
719 3335 976 3420 Pseudopcrses,
1011 3339 1066 3419 qui
1096 3356 1131 3402 se
1151 3336 1265 3403 Persei
1292 3334 1396 3401 filiurn

216 3455 289 3504 esse
312 3437 448 3522 dicebat,
478 3441 621 3508 collectis
652 3445 792 3512 seruitiis
816 3446 987 3512 rebellauit
1015 3453 1139 3511 etcum
1162 3447 1227 3511 iam
1250 3444 1396 3513 sedecim

216 3549 307 3614 milia
328 3557 524 3615 armatorum
546 3550 690 3636 haberet,
713 3557 922 3622 aTremellio
945 3562 1115 3642 quaestore
1139 3562 1313 3641 superatus
1336 3565 1396 3623 est.

135 3658 197 3724 XV
305 3658 451 3746 <Interea
467 3661 581 3729 Gnaeo
598 3662 747 3730 Cornelio
762 3666 899 3733 Lentulo
914 3668 1014 3732 Lucio
1030 3667 1183 3733 Mummio
1205 3667 1398 3735 oonsulibus

285 3900 346 3950 tet
365 3901 381 3951 4
400 3897 507 3953 metallo
527 3897 554 3953 Β
640 3904 738 3954 5tota
757 3900 783 3954 Β
868 3899 1055 3955 delantirma
1077 3918 1129 3956 osu
1156 3899 1209 3955 ΒΡ
1274 3916 1398 3956 omnrum

216 3986 294 4056 longe
325 4005 444 4045 ommum
473 3989 500 4045 Β
603 3996 617 4043 t
645 3991 756 4047 officrna
782 4010 833 4047 om.
851 3992 906 4047 ΒΡ
992 4001 1153 4064 emptorrum
1168 3993 1195 4047 Β
1304 3999 1321 4049 9
1348 4004 1397 4050 eo-

216 4079 289 4146 pleta
318 4080 345 4136 Β
446 4087 479 4137 22
505 4084 616 4138 fuerant
644 4084 670 4139 Β
773 4090 805 4139 ²3
839 4103 948 4142 currum
975 4090 1102 4158 precelsrt
1136 4089 1208 4145 anda
1226 4087 1332 4158 lmleui
1350 4112 1356 4123 ·
1372 4087 1398 4141 s

217 4176 279 4223 ante
303 4188 381 4240 quern
405 4174 503 4229 ductus
519 4178 558 4231 cit
574 4176 718 4232 hasdrubal
734 4179 738 4246 Ι
754 4177 851 4232 metelli
871 4178 898 4232 B
960 4181 1105 4237 andancul
1121 4183 1154 4239 Β
1258 4188 1291 4239 24
1309 4197 1396 4240 mum·

216 4262 328 4316 mrutD
413 4270 445 4320 25
464 4283 529 4323 enee
547 4270 574 4324 B
662 4273 695 4324 26
714 4270 913 4339 elalrrlsrmaB
998 4278 1030 4329 28
1056 4282 1107 4331 x‘v‘r
1130 4276 1157 4329 B
1251 4282 1284 4332 29
1307 4292 1396 4333 arma·

217 4358 306 4499 {prum
333 4363 449 4502 plrjactcr
482 4375 540 4415 arm
567 4365 595 4417 tu
624 4376 679 4418 rat.
710 4364 740 4417 ἐπ
757 4363 784 4419 Β
887 4370 996 4431 30-86,
1017 4374 1031 4423 8
1055 4372 1088 4440 <>
1116 4372 1156 4426 Β.·
1182 4372 1225 4429 hri
1248 4370 1344 4428 drebul
1368 4377 1397 4434 B

266 4462 334 4514 gneo
