2834 5394
178 240 240 303 180
664 250 757 298 nram
778 248 840 295 xxx

178 406 220 472 ab
242 405 377 490 imperio
400 406 516 471 fratres
538 423 614 470 suos
629 400 813 468 Heraclium
836 408 869 468 et
882 402 1047 468 'liberium
1070 408 1102 468 et
1122 404 1215 471 solus
1238 422 1368 488 regna·

177 517 225 581 nit
246 535 317 580 cum
339 515 470 581 Tiberio
492 513 559 579 filio
581 532 649 581 suo.

262 624 357 690 Anno
390 623 517 709 imperii
546 622 749 690 Constantini
778 628 893 706 quarto
925 620 1049 687 decimo
1085 622 1235 688 Mucthar
1268 645 1364 693 men·

177 735 243 802 dax
264 734 341 800 dum
372 732 577 818 tyrannidem
600 731 806 812 exercuisset,
839 731 977 816 optinuit
998 732 1176 799 Persidem.
1222 737 1364 803 uocauit

178 853 286 912 autem
308 863 344 911 se
364 845 472 928 ipsum
494 843 684 928 prophetam
707 850 740 907 et
760 841 940 907 conturbati
963 849 1038 908 sunt
1059 843 1195 910 Arabes.
1377 857 1392 906 5

262 955 358 1020 Anno
379 953 507 1038 imperii
529 951 732 1019 Constantini
753 952 865 1035 quinto
887 950 1012 1018 decimo
1031 952 1175 1018 Arabum
1198 955 1362 1040 princeps

178 1063 338 1129 Maruhan
369 1082 456 1128 anno
488 1082 553 1127 uno
584 1063 766 1148 praefectus
788 1069 848 1128 est.
893 1063 921 1129 si
943 1061 1072 1144 quidem
1095 1063 1248 1130 defuncte
1272 1066 1362 1133 Anid

179 1173 301 1240 turbati
321 1173 446 1240 Arabes
468 1172 590 1239 Etherii
612 1179 862 1239 exsurrexerunt
883 1173 1114 1240 constituentes
1143 1172 1262 1240 ducem
1294 1177 1361 1242 sibi

178 1281 363 1350 Habdallan
386 1283 548 1369 quendam
570 1282 670 1347 filium
691 1283 819 1349 Zubeir.
854 1289 886 1349 et
907 1284 1093 1366 congregati
1117 1283 1304 1352 Phoenices
1328 1294 1362 1352 ct

179 1393 358 1460 Palaestini
378 1395 574 1460 Damascum
596 1393 730 1459 ueniunt
751 1393 810 1460 sed
832 1399 865 1459 et
885 1413 988 1476 usque
1009 1392 1183 1459 Gabatban
1205 1401 1240 1459 et
1262 1394 1360 1462 Aean
1377 1402 1404 1453 ¹⁰

178 1503 312 1569 Amiran
331 1504 539 1569 Palaestinae
560 1501 700 1586 dantque
721 1523 837 1570 manus
858 1503 990 1569 dextras
1005 1503 1164 1568 Marhnan
1186 1510 1221 1568 et
1236 1504 1362 1570 sistrmt

180 1634 253 1681 enm
284 1612 406 1678 ducem.
451 1613 505 1697 qui
536 1611 668 1677 Amirae
701 1611 979 1678 administratione
1010 1613 1152 1697 fungitur
1183 1614 1361 1682 mensibus

179 1743 306 1790 nouem.
351 1730 383 1787 et
404 1741 442 1787 eo
464 1728 588 1786 mortuo
609 1720 797 1786 Abimelech
819 1723 905 1788 lilius
933 1723 1003 1789 eius
1026 1723 1167 1807 suscepit
1187 1723 1361 1808 principa-

180 1840 256 1913 tum,
290 1850 362 1895 cum
383 1832 511 1897 amiras
532 1831 646 1898 fuisset
667 1831 763 1897 annis
792 1830 907 1914 uiginti
938 1839 970 1897 et
997 1853 1061 1897 uno
1088 1840 1186 1916 atque
1214 1832 1360 1898 dimidio

178 1939 429 2024 aggrediturque
456 1947 610 2024 tyrannos
639 1946 670 2005 et
698 1941 857 2007 interiecit
883 1942 1068 2007 Habdallan
1101 1942 1202 2007 lilium
1231 1942 1361 2009 Zubeir
1379 1956 1404 2007 15

179 2067 326 2115 necnon
347 2055 380 2112 et
400 2047 600 2115 Dadachum.

26 2156 162 2226 XXIIII
266 2158 361 2224 Anno
389 2158 515 2243 imperii
538 2159 742 2226 Constantini
769 2167 860 2227 sexte
893 2160 1017 2226 decimo
1050 2161 1136 2226 facta
1166 2167 1217 2226 est
1248 2161 1359 2229 fames

179 2288 299 2354 magna
320 2276 417 2353 atque
445 2269 624 2336 mortalitas
652 2290 772 2354 magna
800 2271 835 2335 in
856 2271 953 2355 Syria
980 2278 1076 2354 gente
1104 2291 1200 2353 quam
1222 2270 1359 2338 Abime

178 2379 249 2446 lech
272 2379 420 2464 optinuit.
464 2398 600 2464 eumque
621 2380 800 2445 Mandaitae
821 2380 968 2464 partibus
990 2379 1213 2445 incumberent
1230 2381 1356 2447 Libani

179 2497 212 2557 et
232 2491 420 2575 pestilentia
441 2496 604 2556 teneretur
625 2497 658 2555 et
678 2491 790 2570 fames,
813 2489 900 2555 idem
920 2489 1108 2555 Abimelech
1131 2508 1242 2571 paoem
1267 2509 1357 2573 quae
1373 2498 1405 2550 tc

179 2599 346 2665 aMaubia
361 2600 465 2664 luerat
486 2600 633 2683 quaesita
653 2599 775 2684 petiuit,
791 2599 899 2665 missis
920 2599 963 2664 ad
984 2599 1209 2684 imperatorem
1232 2598 1356 2682 legatis

179 2707 357 2792 eademqne
378 2715 522 2773 trecenta
543 2709 713 2791 sexaginta
741 2708 882 2791 quinque
911 2709 1001 2772 milia
1028 2710 1255 2774 numismatum
1284 2709 1357 2773 ruri

179 2817 334 2902 praebere
355 2818 517 2902 pollicitus
538 2827 571 2884 et
592 2818 665 2883 illos
687 2823 846 2883 trecentos
869 2819 1041 2901 sexaginta
1068 2819 1209 2902 quinque
1238 2836 1355 2883 seruos

178 2929 314 3012 parique
335 2926 430 2992 modo
452 2926 577 2993 nobiles
599 2927 795 3010 totidemque
817 2945 927 3009 equos.

261 3035 356 3102 Anno
384 3037 512 3120 imperii
541 3037 591 3102 aui
620 3035 902 3121 septimodecimo
925 3037 1084 3120 requierit
1112 3037 1185 3121 pius
1214 3036 1353 3120 impera·
1372 3048 1404 3100 25

177 3150 227 3209 tor
248 3143 478 3210 Constantinus
500 3164 572 3209 oum
600 3146 794 3230 imperasset
824 3147 920 3213 annis
952 3146 1062 3211 decem
1096 3153 1130 3212 et
1163 3152 1285 3231 septem
1322 3152 1356 3212 et

179 3254 350 3338 imperauit
371 3254 571 3321 Iustinianus
592 3255 677 3322 filius
700 3257 780 3322 eius.

69 3360 166 3430 XXV
271 3365 365 3428 Anno
387 3364 429 3428 ab
451 3364 672 3430 incarnatione
699 3364 821 3430 domini
849 3366 1084 3432 sexcentesimo
1114 3365 1353 3450 septuagesimo

181 3481 294 3539 octauo
315 3475 530 3540 Ivsrmmuvs
541 3474 695 3541 Romanis
717 3475 864 3559 imperat,
879 3474 1041 3542 Arabibus
1056 3472 1242 3540 abimelech
1266 3474 1355 3558 prin·

189 3682 221 3689 ,-

250 3808 432 3879 2tyberr0D
525 3814 653 3879 cqmnto
671 3808 773 3864 decimo
785 3814 900 3880 practer
917 3825 954 3879 qu
971 3810 1000 3863 in
1017 3824 1071 3862 ras.
1090 3809 1119 3861 ia
1136 3807 1163 3863 Ι)
1249 3811 1355 3861 'imar-

182 3900 300 3957 huanD
382 3900 504 3972 gyzrdD
597 3902 734 3957 Saethern
759 3901 801 3967 Ι),
826 3901 920 3956 ethera
944 3900 973 3955 P
992 3907 1019 3956 et
1042 3899 1099 3956 cod.
1118 3900 1218 3955 Frauc.
1237 3898 1355 3966 Pitheci,

183 4000 271 4064 attyrn
298 3993 507 4065 Bonparsiaous
591 3994 691 4048 lcmcel
714 3993 741 4049 Ι)
850 3998 881 4048 11
909 3983 1041 4049 amrrbD
1146 3999 1175 4047 12
1194 4007 1355 4046 1111111111-

183 4085 428 4155 mrlmltratronell
498 4085 694 4142 13110111)
744 4086 915 4142 habdnlmehc
930 4086 1035 4141 frlrol)
1123 4090 1153 4138 11
1169 4085 1262 4138 furlret
1279 4086 1358 4138 anmi

183 4178 318 4233 fundati)
371 4183 401 4232 15
418 4180 591 4249 tyrannniD
640 4180 733 4235 aubert
749 4181 789 4235 sie
798 4178 852 4234 ΒΡ
867 4178 1078 4250 Bcaqarsicnus
1140 4181 1168 4230 18
1187 4178 1263 4246 tyna·
1275 4162 1357 4247 gentd

184 4283 238 4338 que
256 4269 289 4332 Ι),
314 4270 411 4326 deinde
427 4272 597 4328 habdrlmehc
615 4272 670 4329 ΒΡ
683 4272 895 4344 Bonqarsiaaes
988 4274 1021 4325 20
1038 4269 1252 4326 habdrlmelrcl)
1321 4275 1352 4325 21

184 4359 312 4414 mubama
329 4361 356 4415 Ι)
423 4369 456 4419 2³
473 4377 586 4434 precere
603 4365 637 4420 b
705 4369 737 4420 21
755 4370 782 4419 ct
798 4368 831 4418 19
848 4361 1003 4420 1111111111)
1071 4368 1104 4420 19
1126 4362 1339 4435 habdrlmelrcl)
