2834 5394
609 697 683 746 oar.
707 698 842 746 vir-xm
1252 687 1313 750 353

137 846 352 932 conflagrauit
373 847 533 915 incendio.
578 848 698 915 deinde
719 849 806 934 apud
821 851 1071 917 Neocaesariam
1087 869 1159 915 cum
1174 852 1313 918 futurum

140 966 228 1027 esset
249 966 284 1024 ut
304 959 397 1024 tieret
419 965 525 1026 terrae
554 965 668 1041 motus,
706 961 800 1026 miles
833 961 894 1026 iter
927 962 1049 1026 taciens
1080 959 1161 1026 duos
1195 962 1313 1029 milites

140 1088 239 1155 super
260 1088 334 1135 eam
356 1069 438 1134 uidit
459 1075 492 1134 et
513 1070 612 1135 alium
633 1070 768 1136 militem
791 1077 865 1153 post
885 1077 1010 1154 tergum
1022 1072 1214 1136 clamantem
1230 1071 1313 1137 ‘oon-

141 1186 271 1246 seruate
299 1176 429 1243 domum
459 1179 493 1244 in
523 1199 588 1261 qua
616 1181 800 1264 sepulcrum
823 1180 971 1265 Gregorii
1002 1181 1068 1247 est.'
1111 1200 1183 1246 cum
1205 1187 1312 1248 autem

107 1294 248 1355 oterrae
271 1296 374 1355 motus
398 1290 500 1354 iactus
523 1289 646 1371 fuisset,
684 1290 824 1376 plurima
851 1311 929 1375 pars
957 1291 1098 1356 ciuitatis
1120 1291 1239 1357 corruit
1259 1310 1312 1357 ex·

139 1405 234 1483 cepta
265 1398 360 1463 domo
391 1398 540 1482 Gregorii
563 1399 797 1484 Thaumaturgi
830 1399 865 1465 id
898 1407 948 1468 est
980 1401 1205 1466 miraculorum
1238 1419 1312 1486 ope·

139 1508 266 1574 ratoris.

223 1619 353 1684 Interea
379 1618 507 1684 Iuliana
535 1619 754 1686 illustrissima
785 1621 920 1704 femina,
957 1641 1041 1705 quae
1076 1622 1230 1706 templum
1259 1619 1311 1688 dei
1336 1614 1386 1680 XI

140 1728 314 1814 genetricis
343 1727 431 1813 apud
458 1729 641 1796 Honoratas
670 1738 901 1809 construxerat,
930 1730 1027 1796 ualde
1055 1751 1113 1815 pro
1137 1730 1311 1797 Chalcedo

95 1852 125 1902 10
139 1839 235 1905 nensi
258 1838 383 1924 synodo
406 1838 576 1923 satagebat
597 1840 643 1904 ita
664 1848 699 1904 ut
721 1841 750 1905 ci
772 1860 833 1905 nec
854 1841 1027 1925 imperator
1041 1840 1172 1925 quidem
1192 1841 1309 1907 multas

140 1948 298 2015 aduersus
334 1969 405 2015 eam
435 1950 595 2017 uersutias
628 1949 843 2016 adinueniens
879 1950 1048 2016 Timotheo
1075 1950 1310 2016 communicare

140 2058 338 2143 persuadere
368 2060 515 2126 ualuerit.
567 2059 624 2126 scd
653 2080 713 2126 nec
740 2061 811 2144 ipse
840 2060 1028 2127 Timotheus
1056 2061 1239 2144 frequenter
1267 2059 1310 2125 ad

140 2189 212 2234 eam
238 2188 383 2253 -pergens
418 2170 478 2236 hoc
513 2170 543 2235 ei
576 2171 680 2255 potuit
713 2169 919 2254 persuade-re.
964 2171 1150 2255 Pompeium
1183 2189 1309 2255 quoquo

140 2278 366 2345 consobrinum
389 2280 476 2347 illius
500 2287 532 2346 et
554 2280 652 2346 huius
681 2300 826 2361 uxorem,
864 2300 947 2364 qnae
969 2281 1084 2345 mulier
1106 2287 1176 2346 erat
1196 2286 1311 2346 ornata

93 2399 122 2449 rc
139 2395 172 2454 et
197 2389 412 2456 concedendis
441 2389 619 2466 beneficiis
636 2409 773 2472 uacans,
811 2391 920 2457 multis
949 2391 1123 2475 imperator
1151 2389 1310 2474 angustiis

139 2499 331 2564 humiliabat
353 2507 387 2564 ut
409 2502 568 2567 zelatores
591 2500 708 2585 synodi
737 2507 769 2565 et
792 2521 847 2566 eos
870 2502 925 2584 qui
947 2500 1137 2566 Macedonio
1159 2501 1311 2587 episcopo

138 2608 361 2692 largiebantur
384 2611 416 2675 in
439 2610 536 2675 exilio
560 2631 643 2694 quae
666 2611 853 2677 neccssaria
874 2616 975 2676 erunt.
1020 2611 1139 2677 deindo
1154 2611 1309 2695 quosdam

139 2738 180 2784 ex
214 2719 414 2804 principibus
446 2721 612 2805 praecepit
651 2722 685 2784 in
714 2722 834 2805 templo
857 2720 961 2786 sancti
984 2719 1146 2785 Theodori
1169 2721 1312 2805 Sparatii

139 2848 237 2913 super
259 2830 430 2895 ambonem
452 2831 595 2913 Trisagii
618 2828 875 2895 additamentum
904 2829 1073 2895 admittere
1105 2829 1138 2893 id
1167 2839 1217 2895 cst
1244 2831 1311 2912 qui

90 2953 123 3003 ιο
139 2939 249 3003 cruci
272 2938 383 3005 fixus
406 2952 472 3006 est
493 2960 567 3024 pro
583 2939 703 3005 nohis
727 2925 774 3004 ita
810 2947 844 3004 ut
873 2938 1095 3004 multitudines
1122 2938 1309 3022 indignatae

138 3068 197 3132 per
212 3047 298 3114 diem
320 3051 454 3115 litaniae
475 3050 565 3115 illinc
582 3050 823 3133 egrederentur,
848 3048 977 3133 quando
994 3057 1025 3114 ct
1042 3048 1231 3116 Timotheus
1251 3067 1310 3135 per

139 3158 416 3224 commonitorium
438 3161 593 3244 scriptum
616 3160 767 3226 omnihus
790 3160 936 3226 ecclesiis
958 3160 1123 3244 praecepit
1137 3160 1309 3243 Trisagion

138 3269 172 3335 in
194 3268 317 3335 litaniis
339 3289 411 3334 cum
434 3269 655 3336 additamento
678 3270 859 3353 dicendum,
897 3269 983 3354 quod
1011 3270 1102 3334 multi
1131 3275 1309 3334 metuentes

137 3380 289 3445 iecerunt.
339 3380 489 3445 monachi
517 3401 594 3445 ucro
622 3381 721 3445 alium
749 3382 909 3464 psalmum
944 3379 1114 3464 psallendo
1142 3384 1308 3444 uenerunt.

88 3502 121 3552 25
138 3489 199 3556 hos
220 3496 328 3555 autem
350 3491 490 3574 populus
520 3489 635 3557 uidens
665 3491 817 3555 clamauit
840 3491 931 3557 ‘hene
953 3497 1111 3555 uenerunt
1132 3488 1310 3555 orthodoxi

138 3599 350 3680 simultasque
372 3601 475 3665 multa
497 3601 582 3666 lacta
605 3610 655 3666 est
683 3609 714 3666 et
745 3600 929 3666 incendium
952 3598 1117 3665 domorum
1140 3602 1309 3667 multarum

138 3730 177 3775 ac
199 3709 374 3775 homicidia
396 3710 482 3776 dena
510 3711 609 3791 milia,
647 3711 741 3776 turha
771 3712 965 3776 uociferante
994 3711 1151 3778 aduersus
1173 3711 1309 3778 Anasta·

138 3819 221 3887 sium
252 3828 285 3886 et
306 3821 505 3885 Vitalianum
536 3823 762 3904 imperatorem
791 3828 919 3905 petente
946 3823 993 3887 ita
1019 3830 1054 3887 ut
1081 3823 1204 3905 fugeret
1225 3821 1309 3886 Ana·

139 3930 259 3998 stasius
281 3939 313 3995 et
334 3931 478 3996 latitaret
499 3931 540 3995 ab
570 3931 710 4015 ipsaque
732 3931 875 3996 Ariadne
897 3933 1092 3998 laceraretur
1113 3931 1240 3996 iniuriis
1262 3937 1309 3995 ut·

88 4049 121 4100 oo
138 4046 213 4124 pote
235 4041 405 4105 multorum
430 4060 530 4105 causa
552 4041 709 4105 malorum
734 4041 928 4108 Christianis
951 4042 1092 4108 effectus.

221 4150 442 4216 Alamundaro
465 4158 572 4215 autem
595 4151 741 4234 principe
757 4152 989 4217 Saracenorum
1011 4152 1117 4235 gentis
1139 4151 1302 4235 baptizato
1324 4158 1390 4224 ΧΠ

139 4261 280 4328 Seuerus
304 4261 385 4328 duos
407 4261 578 4345 episcopos
601 4260 730 4325 macula
753 4280 831 4327 suae
854 4262 1026 4345 prauitatis
1042 4262 1176 4328 infectos
1191 4260 1309 4328 direxit

136 4388 236 4437 eausa
257 4369 523 4436 communicandi.
570 4369 623 4436 dei
646 4379 753 4435 autem
776 4370 980 4455 prouidentia
1007 4372 1063 4438 ille
1090 4370 1132 4436 ab
1161 4370 1308 4438 orthodo-

207 4632 403 4701 lneolcclana
419 4630 446 4684 D
547 4629 601 4713 tir
620 4629 695 4683 mdes
710 4631 736 4685 D
822 4631 1003 4701 5except01)
1074 4637 1102 4685 ll
1122 4629 1270 4686 adueniens
1283 4631 1311 4688 Ι)

139 4729 169 4779 18
189 4724 320 4794 spheracu
338 4723 393 4780 ΒΡ
464 4728 493 4779 19
511 4723 679 4781 amittersl)
731 4728 761 4778 21
782 4723 927 4797 lctamcl)
978 4729 1010 4778 2³
1027 4723 1176 4781 letannlD
1225 4724 1310 4780 multa

135 4833 187 4871 om.
206 4816 244 4872 θ’
314 4821 346 4872 29
364 4815 525 4873 arcadnsl)
588 4821 723 4876 laceratur
741 4817 779 4873 θ’
847 4823 880 4873 32
898 4818 994 4872 duent
1011 4833 1035 4872 er
1052 4816 1240 4875 comumcandr
1256 4816 1310 4874 Μ’

180 4911 296 4953 llrsroara
309 4921 428 4957 mactant
1053 4923 1085 4974 23
