2834 5394
591 685 663 733 cm.
687 685 798 732 x-xrr
1219 676 1284 738 213

150 854 227 900 neren
243 835 371 918 babens,
394 836 549 920 inprobos
573 837 643 903 sine
666 838 778 921 aliqua
799 837 975 902 acerbitate
997 838 1172 924 detestans,
1198 844 1279 925 regi·

148 945 191 1012 bn
205 947 305 1013 amicus
334 943 430 1029 (esse
453 945 604 1022 studens,
632 968 704 1011 eum
726 947 836 1012 orbem
865 954 970 1013 terrac
997 950 1085 1014 nullo
1108 951 1192 1016 bello
1222 971 1280 1037 per

148 1074 219 1121 amos
229 1057 334 1140 uiginti
349 1063 415 1123 tres
437 1058 627 1123 auctoritate
650 1057 721 1124 sola
739 1058 858 1122 rexerit
880 1057 962 1122 adeo
977 1061 1188 1127 trementibus
1204 1082 1276 1127 eum

148 1172 213 1249 atque
229 1166 407 1234 amantibus
438 1168 561 1234 cunctis
591 1167 720 1252 regibus
742 1168 993 1252 nationibusque
1021 1176 1053 1234 et
1083 1172 1213 1256 populis
1246 1179 1280 1237 ut

126 1284 268 1359 lprrentem
289 1296 348 1344 seu
369 1285 540 1362 patronum
563 1278 668 1362 magis
697 1298 793 1362 quam
824 1277 988 1343 dominum
1010 1279 1279 1363 imperatoromuc

145 1395 286 1470 reputarent
307 1407 484 1472 omnesque
506 1389 540 1453 in
562 1407 684 1453 morem
706 1389 893 1454 caelestium
922 1389 1095 1473 propitium
1129 1399 1277 1474 optantes

143 1490 171 1559 le
184 1498 393 1564 controuersiis
425 1498 510 1563 inter
531 1516 567 1563 se
589 1497 728 1563 iudicem
750 1506 929 1582 poscerent.
975 1500 1053 1583 quin
1083 1501 1180 1565 ctiam
1204 1500 1275 1567 Indi

142 1602 214 1671 Bactri
230 1607 361 1674 Hircani
390 1609 516 1691 legatos
548 1608 666 1673 misere
694 1609 818 1673 iustitia
846 1609 928 1673 tanti
956 1609 1160 1693 imperatoris
1194 1630 1276 1675 com-

141 1723 209 1797 perta
226 1737 320 1799 quam
343 1717 481 1783 ornabat
502 1718 593 1782 uultu
615 1719 700 1783 serie
721 1719 841 1802 pulcro,
864 1737 1016 1803 procems
1049 1719 1194 1785 membra
1222 1720 1277 1786 de·

115 1827 359 1894 tamrermlidus.
389 1827 578 1912 priusquam
596 1828 787 1893 salutandus
803 1827 955 1913 prodiret,
981 1828 1157 1911 degustans
1180 1831 1276 1913 panis

140 1933 297 2019 liquantum
319 1957 361 2003 ne
383 1938 568 2022 frigescenti
591 1939 710 2003 circum
732 1937 922 2022 praecordia
943 1958 1002 2023 per
1024 1938 1179 2003 ieiunium
1204 1958 1276 2006 san·

139 2044 203 2124 guno
239 2048 362 2115 uiribus
396 2049 504 2115 exesis
542 2049 787 2134 interciperetur
821 2068 925 2133 eoque
960 2049 1045 2113 actui
1074 2047 1276 2132 publicorum

139 2153 231 2225 nnnc
251 2158 422 2238 sufficeret,
446 2178 540 2242 quem
552 2158 735 2225 incredibili
750 2158 920 2241 diligentia
942 2157 983 2223 ad
999 2159 1141 2242 speciem
1162 2159 1275 2243 optimi

139 2266 340 2345 atulamilias
363 2268 590 2352 exequebatur.
624 2270 813 2353 appetentia
834 2269 957 2352 gloriae
979 2288 1094 2334 carens
1116 2275 1148 2334 et
1170 2277 1276 2336 osten·

114 2374 235 2442 litatione:
271 2378 354 2443 adeo
386 2385 574 2445 mansuetus
610 2384 643 2443 ut
671 2378 867 2444 instantibus
895 2380 1041 2463 patribus
1069 2378 1111 2443 ad
1134 2398 1190 2445 eos
1220 2379 1275 2462 qui

139 2492 214 2552 arba
227 2507 298 2553 eum
315 2489 521 2555 coniurarent
536 2487 788 2573 persequendos,
812 2489 1039 2572 compresserit
1053 2489 1274 2572 quaestionem

137 2596 242 2673 amiato
263 2617 397 2665 neccsse
419 2619 484 2663 non
506 2618 580 2665 esse
603 2599 736 2665 sceleris
757 2599 791 2664 in
814 2606 916 2665 semet
934 2600 1039 2683 ipsum
1058 2598 1193 2684 cupidos
1204 2618 1274 2683 pcr-

136 2699 233 2774 imaus
254 2708 404 2792 indagari
426 2728 468 2774 ne
491 2709 519 2774 si
541 2710 650 2793 plures
680 2709 897 2792 reperirentur
926 2709 1055 2792 quantis
1084 2708 1158 2773 odio
1186 2714 1275 2774 essct

137 2806 364 2902 intellegeretur.)
385 2818 438 2883 bic
457 2826 532 2885 ante
551 2819 720 2904 imperium
734 2819 914 2884 ditissimus
933 2816 1025 2902 <tuin
1047 2837 1125 2902 opes
1145 2817 1273 2901 quidem

110 2918 211 2992 ”omes
231 2949 308 2995 suas
331 2929 504 3013 stipendiis
528 2930 663 2994 militum
694 2936 726 2994 et
759 2930 844 2994 circa
873 2928 993 2994 anticos
1024 2927 1273 2993 liberalitatibus

136 3031 221 3103 uruit.
258 3059 370 3104 uerum
393 3040 555 3104 aerarium
578 3040 762 3124 opulentum
786 3039 924 3123 reliquit.
958 3038 1036 3104 Pius
1059 3045 1191 3122 proptor
1212 3039 1273 3103 cle·

137 3146 248 3213 uenmm
270 3148 375 3214 dictus
398 3156 456 3215 est.

190 3254 298 3338 <Huius
326 3259 525 3343 temporibus
548 3259 691 3324 Iustinus
714 3257 928 3342 philosophus
951 3259 1066 3323 librum
1096 3278 1154 3343 pro
1184 3257 1274 3321 Clrri-

136 3359 208 3430 tlbua
225 3369 380 3454 religione
402 3369 614 3454 compositum
637 3367 743 3434 eidem
756 3367 918 3433 Antonino
931 3367 1065 3433 tradidit
1087 3369 1275 3450 benignum-

110 3464 254 3549 ²⁵llteum
282 3498 362 3562 erga
382 3479 585 3545 Christianos
618 3478 766 3544 homines
794 3479 885 3560 fecit,
916 3480 969 3562 qui
997 3500 1061 3543 non
1084 3479 1179 3562 longe
1202 3483 1276 3562 post

139 3582 271 3654 amante
293 3609 329 3654 sc
350 3590 575 3674 persecutione
599 3595 630 3654 et
652 3594 816 3654 crescente
839 3590 1006 3672 scripserit
1028 3589 1189 3655 uniuersis
1209 3589 1275 3672 plo-

138 3680 199 3760 lta
215 3699 310 3765 Asiae
332 3699 505 3783 epistulam
527 3699 561 3763 in
583 3697 635 3765 bis
657 3698 768 3764 uerbis
802 3697 878 3781 ‘ego
902 3697 1031 3782 quidem
1054 3719 1119 3764 non
1142 3699 1271 3781 ambigo
1294 3693 1359 3758 ΧΠ

139 3795 202 3867 cnm
225 3808 302 3892 ipsis
331 3808 384 3876 dis
414 3829 511 3875 curae
539 3828 613 3875 esse
642 3809 738 3893 nequi
769 3808 885 3873 noxius
914 3808 1029 3874 lateat:
1059 3810 1158 3875 multo
1187 3809 1272 3874 enim

141 3954 396 3981 x·—

184 4064 376 4137 lmprobolB
463 4073 611 4122 acemrtate
631 4067 684 4122 ΡΒ
765 4068 890 4120 lammis
906 4065 1002 4131 DBP,
1020 4067 1121 4121 emerui.
1143 4065 1272 4119 Pr'tleoens

138 4145 192 4206 ²-lt
204 4160 232 4227 l>
247 4161 288 4216 B:
311 4161 472 4216 uenerabrlrl
488 4177 542 4215 non
558 4211 560 4215 ,
577 4162 664 4214 mrnrrl
687 4176 765 4229 quam
783 4160 910 4214 ternbrbi
929 4185 934 4196 ·
952 4160 1019 4215 adeo
1037 4168 1068 4214 ut
1085 4161 1271 4228 barlbaronrm

138 4235 213 4305 abone
226 4255 346 4309 nationes
361 4253 505 4322 depobnll
521 4255 602 4308 arnus
617 4253 653 4308 ad
671 4269 731 4307 eum
749 4253 946 4308 controuersias
963 4255 1023 4308 [nai
1038 4253 1150 4323 litesque
1164 4258 1169 4318 ι
1184 4252 1270 4306 deler-

138 4338 359 4415 fat-testemque
376 4354 517 4416 parerent·
543 4348 547 4413 1
564 4347 591 4401 Β
677 4351 692 4400 2
712 4347 820 4401 studens
834 4364 885 4402 om.
905 4345 931 4401 Ι)
1035 4351 1064 4400 12
1090 4343 1272 4415 puplreon‘rll

139 4423 300 4493 ¹³ucrenb11e
318 4438 345 4493 D
399 4444 429 4493 11
447 4438 690 4495 ostentationemll
744 4445 772 4492 li
792 4440 915 4508 praefato
937 4439 1068 4494 Gruterus
1087 4456 1124 4493 ex
1148 4437 1271 4492 l'ictorc:

138 4512 239 4585 ΜΒ
324 4535 355 4586 18
379 4549 414 4586 ne
433 4531 565 4587 Gruterres
591 4549 629 4588 ccc
663 4532 784 4588 Victore:
809 4551 837 4586 nr
863 4530 917 4587 ΒΡ
1017 4537 1047 4585 'll
1078 4529 1190 4600 relnquul
1220 4528 1273 4584 DB

139 4606 228 4686 ΜΗ,
249 4628 283 4681 33
308 4626 343 4695 <>
360 4624 402 4681 D:
426 4628 431 4693 Ι
457 4624 530 4679 Obnt
556 4625 628 4694 apud
655 4642 741 4680 omum
768 4625 859 4680 unllam
888 4625 961 4680 luam
995 4625 1118 4694 mrlrafino
1145 4624 1179 4678 ab
1206 4624 1273 4677 urbe

139 4711 240 4858 ἉἬΒ
293 4722 327 4774 26
347 4719 373 4773 le
390 4717 489 4773 cml)
540 4718 796 4787 persecutioncmll
848 4724 875 4772 et
892 4718 942 4772 del.
963 4717 1035 4772 iul)
1084 4722 1115 4771 21
1136 4715 1274 4786 epiaml)

219 4806 240 4863 b
