2834 5394
162 240 225 304 528
645 249 737 300 amar
758 250 858 298 xxrnr

163 425 304 493 persona
325 404 481 490 principia
503 403 538 469 in
559 404 639 470 urbe
668 409 878 482 remanserat,
914 422 973 489 per
995 403 1222 472 Athanasium
1248 406 1355 474 Silen-

162 518 291 584 tiarium
315 522 515 599 quaegesta
537 520 628 598 aunt;
666 515 719 598 qni
742 533 814 578 eum
836 513 1019 580 Artauasdo
1040 514 1177 595 laueret,
1222 537 1353 585 eoaeer·

163 634 239 695 uato
261 627 380 714 populo
402 625 491 711 apud
506 625 758 690 Cateehumenia
780 643 917 707 magnae
939 625 1099 692 eeclesiae
1122 634 1156 691 et
1177 646 1246 711 per
1269 628 1350 695 litte

164 759 218 806 ras
255 745 287 803 et
322 757 380 822 per
408 736 472 802 iam
502 735 622 801 dietum
651 734 866 801 Athanasium
895 735 1057 818 persuasit
1090 737 1252 803 omnibns
1284 758 1349 804 ere

161 848 239 915 dere
277 846 362 932 quod
399 848 574 932 imperator
609 852 753 912 mortuus
781 845 886 911 luerit.
929 845 1135 914 Artauasdus
1174 857 1292 913 autem
1327 859 1374 914 as

160 957 358 1025 thematibus
387 955 612 1041 pronuntiatus
642 962 692 1021 est
719 955 904 1041 imperator.
955 964 1030 1021 tune
1056 957 1165 1024 omnis
1202 960 1346 1044 populns

161 1088 232 1133 eum
248 1067 429 1132 Athanasio
452 1067 526 1133 lalsi
548 1066 690 1132 nominis
710 1065 898 1150 patriareba
921 1065 1122 1132 anathemati
1146 1076 1179 1133 et
1202 1067 1344 1136 detesta-

160 1177 241 1243 tioni
264 1175 481 1244 submiserunt
503 1175 750 1243 Constantinum
773 1183 807 1241 ut
828 1183 1032 1260 arrogantem
1056 1184 1089 1242 et
1110 1177 1344 1246 aduersarium

161 1286 214 1354 dei
242 1293 339 1373 atque
368 1287 471 1372 ipsius
493 1285 625 1352 eaedem
648 1285 917 1371 amplectabiliter
943 1284 1145 1353 admiserunt
1167 1294 1341 1373 tamquam

160 1418 183 1464 a
203 1399 289 1464 malo
312 1397 452 1464 maximo
473 1397 619 1480 liberati,
642 1395 860 1462 Artauasdum
889 1415 966 1463 uero
994 1397 1226 1482 imperatorem
1252 1419 1342 1484 prae
1358 1405 1382 1456 to

161 1507 351 1575 dieanerunt
373 1515 408 1574 ut
429 1507 657 1585 orthodoxum,
686 1513 718 1572 et
744 1506 925 1572 diuinorum
948 1505 1132 1589 dogmatum
1156 1527 1345 1593 propugnas·

161 1625 272 1685 torem.
317 1639 393 1684 mox
414 1638 490 1703 ergo
513 1618 660 1683 Monotes
682 1616 778 1682 mittit
800 1616 834 1680 in
855 1623 965 1702 partes
988 1616 1196 1684 Thraoensea
1218 1618 1267 1684 ad
1289 1618 1344 1685 Ni-

160 1729 335 1814 cephorum
357 1728 458 1794 lilium
480 1749 573 1796 suum
594 1735 775 1812 praetorem
798 1726 1047 1802 Thracensium‚
1077 1746 1139 1810 quo
1170 1725 1214 1793 ad
1238 1734 1345 1795 eusto

161 1839 249 1904 diam
271 1838 360 1905 urbis
382 1838 520 1904 minaret
541 1838 607 1903 illie
629 1836 802 1902 exereitum
824 1838 1039 1903 eonstitutum.
1077 1836 1241 1904 obseratis
1265 1859 1344 1924 ergo

160 1949 262 2032 portis
285 1968 446 2013 murorum
469 1954 501 2015 et
522 1948 644 2032 uigiliis
668 1947 782 2031 positis
804 1946 887 2014 filios
903 1947 1107 2014 Constantini
1129 1948 1345 2034 eomprehen·
1361 1960 1388 2010 1⁵

161 2077 214 2124 sos
236 2077 351 2123 eaesos
373 2075 411 2122 ae
432 2064 543 2124 tonsos
566 2057 599 2122 in
622 2056 770 2123 custodia
791 2058 909 2142 posuit.

87 2166 138 2232 111
244 2165 324 2231 Cum
341 2174 448 2232 autem
458 2167 661 2234 Artauasdus
676 2186 748 2231 eum
759 2166 933 2248 Obsequiis
949 2175 1035 2233 esset
1048 2167 1159 2232 urbem
1167 2167 1343 2252 ingressus

161 2277 249 2344 uenit
271 2276 502 2345 Constantinus
525 2277 750 2363 Chrysopolim
774 2295 843 2342 eum
869 2276 994 2344 duobus
1016 2278 1212 2344 thematibus
1235 2278 1343 2345 Thra-

160 2389 304 2456 eensium
319 2390 440 2456 scilieet
455 2409 493 2454 ae
508 2387 722 2454 orientalium.
760 2394 792 2452 et
806 2406 876 2452 eum
893 2388 974 2454 nihil
990 2408 1088 2471 agere
1106 2388 1275 2470 ualuisset,
1293 2409 1343 2456 re

160 2518 274 2566 uersus
296 2499 384 2585 apud
405 2501 570 2565 Amorium
593 2498 757 2564 hiemauit.
801 2497 1003 2565 Artauasdus
1026 2505 1132 2563 autem
1154 2517 1214 2583 per
1236 2506 1341 2565 totam
1356 2512 1389 2563 to

159 2608 270 2674 urbem
294 2629 403 2676 sacras
420 2610 523 2674 erexit
536 2609 706 2692 imagines.
729 2608 855 2674 interea
869 2608 1000 2673 barbari
1022 2609 1197 2675 sentientes
1221 2609 1341 2676 horum

159 2716 317 2784 aduersus
339 2719 372 2783 in
395 2721 498 2784 uioem
521 2718 668 2803 iurgium,
692 2718 824 2782 multam
847 2718 1001 2802 praedam
1026 2719 1060 2783 in
1082 2720 1243 2784 Romania
1263 2739 1342 2805 per·

158 2833 327 2913 petrarunt
355 2828 415 2896 hos
444 2830 609 2895 Suleiman
645 2836 793 2912 praetore
825 2828 970 2893 ducente.
1015 2849 1110 2914 porro
1138 2829 1340 2898 Anastasius

158 2937 470 3024 pseudopatriarcha
505 2947 619 3004 tenens
655 2937 846 3003 honoranda
874 2945 906 3003 et
934 2939 1062 3004 uiuifiea
1089 2939 1180 3022 ligna
1216 2941 1342 3006 iurauit

158 3049 277 3131 populo
300 3048 411 3114 dicens
436 3048 503 3133 ‘per
526 3069 598 3114 eum
621 3049 676 3133 qui
699 3049 733 3112 in
754 3049 837 3133 ipsis
859 3049 977 3115 affixus
999 3055 1048 3115 est
1081 3051 1127 3116 sie
1149 3048 1229 3114 mihi
1253 3048 1341 3116 dixit
1356 3059 1387 3110 to

158 3154 389 3223 Constantinus
418 3159 593 3242 imperator
621 3179 833 3226 asseuerans:
872 3178 913 3223 ne
946 3159 1113 3225 existimes
1150 3158 1252 3223 filium
1281 3159 1338 3226 dei

141 3248 231 3331 'esse
259 3285 333 3330 eum
372 3287 467 3350 quem
497 3269 623 3353 peperit
650 3269 754 3334 Maria
787 3269 906 3353 quique
935 3267 1051 3334 dieitur
1080 3267 1243 3351 Christus,
1274 3270 1337 3336 sed

157 3396 273 3462 purum
295 3377 467 3443 hominem.
511 3379 616 3444 Maria
644 3379 729 3444 enim
758 3398 832 3444 eum
861 3380 987 3463 peperit
1016 3380 1098 3445 siout
1127 3397 1179 3444 me
1206 3382 1338 3464 peperit

155 3495 258 3554 mater·
279 3508 354 3554 mea
374 3489 496 3555 Maria!
533 3496 564 3555 et
586 3498 661 3555 tune
684 3489 789 3555 omnis
811 3489 950 3573 populus
972 3489 1141 3555 maledixit
1163 3489 1203 3554 ei.

68 3596 136 3662 IIIl
241 3599 337 3665 Anno
359 3619 436 3666 nero
458 3598 585 3684 imperii
608 3598 812 3664 Constantini
834 3598 986 3681 seeundo,
1009 3600 1064 3683 qni
1085 3599 1219 3684 triginta
1239 3600 1336 3683 quin·
1353 3612 1385 3664 to

157 3728 219 3792 que
248 3711 464 3775 Romanorum
493 3709 662 3794 imperium
692 3709 794 3775 tenuit
824 3728 937 3793 annos,
968 3714 1112 3775 mortuus
1135 3716 1185 3776 est
1206 3709 1337 3774 Eluelid

157 3819 298 3884 Arabum
321 3820 396 3886 dux.
441 3819 494 3884 hie
516 3819 723 3886 sanctissima
744 3819 945 3885 Antioehena
974 3819 1111 3886 eeclesia
1139 3839 1198 3904 per
1230 3839 1336 3886 annos

224 4110 485 4162 acateeumemao
588 4105 792 4176 idperluaht
808 4104 835 4159 D
919 4105 1085 4158 lanaltaho
1104 4103 1131 4158 1)
1199 4103 1334 4173 pathmae-

156 4199 252 4255 ehaD
320 4188 546 4256 Sldmrleruntl)
617 4205 646 4254 15
666 4197 814 4270 urguenti)
885 4201 915 4251 16
933 4201 974 4250 unt
991 4199 1020 4251 iu
1038 4196 1126 4265 pohut
1143 4198 1172 4250 io
1188 4211 1243 4250 ras.
1262 4196 1336 4253 inl>

159 4297 188 4344 1¹1
208 4275 283 4347 edD
375 4299 403 4348 18
421 4291 617 4362 enlopohmD
684 4274 860 4348 tracenth
955 4292 987 4341 22
1005 4288 1145 4353 aduersus]
1164 4288 1294 4344 adsensus
1309 4289 1336 4344 D

157 4385 189 4436 2³
207 4383 339 4440 zuleimen
357 4384 384 4441 Ι)
452 4390 484 4440 26
502 4384 590 4440 hhum
607 4401 658 4440 om.
677 4384 704 4438 D
790 4388 822 4438 32
840 4381 1001 4438 anthiocena
1018 4380 1044 4435 Ι)
