2834 5394
526 116 598 161 einr.
623 117 778 162 arr-mur
1185 109 1242 168 421

71 268 223 329 urerrtauit
246 268 333 329 aliud
359 269 514 349 aliterque
539 269 688 331 mentitus
713 279 742 330 ct
768 270 849 331 lrunc
874 272 959 352 rtqtud
991 293 1026 335 se
1058 273 1175 337 lrabcre
1200 277 1242 339 di·

69 397 144 441 cens
168 378 261 459 quasi
290 377 461 461 prouidere
491 397 526 442 se
556 388 589 440 ut
611 380 825 442 Romanorum
856 380 1001 445 obtinere
1024 402 1162 465 sperans
1185 386 1242 447 im·

68 488 193 571 perium
224 495 255 552 et
283 487 448 550 conuictus
471 496 520 552 est
550 489 659 552 multis
688 488 808 570 modis,
847 491 986 555 maxime
1015 510 1054 555 ex
1092 511 1129 557 eo
1155 495 1241 574 quod

68 597 155 662 bella
177 597 348 680 repentina
370 603 513 662 moueret
535 607 567 662 ct
581 598 744 664 Romanas
765 618 818 665 res
833 619 1030 685 magnopere
1045 600 1241 670 deuastaret.

38 717 53 766 5
155 707 283 772 Interea
305 706 534 792 Calligraphus
557 706 689 791 quidam
707 709 935 790 Alexandriae,
960 712 1155 779 uenerabilis
1179 715 1238 796 uir,

67 836 108 882 ex
130 817 290 882 matutina
312 816 425 899 uigilia
446 816 575 882 domum
599 818 723 885 uadens
746 818 854 884 media
884 825 975 885 nocto
1006 819 1094 886 uidet
1116 829 1242 890 statuas

67 947 109 994 ex
131 927 198 994 aris
219 927 400 993 abstractas
429 936 461 992 et
489 947 569 994 uoce
596 928 712 1011 grandi
735 928 877 996 dicentes
899 930 1124 1015 interemptum
1148 934 1237 1000 Mau-

65 1037 179 1103 ricium
202 1044 234 1101 et
254 1037 338 1103 filios
360 1037 462 1121 ipsius
485 1045 582 1121 atque
604 1058 716 1104 omnes
739 1059 833 1104 casus
857 1041 912 1123 qui
933 1040 1021 1126 apud
1043 1042 1237 1127 Byzantium

64 1149 192 1214 inerant
213 1147 307 1230 gesti.
352 1168 448 1213 mane
469 1167 546 1212 uero
569 1149 653 1213 iacto
680 1168 819 1233 pergens
841 1147 922 1215 haec
944 1151 1135 1234 Augustalio
1158 1162 1242 1219 retu·
1271 1236 1274 1242 .

22 1267 50 1318 ro
64 1256 112 1323 lic
158 1257 213 1341 qui
241 1257 462 1342 praecepitei
493 1258 574 1323 nulli
602 1258 682 1324 haee
711 1259 816 1325 iacere
839 1260 1010 1327 manifesta
1031 1263 1240 1347 scribensque
1354 1290 1358 1295 ·

64 1366 152 1433 diem
181 1368 441 1452 praestolabatur
469 1369 599 1434 exitum.
651 1369 702 1434 die
733 1389 809 1435 uero
838 1390 925 1435 nona
952 1379 1179 1455 praetereunte
1208 1381 1239 1439 et

66 1496 141 1544 ecee
161 1479 294 1545 nuntius
316 1479 406 1544 uenit
426 1478 574 1546 indicans
596 1480 741 1545 Maurieii
764 1481 1028 1566 peremptionem.
1072 1489 1149 1547 tune
1171 1485 1236 1548 Au-

67 1588 227 1673 gustalius
250 1587 442 1654 daemonum
465 1589 654 1654 uaticinium
677 1610 784 1655 coram
799 1592 918 1675 populo
932 1591 1118 1675 publicauit.
1156 1594 1238 1659 Nar-

66 1718 120 1766 ses
141 1706 249 1764 autem
270 1706 400 1784 praetor
422 1700 584 1783 quondam
606 1701 771 1767 Romanus
793 1708 906 1766 contra
933 1709 1105 1786 tyrannum
1135 1703 1236 1769 rebel·

19 1815 48 1865 ¹5
64 1809 184 1875 lionem
217 1810 345 1894 parauit
376 1810 600 1894 Edessamque
633 1811 779 1876 obtinuit.
824 1811 935 1878 scribit
967 1813 1076 1894 itaque
1110 1814 1236 1882 Phocas

65 1918 226 1985 Germano
258 1922 399 2005 praetori
431 1920 588 1987 Edessam
622 1920 802 1988 obsidendi.
860 1922 983 1989 Narses
1016 1943 1092 1989 uero
1126 1925 1239 1991 scribit

66 2027 201 2096 Ohosroi
223 2030 293 2114 regi
315 2031 486 2107 Persamrn
508 2031 727 2116 congregandi
749 2032 884 2098 uirtutes
913 2039 945 2098 et
973 2033 1092 2098 bellum
1121 2035 1236 2101 eonsti-

64 2140 175 2207 tueudi
198 2148 310 2206 eontra
330 2142 503 2206 Romanos.
548 2161 643 2225 porro
665 2142 790 2208 Phocas
820 2142 948 2207 fratrem
980 2162 1070 2209 suum
1095 2143 1234 2210 Demen-

63 2252 176 2317 tiolum
198 2251 273 2317 lecit
295 2252 482 2335 magistrum
506 2259 538 2317 et
559 2251 704 2317 Priscum
727 2252 876 2316 comitem
899 2252 1128 2318 excubitorum.

14 2368 48 2419 2⁰
148 2361 242 2426 Anno
279 2362 406 2446 imperii
440 2361 567 2426 Phocoe
604 2360 745 2428 seeundo
779 2359 938 2428 Chosroes
975 2380 1032 2427 rex
1064 2362 1234 2429 Persarum
1259 2351 1354 2417 ῙᾹῙῙῙ

63 2471 230 2537 collectum
266 2473 430 2557 copiosum
468 2478 667 2556 potentatum
711 2471 868 2538 aduersus
904 2473 1067 2539 Romanos
1109 2471 1235 2542 direxit.

64 2580 246 2650 Germanus
268 2590 376 2647 autem
398 2582 534 2649 audiens
555 2582 668 2661 timuit,
692 2600 802 2646 uerum
824 2588 954 2649 coactus
975 2583 1131 2667 proelium
1154 2585 1234 2668 iniit,

62 2692 209 2776 quicum
231 2694 266 2758 in
288 2713 326 2759 eo
349 2693 536 2759 uulneratus
557 2693 680 2774 fuisset,
703 2692 788 2756 hunc
807 2691 945 2758 ministri
966 2694 1133 2777 usquead
1155 2696 1233 2763 eini-

61 2808 160 2868 tatem
190 2802 423 2870 Constantinae
451 2803 611 2869 duxerunt
641 2810 897 2888 superanturque
924 2803 1080 2868 Romanis
1115 2805 1174 2872 sed
1202 2811 1235 2872 et

11 2923 46 2974 25
61 2910 243 2979 Germanus
277 2912 448 2979 undecima
480 2914 533 2979 die
565 2915 709 2999 spiritum
742 2912 915 2979 exhalauit.
966 2913 1093 2982 Phoeas
1124 2924 1232 2982 autem

60 3031 246 3109 potentatus
269 3024 310 3088 ab
332 3025 462 3108 Europa
486 3024 519 3088 in
541 3024 652 3091 Asiam
681 3023 844 3090 transtulit
867 3023 1013 3090 Chaiano
1043 3027 1147 3110 pactis
1175 3027 1232 3094 ad·

59 3133 145 3216 ditis,
168 3135 344 3200 arbitratus
367 3135 533 3218 quiescere
555 3132 697 3198 Auarum
721 3134 892 3199 nationem.
938 3135 989 3201 his
1012 3155 1088 3220 ergo
1117 3136 1231 3205 diuisis

60 3243 216 3328 quosdam
246 3253 358 3311 contra
379 3246 497 3311 Persas
526 3244 621 3325 misit,
662 3243 820 3328 quosdam
849 3264 926 3309 uero
956 3244 998 3309 ad
1028 3246 1228 3312 obsidionem

57 3353 203 3422 Edessae
225 3362 337 3421 contra
357 3355 488 3421 Narsim
510 3374 581 3419 cum
603 3354 739 3420 Leontio
762 3352 908 3438 spadone
931 3361 964 3419 et
990 3362 1141 3438 magnate
1171 3377 1228 3422 suo

10 3469 42 3521 ³⁰
58 3463 185 3530 direxit.
231 3465 391 3532 Ohosroes
414 3473 521 3532 autem
544 3465 686 3530 collectis
708 3463 928 3549 potentatibus
950 3463 1037 3547 apud
1059 3465 1166 3532 Daras
1189 3466 1232 3531 ei·

58 3574 173 3640 licitur.
228 3595 323 3659 porro
359 3577 483 3642 Narses
520 3594 670 3659 egressus
707 3572 866 3640 Edessam
903 3572 1102 3656 Hierapolim
1140 3575 1230 3658 fugit.

126 3872 199 3923 lex
216 3870 272 3922 arri
287 3884 358 3924 corr.
379 3870 407 3924 iu
431 3884 465 3923 ex
489 3869 558 3922 cerri
582 3867 620 3933 P,
646 3885 678 3923 ex
705 3866 756 3922 erri
780 3867 807 3922 D
909 3855 1237 3940 obambulantes

55 3967 152 4017 notare
179 3961 300 4017 decebam
381 3961 576 4031 eangurtuha
593 3967 623 4016 ut
641 3960 696 4017 uid.
716 3960 749 4015 D⁴
852 3967 882 4017 12
900 3963 1016 4018 nuncius
1030 3961 1057 4017 Ι)
1133 3967 1162 4016 13
1180 3980 1231 4033 pu·

55 4053 167 4125 pheaurt
185 4056 269 4110 uariis
284 4055 311 4109 Ι)
399 4060 428 4109 15
447 4055 608 4124 hedesiernq.
628 4054 655 4110 D
741 4059 772 4110 16
791 4056 875 4110 norint
890 4055 917 4111 D
1015 4059 1043 4110 li
1063 4055 1231 4113 chosrohrl)

56 4151 89 4201 20
115 4146 297 4203 ehoiroheI)
400 4151 433 4203 29
457 4147 608 4203 hedeiiel)
710 4152 742 4202 ³0
769 4147 962 4205 chosrohetD
1047 4147 1232 4204 efficiaturl)

56 4242 87 4293 31
108 4240 213 4308 egrelm
227 4240 362 4296 hedeiiam
383 4240 406 4295 l)
