3248 5080
257 279 321 340 156
776 289 868 336 nram
891 287 938 335 xx

256 451 368 528 gutum
390 461 429 507 ao
443 461 634 526 persuasum
649 443 783 508 Romam
809 439 851 506 ad
873 459 992 525 papam
1008 438 1214 505 Theodorum
1236 439 1436 507 direxerunt.

258 554 313 639 qui
335 552 545 619 orthodoxiae
574 551 683 616 libello
711 549 830 617 tradito
852 569 958 635 papae
987 550 1028 614 ah
1051 569 1089 614 eo
1112 557 1260 634 receptus
1282 557 1342 617 est.
1386 551 1434 614 in-

256 671 346 730 terea
367 683 438 728 cum
453 665 557 728 Roma
571 661 777 728 discessisset
791 663 1045 744 Rauennamque
1059 660 1271 745 peruenisset,
1293 667 1328 725 nt
1341 662 1435 726 canis

259 775 302 840 ad
324 774 479 839 uomitum
502 793 594 839 suom
617 791 767 838 reuersus
789 779 846 837 est.
877 791 940 855 quo
955 791 1043 856 papa
1064 778 1227 855 comperto
1242 771 1434 838 Theodorus

258 883 460 971 plenitudine
482 889 659 948 conuocata
681 882 838 949 ecclesiae
866 881 909 947 ad
938 882 1118 966 sepulcrum
1147 882 1278 948 uerticis
1307 889 1470 966 aposto-5

256 997 360 1061 lorum
382 995 520 1060 accessit
547 1001 579 1058 et
608 992 718 1058 diuino
746 993 847 1058 calice
869 991 1030 1076 postulato
1059 1009 1100 1056 ex
1122 992 1251 1057 ninilioo
1274 991 1433 1075 sangnine

257 1111 471 1170 atramentum
494 1104 628 1170 stillauit
649 1109 681 1168 et
703 1103 749 1168 ita
770 1100 903 1187 propria
932 1121 1030 1167 mann
1059 1101 1295 1184 depositionem
1318 1103 1433 1187 Pyrrhi

257 1223 289 1281 ct
311 1215 342 1280 ei
364 1214 666 1279 communicantium
689 1213 775 1278 iacit.
820 1219 990 1296 praeterea
1010 1211 1154 1296 Pyrrhus
1182 1231 1255 1278 cum
1277 1211 1434 1279 Constan-

256 1325 425 1409 tinopolim
440 1323 651 1409 peruenisset,
668 1323 806 1389 obeunte
817 1322 931 1388 Paullo
947 1321 1088 1388 audaces
1103 1321 1432 1407 haeretici'Pyrrhum

257 1434 363 1500 denno
385 1433 500 1500 throno
522 1432 878 1518 Constantinopolitano
900 1433 1101 1518 praeficiunt.
1137 1432 1309 1498 Theodoro
1325 1441 1430 1498 autem
1452 1445 1487 1494 ro
1604 1424 1605 1454 ¹

257 1565 346 1632 papa
360 1542 509 1611 defuncto
518 1544 677 1611 Martinus
693 1543 916 1610 sanctissimus
930 1544 1051 1608 Romae
1066 1551 1272 1610 cousecratur
1286 1544 1433 1610 antistes.
1605 1524 1606 1544 ¹

146 1645 235 1711 LVII
343 1653 423 1721 Cum
453 1661 560 1720 autem
589 1653 749 1720 Maximus
778 1653 820 1718 ab
848 1653 958 1718 Africa
986 1655 1120 1718 Romam
1149 1655 1352 1738 peruenisset
1379 1675 1434 1739 pa·

257 1785 398 1851 pemque
413 1765 586 1830 Martinum
608 1763 650 1829 ad
667 1764 914 1830 aemulationem
930 1763 1141 1848 accendisset,
1167 1764 1291 1850 synodo
1306 1770 1434 1830 centnm

259 1874 371 1940 elecem
394 1875 617 1959 episcoporum
647 1874 781 1939 collecta
802 1873 950 1956 Sergium
973 1880 1005 1939 et
1026 1874 1183 1958 Pyrrhum
1206 1882 1238 1940 et
1260 1874 1378 1959 Cyrum
1401 1882 1432 1938 et

256 1985 404 2050 Paullum
436 1983 751 2048 anathematizarunt
782 1983 927 2066 duasque
955 1985 1139 2052 uoluntates
1167 1991 1199 2050 et
1227 1986 1432 2070 operationes
1451 1991 1482 2043 ¹⁶

257 2093 377 2160 Christi
400 2092 454 2158 dei
476 2093 578 2159 nostri
601 2093 784 2172 expressius
806 2092 1036 2178 praedicarunt
1057 2101 1154 2178 atque
1176 2095 1353 2161 firmarunt.
1383 2115 1432 2161 oe-

255 2211 358 2270 terum
387 2223 471 2268 nono
504 2223 590 2268 anno
619 2203 746 2288 imperii
775 2205 825 2270 sui
854 2201 1014 2271 Constans
1042 2223 1145 2289 nepos
1172 2205 1315 2270 Heraclii
1348 2204 1434 2270 indi-

258 2314 364 2380 ctione
386 2320 501 2379 octaua
524 2313 575 2379 his
598 2315 718 2396 agnitis
741 2313 847 2379 furore
873 2315 1016 2399 repletus
1038 2324 1185 2381 sanctum
1206 2315 1378 2381 Martinam
1401 2323 1434 2381 et

257 2424 432 2491 Maximum
448 2423 760 2508 Constantinopolim
776 2423 889 2490 ductos
911 2431 942 2488 et
957 2425 1114 2490 cruciatos
1129 2425 1217 2510 apud
1232 2425 1430 2493 Clrersouam

257 2541 289 2600 et
320 2534 386 2600 alia
419 2533 549 2599 climata
582 2535 679 2600 exilio
712 2534 887 2619 relegauit,
921 2537 1037 2600 munitos
1070 2537 1169 2601 etiarn
1200 2535 1428 2620 Hesperiarnm
1448 2545 1484 2596 to

257 2645 480 2729 episcoporum
503 2645 736 2730 puniuit.****
759 2644 815 2727 qni
836 2652 941 2710 motus
967 2646 1037 2710 zelo
1059 2644 1113 2712 dei
1136 2646 1260 2731 syuodo
1282 2665 1376 2713 sacra
1399 2655 1433 2713 et

255 2755 328 2838 ipse
351 2761 528 2819 conuocato
543 2754 823 2820 Monothelitarnm
846 2754 1007 2820 haeresim
1030 2755 1194 2821 abdicauit
1215 2757 1297 2823 duas
1319 2758 1433 2823 uolun-

257 2869 341 2930 tates
366 2873 397 2928 et
419 2865 624 2949 operationes
646 2864 837 2948 explanans.
878 2865 987 2930 taliter
1017 2885 1094 2949 ergo
1117 2867 1257 2934 ecclesia
1279 2877 1353 2933 tunc
1374 2887 1434 2952 per

257 2974 469 3058 imperatores
492 2981 524 3038 et
545 2973 662 3058 impios
692 2973 876 3040 sacerdotes
904 2975 1029 3040 turbata
1053 2977 1192 3042 surrexit
1218 2977 1434 3044 desolatorios

256 3083 411 3149 Amalech
437 3083 555 3150 feriens
578 3104 637 3151 nos
660 3085 813 3169 populum
837 3083 957 3150 Christi
986 3092 1018 3152 et
1046 3086 1080 3150 tit
1114 3085 1218 3170 prima
1249 3087 1344 3152 ruina
1372 3097 1432 3153 ter·
1449 3101 1487 3152 to

257 3191 361 3258 ribilis
384 3193 521 3257 Romani
545 3193 714 3274 exercitus,
738 3194 796 3258 illa
817 3194 939 3259 scilicet
961 3215 1044 3278 quae
1067 3196 1241 3262 secundum
1258 3195 1434 3264 Gabathan

257 3309 289 3366 et
310 3301 515 3366 Hermuchan
538 3321 577 3366 ac
599 3302 879 3368 Dathemitharum
909 3302 951 3368 ad
980 3304 1169 3372 effusionem
1192 3308 1361 3391 sanguinis
1383 3318 1434 3374 est

257 3409 388 3494 effecta,
429 3418 503 3497 post
533 3412 789 3479 Palaestiuorum
822 3421 854 3478 et
884 3413 1145 3482 Caesariensium
1186 3423 1217 3482 et
1248 3417 1433 3503 Hierosoly-

256 3541 379 3585 morum
402 3521 538 3604 excidia,
562 3522 637 3588 dein
659 3524 838 3609 Aegyptius
861 3524 1024 3605 interitus,
1048 3544 1086 3590 ac
1108 3526 1263 3612 deinceps
1285 3527 1433 3594 Mediter-

257 3649 426 3698 reanomm
450 3640 482 3698 et
503 3634 682 3700 insularum
704 3633 865 3718 totiusque
887 3634 1064 3700 Romaniae
1087 3638 1261 3722 captiuatio
1291 3637 1349 3704 sed
1377 3657 1431 3723 pa·
1450 3655 1485 3706 to

326 3957 467 4022 lac]a1)
519 3956 660 4026 tqmall⁴
712 3958 841 4027 tocch
878 3959 1082 4028 sepulchrumD
1125 3959 1260 4030 lpyrrrll
1313 3961 1434 4030 Spyrrut‘

255 4045 283 4102 D
341 4049 500 4116 apcnloll
550 4039 669 4119 pyrth
747 4056 776 4106 13
795 4051 888 4107 decem
906 4058 1013 4107 centum
1032 4049 1065 4105 lt
1146 4057 1175 4105 11
1193 4026 1275 4122 pyrrh
1294 4061 1321 4107 et
1335 4042 1434 4129 ¹lorhtlu

255 4124 373 4211 paulhll
440 4147 469 4196 lo
488 4141 618 4212 eprclhul
633 4142 665 4198 D·
722 4147 750 4198 18
769 4145 911 4201 octanoI)
963 4129 1129 4216 martymiD
1184 4149 1213 4198 19
1233 4135 1343 4201 cerione
1360 4165 1430 4204 corr.

256 4233 359 4288 ataid.
379 4249 416 4289 cx
434 4223 590 4290 certonia
610 4234 637 4291 D
714 4241 743 4291 21
764 4237 857 4293 dccssc
874 4238 1008 4308 quaedam
1026 4238 1163 4294 indicante
1183 4237 1345 4310 theophane
1362 4241 1432 4296 uidit

258 4325 390 4381 Gruterus
464 4331 496 4382 25
515 4329 662 4384 amalecll
739 4334 770 4384 ll
789 4331 994 4385 hermuthauD
1046 4332 1081 4386 ad
1099 4330 1197 4387 cccl)
1271 4337 1303 4386 ‘tt
1322 4334 1430 4402 palestr-

255 4433 306 4472 nar
346 4419 368 4472 Ι)
419 4409 612 4478 hirmarumll
681 4427 714 4476 29
733 4424 841 4496 cyptrol
855 4424 882 4479 D
