2834 5394
527 628 601 677 cru.
624 629 853 679 rivum-xxm
1215 615 1277 678 599

103 781 264 864 obsequiis
293 802 391 848 aurea
418 782 472 847 uel
493 787 648 864 argentea
678 804 757 849 uasa
785 784 988 868 uituperabat
1016 792 1048 850 et
1070 784 1277 850 ecclesiarum

104 913 249 976 quaeque
271 900 397 959 saerata
418 913 476 976 pro
498 894 719 959 communibus
741 895 853 961 baberi
876 895 1009 977 dignum
1031 895 1099 960 fore
1123 894 1277 977 dogmati-

103 1005 197 1069 zabat
224 1005 326 1068 instar
353 1002 469 1083 Iudae,
508 1004 574 1069 tale
596 1003 673 1086 quid
695 1025 792 1088 super
813 1005 972 1070 dominico
995 1005 1197 1071 decernentis
1220 1025 1276 1068 uu·

104 1120 233 1197 guento.
277 1121 496 1179 antecessores
531 1133 608 1180 uero
636 1134 710 1179 suus
744 1115 952 1198 imperatores
988 1116 1154 1180 uniuersos
1188 1115 1278 1179 uelut

71 1223 301 1308 simprouidos
331 1225 504 1290 accusabat
538 1224 731 1306 generaliter
759 1226 900 1290 omnium
927 1225 1163 1309 prouidentiam
1191 1223 1277 1290 aufe·
1375 1271 1381 1283 .

103 1352 195 1414 rens,
218 1334 314 1398 simul
336 1340 368 1398 et
383 1333 493 1399 dicens
514 1334 675 1399 nemiuem
698 1354 793 1419 posse
813 1335 1024 1419 imperantem
1039 1335 1277 1416 circumuenire,

103 1444 131 1509 si
152 1443 288 1509 uoluerit
316 1444 369 1525 qui
392 1444 528 1528 imperat
555 1451 683 1510 strenue
704 1445 917 1528 principatum
938 1453 1064 1528 tenere,
1094 1444 1153 1510 sed
1175 1464 1278 1509 uanus

103 1552 206 1645 iactus
228 1561 276 1619 est
298 1554 331 1653 in
354 1554 599 1636 cogitationibus
621 1555 686 1620 suis
709 1554 861 1620 diuinitus
883 1553 1086 1621 occidendus.

190 1665 318 1729 Interea
331 1683 443 1730 mense
458 1664 632 1729 Februario
654 1665 797 1730 ciusdem
819 1671 951 1747 quartae
967 1665 1111 1731 decimae
1131 1663 1276 1729 indictio
1298 1650 1400 1719 XXII

58 1774 156 1839 renis
183 1774 284 1856 primo
313 1774 450 1840 sabbato
477 1774 665 1839 ieiuniorum
696 1775 782 1839 obuii
810 1774 886 1840 lacti
909 1775 1062 1841 Saraceni
1090 1794 1189 1858 penes
1213 1775 1275 1838 Eu·
1359 1800 1362 1806 <

106 1884 245 1949 chaitam
259 1883 361 1948 Leoni
381 1884 521 1967 praetori
535 1884 797 1950 Armeniacorum
819 1885 975 1950 deferenti
996 1884 1146 1951 thematis
1167 1903 1277 1965 rogam

105 1995 190 2059 hauc
211 1994 411 2060 abstulerunt
433 2014 504 2058 curn
526 1994 731 2060 multitudiue
753 1995 863 2078 populi
878 1995 1017 2079 copiosa.
1061 1996 1185 2059 talenta
1199 2012 1276 2057 uero

107 2111 197 2170 erant
219 2103 369 2184 sedecim,
408 2123 490 2185 quae
517 2103 596 2169 firmt
623 2104 725 2169 librae
753 2105 842 2170 mille
869 2112 1041 2170 trecentae.
1085 2111 1117 2170 et
1146 2123 1204 2168 uec
1233 2101 1279 2168 sic

106 2215 297 2296 redargutus
331 2214 531 2296 Nicephorus
567 2215 609 2279 ab
639 2215 776 2280 auaritia
803 2235 862 2279 sua
883 2216 1030 2281 cessauit.
1074 2214 1108 2278 iu
1129 2214 1180 2278 his
1202 2232 1278 2294 crgo

61 2343 90 2394 15
106 2324 206 2408 signis
232 2345 336 2390 nouus
356 2324 470 2389 Achab
497 2344 563 2389 non
591 2325 744 2405 eruditus,
767 2324 844 2407 quin
867 2346 885 2391 e
907 2332 1017 2390 contra
1039 2321 1212 2388 Phalaride
1240 2339 1279 2386 ac

105 2435 194 2502 Mida
227 2433 425 2499 ambitiosior
456 2434 559 2500 iactus
601 2444 713 2500 contra
741 2436 896 2517 Bulgares
924 2435 1079 2519 proelium
1107 2438 1280 2517 praeparat

104 2568 170 2611 una
192 2565 263 2610 cum
286 2544 450 2609 Stauracio
472 2543 537 2609 lilio
559 2566 632 2626 suo,
672 2553 703 2610 et
734 2545 816 2609 Iulio
844 2565 954 2611 mense
976 2568 996 2610 a
1018 2545 1107 2626 regia
1128 2544 1208 2608 urbe
1230 2541 1276 2606 di-

105 2675 233 2737 gressus
254 2655 344 2719 iussit
366 2653 500 2719 Nicetae
521 2655 655 2738 patricio
684 2664 715 2720 et
743 2655 888 2736 generali
919 2654 1103 2737 logothetae
1132 2652 1278 2737 publicos

107 2765 313 2829 ecclesiarum
341 2770 373 2829 et
401 2765 664 2830 monasteriorum
687 2785 801 2830 census
823 2766 987 2849 imponere
1023 2772 1054 2829 et
1083 2771 1153 2828 octo
1182 2781 1280 2826 anuo-

57 2889 177 2940 1111111
199 2874 439 2957 praeteritorum
461 2874 691 2940 redhibitiones
719 2896 739 2938 a
767 2876 944 2958 principum
975 2873 1121 2938 dumibus
1151 2872 1280 2952 exigere

109 2992 140 3049 et
162 2990 231 3049 erat
253 2984 426 3049 lamentum
454 3006 616 3067 magnum.
660 3005 731 3050 curn
760 2991 867 3049 autem
896 2983 1125 3065 querimoniam
1155 2980 1280 3048 audiret

108 3117 129 3160 a
150 3094 289 3176 quodaur
310 3094 429 3158 famulo
451 3095 588 3178 proprio,
612 3095 794 3159 Theodosio
816 3093 965 3159 uidelicet
985 3093 1133 3158 Salibara
1148 3089 1280 3175 patricio

108 3205 235 3270 dicente
256 3204 318 3269 sibi
347 3205 473 3271 ‘omncs
495 3225 514 3267 o
537 3204 666 3268 domiue
688 3210 798 3268 contra
819 3224 879 3268 uos
906 3204 1048 3267 clamant
1089 3209 1120 3267 et
1148 3201 1182 3264 in
1204 3209 1282 3266 tcm-

106 3336 183 3397 pore
211 3315 428 3398 temptationis
457 3315 546 3380 casui
572 3321 681 3379 nostro
708 3313 1021 3395 congratulabuntur
1059 3312 1104 3377 ait
1138 3311 1181 3376 ad
1209 3331 1281 3375 eum

61 3444 93 3494 11
108 3424 145 3489 ‘si
167 3424 246 3490 deus
268 3424 431 3490 obdurans
453 3424 622 3490 obdurauit
645 3443 825 3489 cormeum
849 3429 883 3487 ut
898 3423 1086 3501 Pharaonis,
1111 3419 1281 3502 quidboni

109 3535 167 3599 erit
190 3534 240 3598 his
269 3535 321 3614 qui
343 3535 403 3599 sub
425 3555 524 3599 manu
544 3554 618 3600 mea
639 3533 738 3599 suut?
772 3556 792 3598 a
821 3533 1002 3616 Nicephoro
1024 3531 1187 3596 Theodosi
1215 3529 1283 3596 noli
1358 3593 1366 3609 ,

108 3650 277 3727 expectare
299 3650 427 3726 praeter
448 3665 530 3726 quae
552 3665 572 3710 a
593 3651 626 3710 te
647 3644 903 3727 conspiciuntur!
947 3643 1029 3707 haec
1058 3640 1204 3707 dominus
1227 3662 1282 3705 111-

109 3753 155 3817 uit
176 3754 245 3836 ipse
268 3773 327 3835 ego
349 3754 545 3838 conscriptor
571 3756 683 3820 horum
711 3754 787 3818 uiua
816 3773 894 3818 uoce
916 3751 1026 3818 audiui
1048 3774 1068 3816 a
1089 3752 1282 3817 Theodosio.

194 3863 344 3928 Collectis
365 3864 474 3947 itaque
495 3864 616 3931 militiis
639 3885 703 3928 non
727 3864 829 3929 solum
853 3883 893 3928 ex
908 3862 1034 3927 Thrace
1049 3880 1160 3924 uerum
1182 3860 1279 3924 etiarn
1301 3854 1417 3921 XXII!

59 3991 93 4042 ab
110 3993 150 4039 ex
172 3973 375 4038 ulterioribus
396 3975 600 4054 thematibus,
635 3994 707 4038 curn
729 3973 780 4038 his
802 3973 897 4037 etiam
921 3990 1040 4052 egenos
1062 3968 1189 4052 pedites
1210 3987 1282 4033 curn

108 4083 244 4167 propriis
266 4083 434 4166 stipendiis
456 4091 567 4150 contra
589 4085 744 4167 Bulgarcs
766 4081 874 4151 lundis
896 4088 928 4146 et
948 4079 1047 4162 uirgis
1070 4085 1220 4157 armatos,
1252 4085 1283 4143 et

108 4194 372 4276 blasphemantes
399 4193 541 4259 minauit.
591 4194 737 4259 Crurrnus
767 4198 873 4258 antem
908 4188 1128 4255 multitudines
1155 4189 1281 4271 timeus,

178 4487 390 4556 idogmazabat
407 4486 441 4542 θ’
544 4486 682 4542 3111111)
770 4489 801 4538 10
825 4484 967 4554 poeuelD
1056 4488 1082 4536 11
1102 4487 1239 4551 rmpreton
1257 4480 1284 4536 J)

114 4583 143 4631 13
161 4585 275 4635 1111111
293 4580 319 4635 D
407 4586 436 4634 15
455 4597 500 4648 qur
519 4580 544 4634 D
594 4577 732 4649 phalernde
750 4593 782 4632 ac
800 4576 872 4631 mrde
886 4583 891 4642 1
907 4575 1075 4631 ambrsrch
1159 4579 1189 4629 16
1207 4578 1233 4628 11
1251 4577 1281 4627 31

111 4671 236 4739 uulgaret
251 4673 277 4727 J)
345 4679 378 4727 20
395 4672 569 4727 redrbrtronei
585 4671 611 4725 D
679 4677 708 4726 21
730 4686 876 4727 ccrrmoma
893 4670 918 4725 Ι)
969 4674 1001 4723 25
1021 4685 1067 4724 cor
1084 4682 1173 4722 mcum
1190 4683 1241 4722 om.
1258 4665 1285 4722 b

111 4765 214 4833 pharao
233 4765 259 4820 Ι)
328 4771 359 4821 31
378 4756 524 4821 01111111)
