2834 5394
550 686 623 733 car.
645 687 877 735 xxvrrr-xxxr
1237 675 1292 735 151

161 836 233 919 prta,
262 836 355 903 euius
385 844 496 902 uertex
519 837 704 921 adaequare
726 838 824 905 fontis
846 840 951 904 locum
973 840 1091 924 possit,
1126 847 1159 903 ut
1181 841 1233 904 uel
1256 859 1297 905 ex

158 964 230 1030 aoqm
248 948 312 1012 tela
332 947 436 1012 conici
458 954 579 1031 queant
600 949 653 1013 uel
674 949 887 1032 praecipitata
908 949 1047 1035 desuper
1070 969 1219 1017 saxorum
1242 970 1296 1014 uo·

157 1057 244 1121 lunina
263 1077 328 1122 non
350 1057 466 1121 timeri

211 1166 371 1251 Oppidani
392 1174 500 1232 autern
533 1166 589 1231 ubi
611 1168 790 1233 exanimari
813 1169 865 1233 siti
887 1189 953 1233 non
975 1170 1079 1234 solum
1100 1187 1218 1253 pecora
1238 1186 1291 1234 ue·
1312 1163 1412 1230 XXX

132 1288 200 1340 amm
215 1277 308 1342 etiarn
330 1276 525 1342 infirmiores
547 1276 712 1342 hominum
728 1285 850 1344 aetates
865 1279 987 1359 uident,
1010 1297 1111 1362 cupas
1126 1278 1197 1363 pice
1214 1297 1291 1344 seue

152 1386 328 1453 elscindulis
351 1387 492 1471 repletas
513 1405 552 1450 ac
580 1385 698 1452 deinde
720 1388 864 1454 immisso
893 1389 969 1472 igne
991 1388 1023 1453 in
1046 1407 1150 1471 prona
1171 1389 1292 1473 praeci·

151 1496 227 1579 pitant
245 1516 368 1580 easque
390 1497 453 1581 ipsi
474 1503 540 1561 toto
563 1497 683 1581 oppido
712 1497 805 1563 effusi
835 1497 1057 1564 subsecuntur.
1101 1497 1290 1563 ardentibus

150 1606 276 1671 malinis
297 1626 371 1670 cum
391 1626 492 1689 graue
514 1607 672 1690 proelium
694 1607 762 1673 suis
784 1606 905 1673 Caesar
933 1626 971 1671 ac
999 1608 1214 1691 periculosum
1244 1607 1290 1671 ui-

151 1713 224 1799 deret,
254 1715 402 1782 cohortes
434 1717 468 1780 in
496 1717 629 1781 circuitu
656 1716 767 1801 oppidi
795 1719 844 1781 ire
871 1717 1025 1782 uelociter
1054 1736 1110 1801 per
1132 1718 1289 1781 occultum

120 1824 257 1909 *timporat
277 1832 376 1909 atque
397 1825 539 1910 undique
561 1826 666 1892 subito
688 1835 815 1892 uastum
838 1827 1009 1891 clamorem
1032 1828 1188 1891 attollere.
1225 1846 1289 1909 quo

151 1933 211 1998 sacto
228 1936 422 2002 consternati
444 1936 598 2020 oppidani
621 1935 697 2000 dum
720 1955 882 2000 recurrere
904 1936 947 2001 ad
970 1935 1177 2000 muniendum
1200 1936 1289 2020 oppi-

151 2040 205 2107 dm
226 2046 348 2126 nolunt,
382 2044 424 2110 ab
452 2046 692 2130 oppugnatione
719 2046 816 2111 turris
843 2047 896 2110 uel
926 2045 1132 2110 demolitione
1160 2044 1290 2128 aggeris

151 2162 329 2220 recesserunt.
374 2155 422 2219 illi
453 2161 561 2220 tamen
594 2157 650 2239 qui
683 2156 725 2221 ad
758 2154 949 2221 incidendas
980 2155 1078 2221 iontis
1106 2173 1208 2219 uenas
1231 2152 1291 2220 sub

152 2269 253 2344 optentu
273 2265 403 2348 aggeris
425 2265 484 2329 tuti
499 2266 663 2331 cuniculos
677 2264 909 2350 perfodiebant,
932 2271 1076 2348 repertos
1092 2265 1125 2328 in
1140 2263 1290 2329 abstruso

119 2375 275 2454 literrarum
302 2382 428 2440 meatus
456 2393 516 2458 per
541 2375 642 2439 multa
673 2374 849 2439 diuidendo
871 2374 999 2439 tenuari
1021 2374 1054 2438 in
1078 2381 1178 2438 semet
1207 2373 1290 2458 ipsis
1387 2415 1390 2421 -

152 2484 328 2568 oomumique
356 2483 508 2548 iecerunt.
552 2483 707 2568 oppidani
736 2485 822 2549 fonte
852 2485 971 2549 siccato
1000 2484 1113 2547 ultima
1139 2483 1290 2568 despera-

149 2588 214 2657 tione
231 2595 364 2678 eorrepti
386 2592 582 2658 deditionem
604 2594 655 2659 sui
677 2594 807 2659 iaciunt.
853 2593 976 2660 Caesar
1004 2600 1110 2657 autem
1140 2591 1290 2657 omnibus

151 2699 191 2780 qui
206 2721 285 2768 arma
306 2703 456 2784 tulerant,
487 2721 601 2768 manus
624 2705 754 2770 sustulit
782 2711 814 2769 et
835 2704 934 2768 uitam
958 2702 1171 2785 reliquitque
1194 2708 1290 2765 testa-

150 2807 194 2872 tior
209 2820 286 2879 esset
308 2813 406 2878 etiam
427 2812 567 2896 posteris
588 2832 694 2896 poena
715 2813 942 2897 improborum.
987 2813 1121 2876 inultum
1138 2811 1224 2874 enim
1247 2808 1290 2873 ad

114 2921 327 2988 ²⁰coercendam
354 2921 525 2986 audaciam
552 2923 640 2988 ualet
667 2924 867 3007 propositum
901 2922 1078 3005 punitionis
1107 2921 1290 3003 exemplum

149 3044 198 3093 cunr
216 3032 283 3116 ipsa
304 3032 414 3098 miseri
435 3051 591 3115 praesens
615 3033 717 3097 forma
738 3033 879 3098 uiuentis
909 3039 940 3096 et
969 3031 1011 3095 ad
1034 3030 1288 3095 recordationem

148 3136 267 3207 admonet
289 3141 434 3208 conscios
457 3149 489 3206 et
510 3141 552 3205 ad
569 3143 818 3207 sciscitationem
835 3143 919 3224 cogit
934 3142 1075 3224 ignaros.
1121 3140 1288 3205 exhaustis

147 3254 218 3331 aare
235 3251 384 3318 edomitis
399 3251 504 3316 Gallis
520 3270 651 3317 securus
667 3250 788 3317 Caesar
810 3271 880 3315 cum
903 3252 1084 3334 legionibus
1106 3251 1140 3314 in
1162 3250 1289 3314 Italiam

148 3356 227 3443 rediit,
253 3363 360 3426 nullos
382 3369 456 3445 post
478 3381 514 3425 se
536 3359 702 3425 Gallorum
730 3369 834 3426 motus
864 3361 1104 3444 pertimescens,
1138 3366 1224 3422 certo
1253 3376 1290 3424 se

114 3466 227 3536 oseem
245 3472 378 3536 minime
399 3470 524 3553 aliquos
553 3470 607 3553 qui
629 3471 681 3534 uel
710 3472 832 3535 moueri
855 3470 995 3535 audeant
1016 3471 1069 3536 uel
1092 3469 1120 3535 si
1141 3487 1290 3532 mouean-

146 3580 182 3640 tur
198 3579 325 3645 timendi
347 3581 412 3645 sint
433 3577 629 3661 reliquisse>

206 3688 295 3755 Anno
322 3690 366 3755 ab
393 3689 473 3754 urbe
500 3688 629 3753 condita
657 3690 889 3755 sexcentesimo
918 3690 1127 3772 nonagesimo
1150 3689 1286 3770 septimo
1308 3686 1409 3753 XXX

144 3791 243 3866 Marcus
264 3800 411 3865 Licinius
433 3798 570 3863 Crassus
593 3799 718 3881 collega
739 3798 844 3865 Gnaei
866 3800 1001 3881 Pompei
1023 3798 1132 3880 Magni
1161 3798 1194 3861 in
1217 3816 1290 3861 oon·

143 3906 225 3973 suam
246 3909 387 3977 secundo
408 3907 624 3990 <prouinciam
647 3910 778 3975 sortitus
801 3910 835 3974 in
858 3909 1005 3987 Parthos,
1029 3907 1123 3971 horno
1146 3906 1289 3987 inexple-

148 4056 424 4073 *h*-

193 4149 391 4220 lethuareD
460 4149 629 4205 oscandulis
644 4149 787 4203 Patricius
804 4166 841 4203 cx
858 4149 951 4203 Hirtio
1021 4146 1292 4216 'liubiequunturD

145 4240 300 4298 ltcunroulrt
324 4242 364 4297 1>⁴
402 4246 432 4296 lS
449 4242 563 4311 requurd
582 4242 608 4295 D
645 4247 674 4295 lll
698 4241 812 4311 perrel)
847 4246 879 4295 22
898 4241 1070 4296 ammonctl)
1122 4244 1153 4293 25
1173 4256 1238 4293 mon
1258 4239 1292 4293 θ’

144 4332 166 4383 'ie
175 4343 230 4404 post
245 4336 354 4391 redrriie
371 4337 423 4395 tito
435 4335 470 4399 o,
489 4335 552 4389 add.
571 4336 709 4388 consuluit
728 4334 753 4388 Ι)
822 4338 852 4385 27
872 4349 943 4388 anno
962 4335 1035 4387 urbri
1051 4332 1160 4388 condite
1179 4333 1291 4400 dcxcvi]

145 4421 162 4472 Β
201 4432 230 4482 le
246 4430 374 4482 lrcmnrui
388 4429 491 4495 gratim
500 4427 525 4481 B
576 4427 752 4496 golpromper
771 4432 896 4496 (pomperr
919 4427 949 4488 ol
969 4426 996 4480 B
1074 4431 1202 4489 29-153,
1221 4429 1236 4478 4
1256 4425 1293 4494 (>

144 4513 172 4567 ⁰³
184 4524 188 4579 l
200 4528 290 4575 eontra
307 4521 420 4589 parthos
434 4522 527 4574 millai
543 4520 630 4575 eit-ds
648 4537 708 4574 cum
726 4522 808 4587 crrlea
826 4521 916 4572 carras
933 4524 1028 4573 contra
1040 4519 1158 4574 omem&
1172 4519 1293 4586 auiprcra

143 4608 290 4668 :amatre
306 4629 324 4667 a
341 4614 438 4667 turena
460 4613 552 4667 orodri
572 4614 643 4681 regri
658 4613 726 4666 duee
741 4620 745 4676 l
761 4613 867 4666 uretui·
894 4611 928 4665 ad
951 4612 1112 4679 postremum
1136 4611 1295 4665 mterieetui

141 4703 239 4773 titirum
256 4706 312 4761 tilio
323 4707 467 4760 elarrll'rmo
479 4706 502 4759 da
512 4707 721 4776 prestantriirmo
739 4704 985 4772 romanorumque
1003 4706 1137 4757 exercitui
1151 4706 1293 4773 pcaiirum

141 4798 291 4864 lacerarem
316 4802 422 4869 seruate
441 4801 500 4852 lusit
519 4825 523 4834 ·
540 4816 585 4867 qm
611 4799 736 4866 lingulam
752 4800 860 4863 [tammo
887 4797 1006 4865 perdrtai
1029 4800 1072 4848 rel
1091 4805 1168 4850 truita
1193 4803 1294 4850 irinutc
