2834 5394
152 270 213 331 ast
638 286 729 333 nram
751 284 810 332 xvi

151 438 235 503 sima
248 435 438 503 Herulorurn
462 436 674 517 multitudine,
703 436 804 502 fretus
825 437 958 520 insuper
974 436 1232 519 'lurcilingorum
1255 434 1328 500 siue

151 546 323 632 Scyrorum
346 546 476 612 auxiliis
498 545 625 611 Italiam
649 546 690 610 ab
713 545 866 612 extremis
887 546 1077 611 Pannoniae
1106 544 1224 610 finibus
1253 565 1328 629 pro

34 676 40 685 ’
148 676 264 743 parare
291 656 463 723 contendit.
508 657 562 740 qui
590 655 666 721 duur
693 656 801 722 adhuc
828 675 886 740 per
907 657 1096 721 Noricorum
1126 675 1203 720 rura
1231 674 1325 720 exer-

148 766 246 832 eitum
268 766 399 833 duceret
420 767 548 850 cognita
570 767 719 833 Seuerini
741 767 829 831 fama
851 765 971 832 Christi
995 765 1116 830 domini
1140 765 1235 846 serui,
1266 764 1321 848 qui

147 876 212 943 illis
234 883 310 942 tunc
331 876 470 960 degebat
491 877 526 942 in
547 877 636 959 locis,
665 876 708 942 ad
737 894 808 941 eum
837 876 899 942 sibi
928 875 1182 940 benedictionem
1206 875 1355 958 petitu-5

147 1006 202 1054 rus
229 988 375 1053 accessit.
420 986 473 1069 qui
504 986 578 1050 dum
607 985 830 1053 bencdictione
858 992 1011 1070 percepta
1038 986 1079 1049 ab
1109 986 1178 1050 cius
1208 984 1320 1067 egredi

147 1097 265 1161 cellula
285 1096 385 1162 uellet
407 1104 439 1161 et
461 1103 557 1181 caput
585 1116 626 1162 nc
649 1098 683 1161 in
706 1096 944 1180 superliminari
967 1096 1049 1175 ostii,
1080 1115 1118 1159 co
1141 1094 1227 1177 quod
1249 1114 1321 1177 pro-

148 1224 242 1271 cerae
264 1214 352 1272 essct
373 1213 525 1288 staturae,
560 1205 729 1284 adlideret‚
763 1206 960 1285 inclinasset,
994 1226 1015 1269 a
1037 1204 1089 1270 dei
1112 1204 1180 1267 uiro
1202 1204 1321 1268 futuro

146 1337 217 1381 rum
238 1317 386 1401 praescio
409 1337 481 1381 mox
504 1317 583 1381 talia
611 1315 736 1380 audiuit
766 1315 860 1381 ‘uadc
888 1335 971 1381 nunc
1000 1315 1043 1379 ad
1064 1315 1200 1392 Italiam,
1235 1311 1321 1378 uadc

146 1424 323 1505 Odouacer,
347 1426 514 1492 uilissimis
536 1426 662 1491 interim
686 1426 898 1491 animantium
921 1424 1060 1509 pellibus
1075 1424 1216 1503 indutus,
1241 1426 1320 1488 mul·
1339 1434 1370 1483 to

145 1536 187 1602 tis
209 1536 272 1601 cito
295 1537 389 1620 plura
410 1536 603 1619 largiturus!
646 1536 727 1601 hacc
748 1536 802 1600 ille
824 1535 925 1600 uerba
947 1555 1053 1600 rernm
1076 1534 1164 1599 exitu
1187 1553 1321 1617 conpro

143 1644 242 1711 bault.
288 1667 361 1711 nam
385 1646 560 1730 aliquantis
582 1646 785 1730 postmodum
809 1645 904 1710 annis
927 1644 1023 1710 totius
1039 1644 1162 1724 Italiae,
1187 1644 1321 1725 insuper

86 1750 118 1814 X
141 1761 174 1820 et
196 1755 285 1821 urbis
314 1776 391 1821 usus
420 1765 470 1821 cst
492 1761 660 1839 potestate.
708 1757 853 1838 ingresso
882 1774 959 1837 ergo
993 1754 1121 1818 ltaliam
1145 1753 1317 1818 Odouacre

144 1865 252 1930 statim
285 1865 316 1929 ci
349 1863 435 1949 apud
457 1864 608 1947 Liguriae
640 1866 793 1930 terminos
817 1865 948 1929 l'lrestes
979 1864 1133 1948 patricius
1169 1864 1317 1942 occurrit,

144 1973 199 2056 qui
220 1973 378 2039 aduersus
401 1973 608 2040 fortissimam
631 1974 866 2039 multitudinem
889 1974 970 2039 nihil
987 1993 1022 2039 sc
1037 1974 1228 2058 praeualere
1245 1992 1318 2039 con·
1338 1987 1367 2036 ιε»

143 2081 295 2166 spiciens,
326 2083 466 2147 maxime
493 2103 563 2147 cum
591 2103 663 2148 eum
693 2084 757 2147 iam
781 2083 911 2164 quidam
935 2103 1063 2149 suorum
1086 2082 1317 2163 deseruissent,

144 2199 229 2257 metu
260 2191 404 2277 trepidus
434 2193 520 2257 intra
549 2194 695 2257 'licinum
726 2213 761 2259 se
791 2193 976 2258 munitionis
1006 2192 1123 2256 fiducia
1145 2192 1316 2259 concludit.

39 2310 47 2323 ‘
144 2321 220 2368 mex
241 2300 421 2368 adueniens
444 2321 515 2367 cunr
537 2304 678 2368 exercitu
693 2302 861 2368 Odouacer
883 2313 1100 2386 expugnatam
1125 2302 1247 2367 fortiter
1269 2302 1316 2367 in-

140 2410 285 2495 greditur
307 2412 486 2478 ciuitatem:
522 2420 691 2479 uastantur
719 2413 871 2479 uniuersa
900 2413 1034 2496 rapinis,
1069 2412 1175 2477 saeuit
1197 2413 1317 2496 ubique

139 2520 284 2605 gladius,
308 2521 422 2588 diuina
450 2543 577 2607 quoque
605 2524 796 2608 priuataque
825 2521 975 2588 aedilicia
997 2521 1081 2604 ignis
1105 2522 1314 2606 consumpsit,
1331 2531 1366 2581 ac

140 2638 255 2715 captus
279 2632 407 2697 demum
431 2631 561 2700 Orestes
590 2633 631 2697 ab
654 2631 801 2699 hostibus
824 2631 1021 2697 Placentiam
1044 2652 1147 2714 usqrre
1169 2630 1315 2715 perduci·

140 2750 191 2804 tur
225 2740 334 2822 ibique
368 2741 478 2823 gladio
511 2741 727 2806 detruncatur.
781 2740 898 2806 exinde
929 2760 986 2818 per
1024 2741 1194 2807 uniuersas
1228 2740 1314 2806 idern

138 2848 270 2914 barbari
292 2850 388 2916 urbes
410 2849 518 2916 diffusi
541 2861 689 2915 cunctam
712 2851 782 2916 sine
804 2851 916 2933 aliqua
937 2849 1087 2914 tarditate
1102 2850 1229 2914 Italiam
1251 2852 1312 2915 iuri

137 2959 268 3045 proprio
291 2958 472 3026 subdedere
494 2961 675 3043 multasque
702 2968 778 3025 tune
808 2960 955 3025 ciuitates
986 2965 1139 3043 parantes
1161 2960 1313 3026 resistere

61 3066 112 3132 XI
135 3069 283 3135 extinctis
316 3069 553 3135 habitatoribus
586 3068 629 3134 ad
664 3071 765 3135 solum
800 3089 902 3153 usque
936 3069 1091 3134 deiecere.
1144 3069 1313 3135 Odouacer
1329 3086 1362 3135 aa

137 3177 246 3260 itaque
269 3197 442 3262 prosperos
465 3179 529 3243 sibi
551 3198 687 3244 cernens
709 3198 879 3245 successus
902 3179 1089 3244 adcrescere
1121 3179 1229 3244 statim
1259 3199 1312 3245 re-

136 3285 224 3369 giam
247 3285 384 3368 arripuit
404 3285 605 3369 dignitatem.
650 3288 849 3371 Augustulus
872 3289 900 3353 si
923 3288 1063 3371 quidem,
1101 3290 1155 3372 qui
1184 3290 1312 3372 imperii

134 3404 399 3479 praesumpserat
413 3405 613 3480 potestatem,
637 3417 773 3464 cernens
788 3397 973 3463 uniuersam
991 3398 1116 3463 ltaliam
1132 3398 1311 3465 Odouacris

137 3505 261 3572 uiribus
291 3505 396 3587 subdi,
434 3507 626 3591 inopinabili
655 3515 741 3573 metu
764 3506 952 3591 perterritus
975 3516 1090 3591 sponte
1113 3510 1309 3575 miserabilis

133 3635 308 3699 purpuram
332 3616 475 3683 abiciens
506 3637 576 3682 curn
606 3620 661 3683 uix
683 3617 831 3682 undecim
861 3617 1026 3682 mensibus
1055 3638 1123 3683 rem
1145 3617 1360 3702 publicarum

134 3725 334 3807 obtinuisset,
373 3727 573 3812 imperialem
596 3727 746 3812 deposuit
774 3727 986 3821 maiestatem.
1016 3727 1062 3791 ita
1092 3729 1309 3792 Romanorum

133 3835 221 3920 apud
241 3837 375 3901 Romam
404 3839 573 3922 imperium
602 3845 668 3903 toto
699 3845 855 3903 terrarum
878 3836 956 3901 orbe
978 3836 1165 3901 uenerabile
1178 3847 1219 3901 ,ct
1242 3838 1307 3900 Λιι-

133 4015 408 4024 ῌ--ι-
429 4019 437 4023 -

202 4128 358 4183 rherolorn
379 4128 405 4181 B
474 4128 630 4197 turcrlrgoru
648 4128 686 4183 θ’
766 4129 864 4183 snb
957 4126 1080 4195 tcapud
1098 4127 1152 4181 Bll
1214 4129 1307 4182 talli-

131 4218 242 4274 uererb
296 4225 326 4275 rs
344 4225 419 4275 eras
439 4206 593 4276 odoacris
649 4226 687 4275 ro.
710 4225 748 4274 ra.
769 4220 902 4275 renus
956 4218 1101 4286 angicurt
1124 4219 1150 4272 o
1202 4220 1307 4287 rgnen

130 4311 253 4379 adsulmrt
276 4312 303 4367 B
389 4318 421 4367 lt
447 4312 602 4367 lubderell
709 4318 742 4367 26
770 4314 917 4367 secretiore
947 4311 969 4365 ll
1039 4315 1067 4364 31
1097 4311 1254 4365 obtenurll&
1283 4313 1307 4366 B

132 4408 164 4459 32
182 4405 344 4472 uenelrabrlo
364 4404 389 4458 D
