3284 5078
270 310 336 374 292
772 323 863 370 nmnr
886 323 936 369 x11

271 475 409 542 Nieaeni
424 473 550 542 oonoilii
565 473 662 541 fidem
677 481 918 558 conseruerant,
940 474 996 540 ille
1017 475 1157 541 libenter
1178 473 1246 540 eius
1261 474 1361 540 uerba
1377 496 1449 542 sus-

271 587 396 669 oipiens
418 585 601 668 baptizatus
629 591 726 669 atque
756 584 958 668 aegritudine
980 583 1135 653 liberatus
1157 591 1216 652 est.
1260 584 1345 652 inter
1366 585 1449 652 haee

271 693 475 762 Theodosius
496 695 672 778 imperator
694 694 795 760 tilium
818 715 910 762 suum
931 694 1106 760 Moadium
1133 693 1318 780 designauit
1338 695 1449 780 Augu·

269 811 353 870 stum
370 807 538 871 consulatu
551 804 757 872 Merobaudis
777 805 917 872 seeundo
933 811 966 871 et
980 806 1154 888 Saturnini,
1170 804 1293 872 deeimo
1309 806 1448 890 septimo

269 913 432 982 kalendas
446 915 624 982 Februarii.
668 915 702 980 iu
723 916 818 981 Italia
840 935 918 982 uero
940 936 1040 999 puero
1062 916 1141 983 satis
1157 916 1314 982 existente
1328 915 1483 982 valen-e

269 1025 393 1090 tiniauo
416 1044 521 1090 rerum
543 1045 653 1091 euram
668 1025 792 1092 Probus
816 1045 857 1092 ex
879 1027 1010 1092 eonsule
1033 1033 1130 1110 atque
1152 1025 1332 1108 praefectus
1347 1025 1448 1092 babe-

273 1135 338 1200 bat.
382 1134 507 1200 Iustina
528 1155 605 1202 uero
628 1135 846 1202 Valentiniani
868 1143 972 1202 mater
993 1155 1065 1202 oum
1088 1142 1174 1203 esset
1195 1134 1343 1219 Arriana,
1372 1136 1448 1202 uiuo

272 1242 404 1327 quidem
426 1245 541 1310 marito
563 1246 692 1312 laedere
714 1266 780 1312 non
800 1246 982 1330 praeualuit
1004 1245 1211 1313 orthodoxos.
1256 1265 1294 1312 eo
1323 1253 1449 1312 mortuo

273 1359 306 1420 et
328 1354 394 1419 filio
416 1355 511 1421 ualde
533 1357 702 1424 iuueneulo
717 1357 935 1424 Mediolanum
957 1356 1092 1424 ueniens
1106 1355 1275 1422 Ambrosio
1298 1356 1448 1438 episeopo

272 1471 344 1530 erat
374 1464 493 1540 intesta
524 1465 569 1531 ita
602 1473 636 1531 ut
669 1487 742 1533 eum
771 1466 926 1534 destinari
948 1467 1074 1533 iuberet
1095 1465 1201 1533 exilio.
1246 1464 1386 1548 dumque
1407 1465 1450 1532 de
1470 1470 1500 1520 1⁰

272 1574 412 1640 eoelesia
439 1575 602 1643 iuberetur
626 1562 729 1658 exire,
766 1578 956 1644 Ambrosius
983 1577 1029 1642 ait
1059 1579 1129 1660 ‘ego
1157 1583 1271 1660 sponte
1300 1575 1362 1641 boo
1384 1596 1449 1643 nou

273 1705 336 1767 ago
358 1703 400 1750 ne
423 1685 508 1770 lupis
531 1686 638 1752 ouium
661 1695 776 1772 saepta
798 1687 911 1753 uidear
933 1685 1123 1753 contradere
1144 1693 1200 1752 aut
1221 1686 1450 1770 blaspbeman-

273 1793 359 1861 tibus
382 1793 487 1860 deum.
531 1796 584 1861 hie
607 1797 634 1863 si
657 1797 764 1881 planet
784 1797 904 1881 oeoide,
928 1797 990 1862 hoe
1013 1798 1083 1862 loeo
1105 1803 1239 1862 mortem
1262 1816 1366 1879 prona
1380 1817 1450 1864 sus·

273 1903 357 1986 cipio
380 1905 561 1971 uoluntate!
881 1987 884 1993 ¹

138 2000 252 2071 XXIII
359 2013 407 2078 aa
429 2013 635 2100 tempestate>
656 2016 816 2084 Maximus
837 2017 887 2082 uir
908 2015 1037 2100 quidem
1060 2023 1206 2083 strenuus
1227 2023 1324 2100 atque
1340 2015 1449 2100 Augu·
1469 2017 1498 2068 ¹⁵

61 2113 71 2135 ¹
274 2128 323 2186 sto
345 2121 462 2206 dignus
485 2123 546 2191 nisi
569 2134 681 2192 eontra
702 2128 897 2193 saeramenti
919 2127 1016 2194 tidem
1039 2147 1098 2212 per
1118 2125 1323 2212 tyrannidem
1347 2145 1449 2192 emer-

277 2231 383 2314 sisset,
420 2233 455 2298 in
476 2233 659 2302 Brittannia
687 2236 807 2304 inuitus
835 2237 878 2302 ab
908 2238 1049 2304 exereitu
1070 2238 1246 2321 imperator
1267 2244 1393 2301 oreatus
1415 2236 1450 2302 iu

273 2341 413 2407 Galliam
437 2345 572 2412 transiit.
616 2354 651 2411 at
672 2367 748 2412 uero
772 2345 946 2414 Gratianus
968 2347 1043 2413 dum
1066 2347 1241 2414 exereitum
1263 2347 1450 2429 neglegeret

274 2459 307 2518 et
327 2473 448 2536 pauoos
471 2474 511 2520 ex
534 2455 647 2524 Alanis
671 2477 750 2541 quos
773 2458 896 2541 ingenti
923 2477 1001 2523 auro
1024 2456 1066 2523 ad
1089 2477 1124 2524 se
1146 2457 1363 2537 transtulerat,
1393 2474 1448 2520 ue·

273 2561 392 2628 toriae
415 2565 559 2631 Romano
581 2567 674 2633 militi
696 2569 871 2635 anteferret
899 2567 1044 2652 adeoque
1066 2567 1275 2633 barbarorum
1297 2564 1448 2630 comitatu
1465 2570 1499 2622 20

275 2679 307 2736 et
328 2693 428 2756 prope
450 2675 590 2742 amieitia
612 2679 735 2760 eapitur
757 2685 791 2742 ut
813 2699 877 2743 non
900 2698 1074 2762 numquam
1104 2676 1217 2744 eodem
1246 2675 1359 2742 babitu
1387 2675 1449 2742 iter

276 2781 402 2864 iaoeret,
436 2784 512 2849 odia
542 2794 653 2851 eontra
686 2808 721 2854 se
754 2788 890 2853 militum
922 2787 1083 2853 excitauit.
1128 2787 1287 2852 Maximus
1310 2805 1385 2869 ergo
1409 2785 1451 2850 ab

274 2892 411 2958 infensis
427 2891 581 2960 Gratiano
605 2897 786 2980 legionibus
809 2905 962 2981 exeeptus
985 2897 1122 2964 eundern
1144 2897 1249 2962 subita
1270 2896 1452 2963 incursione

277 3003 481 3084 perterritum
504 3011 601 3089 atque
624 3007 658 3071 in
679 3008 806 3072 ltaliam
828 3009 965 3074 transire
988 3006 1198 3074 meditantem
1219 3006 1303 3073 dolis
1318 3007 1452 3070 eircum-

276 3119 407 3176 uentum
435 3113 603 3181 interiecit.
647 3113 763 3200 <eausa
797 3125 905 3184 autem
932 3116 1162 3183 interleetionis
1189 3117 1259 3183 eius
1281 3116 1339 3182 iuit
1360 3115 1450 3180 haee.
1469 3125 1502 3178 25

276 3221 437 3286 Maximus
465 3224 551 3289 enim
579 3226 668 3292 misit
694 3227 879 3311 opinionem
908 3228 942 3292 in
966 3229 1081 3312 uulgus
1103 3225 1179 3311 quia
1201 3247 1282 3292 uxor
1303 3224 1451 3290 Gratiani

276 3349 335 3394 suo
366 3330 434 3396 uiro
463 3333 629 3401 festinaret
656 3355 822 3403 ooeurrere
848 3339 881 3404 in
905 3338 1063 3422 Lugduuo
1086 3337 1213 3403 Galliae
1242 3337 1370 3401 oiuitate
1392 3333 1452 3399 flu-

276 3439 363 3504 uium
386 3445 572 3511 transeunti.
618 3445 791 3514 Gratianus
812 3456 920 3514 autem
943 3448 1080 3515 eredens
1103 3447 1272 3531 coniugem
1287 3465 1451 3511 reuersam

276 3550 387 3618 uenire
409 3573 505 3636 quarn
527 3576 630 3638 nuper
651 3565 829 3642 acceperat,
853 3579 916 3624 non
940 3558 1106 3641 praeeauit
1128 3557 1196 3623 eius
1217 3555 1362 3638 insidias,
1393 3555 1452 3622 sed

274 3661 375 3727 ueluti
397 3683 511 3732 caecus
533 3665 566 3731 in
589 3667 714 3734 foueam
736 3668 875 3738 inmanis
897 3663 1000 3734 hostis
1021 3667 1162 3732 incurrit.
1206 3665 1282 3732 dum
1305 3685 1382 3750 ergo
1396 3684 1452 3730 ue·
1468 3679 1503 3731 eo

349 3985 514 4054 lnropnrl)
599 3986 762 4041 tarohadru
780 3986 807 4041 D
892 3984 1139 4040 tmorabaudrill
1212 3943 1274 4038 non
1300 3957 1410 4040 unffi
1428 3983 1455 4039 D

279 4077 424 4133 donnini*
441 4077 468 4133 D
521 4083 551 4132 12
562 4078 669 4148 ieptaD
712 4079 805 4135 uidear
823 4097 874 4134 om.
894 4079 927 4134 D*
984 4085 1013 4132 15
1032 4077 1138 4148 qmdem
1155 4076 1241 4132 11er
1293 4078 1454 4132 manuni&

275 4171 442 4240 probolatq3
460 4173 571 4240 augusto
587 4171 614 4226 B
662 4177 691 4225 il
711 4173 839 4226 brittania
849 4171 903 4226 ob
948 4175 977 4226 le
996 4171 1078 4226 hexd
1110 4168 1256 4240 mgenteD
1296 4174 1325 4224 m
1347 4177 1454 4239 capitur

278 4263 410 4318 Gruterus
427 4281 465 4320 erc
490 4263 615 4320 Victore:
633 4280 695 4334 capr
714 4264 797 4320 DBP
845 4269 878 4318 m
896 4266 1070 4320 euebuentui
1087 4264 1114 4320 Β
1182 4266 1309 4328 25-293,
1329 4268 1344 4318 5
1363 4264 1396 4334 <>
1414 4263 1455 4318 b.-

276 4359 357 4424 etatri
373 4373 436 4412 uun
454 4357 478 4411 b
494 4373 534 4412 xx
551 4359 636 4412 annot
651 4358 776 4431 habente
794 4357 931 4426 tratremq;
951 4358 1007 4412 erui
1025 4357 1051 4412 B
1136 4361 1169 4410 28
1187 4369 1323 4410 reuersam
1341 4357 1455 4428 sampsi:

277 4447 385 4502 reuersa
403 4449 463 4503 DP:
482 4450 607 4504 Creuiam
626 4449 766 4516 thomrs,
784 4465 893 4506 reuera
913 4450 1044 4506 Gruterus
1113 4455 1146 4504 29
1164 4450 1200 4503 eri
1217 4448 1250 4504 θ’
