2834 5394
199 257 261 319 264
707 269 800 316 ntem
821 267 858 315 x1

199 424 266 488 mul
287 423 384 488 etiam
408 426 544 487 nouerat
564 427 596 485 et
618 422 768 503 Paganos
795 419 895 486 fuisse
924 419 1128 485 contristatos
1156 417 1376 503 prohibitione

200 533 430 600 sacrificiorum
452 539 485 598 et
506 530 693 598 desiderare
715 529 854 614 adipisci
882 536 1010 614 tempus
1039 549 1102 613 quo
1129 548 1243 594 eorum
1270 529 1371 613 aperi·

199 650 309 710 rentur
330 644 452 728 templa
474 650 508 707 ut
529 641 688 707 haherent
708 640 803 706 idolis
825 640 1014 705 immolandi
1036 638 1213 705 licentiam.
1246 638 1295 705 sic
1316 637 1368 720 igi-

199 761 251 819 tur
274 761 443 836 utrumque
466 752 618 836 populum
642 751 842 816 maeroribus
871 750 1074 816 uulneratum
1101 769 1124 815 a
1150 749 1304 815 defuncte
1326 768 1367 813 co

199 884 360 948 gnoseens
382 869 414 928 et
435 861 644 926 communiter
666 880 777 926 ornnes
800 859 1018 926 eunuchorum
1041 858 1201 924 uiolentia
1229 865 1263 924 et
1283 875 1391 942 praet

198 975 293 1059 cipue
325 972 457 1040 Eusebii
489 969 747 1038 Nicomediensis
779 971 924 1056 episcopi
956 971 1081 1055 rapinis
1112 969 1368 1052 ingemiscentes,

199 1084 255 1169 qui
278 1102 369 1150 suam
391 1081 502 1148 sedem
524 1082 698 1165 reliquerat
726 1086 758 1146 et
784 1081 951 1147 inuaserat
968 1078 1367 1163 Constantinopolitansm,

200 1193 344 1258 Iulianus
380 1192 428 1256 ita
462 1191 550 1276 apud
583 1211 696 1257 omnes
727 1197 830 1257 semet
860 1191 966 1274 ipsum
1000 1189 1174 1255 artificioso
1207 1189 1368 1254 uelamine

198 1300 453 1367 commendabat.
498 1308 531 1367 et
552 1302 627 1366 aliis
648 1300 778 1384 quidem
801 1320 911 1366 amare
934 1320 969 1366 se
990 1299 1143 1383 fingebat,
1166 1298 1242 1365 aliis
1265 1306 1368 1364 sutem

198 1429 256 1496 per
277 1431 395 1476 uanam
417 1410 552 1494 gloriam
575 1411 685 1495 largus
713 1418 792 1487 erat,
828 1410 977 1476 omuibus
1004 1418 1113 1475 mmen
1141 1410 1175 1474 in
1204 1427 1369 1474 commuue
1387 1422 1411 1471 tc

199 1521 305 1605 qualis
328 1527 414 1587 esset
435 1522 590 1605 religione
614 1521 824 1587 monstrabat.
868 1528 900 1585 et
921 1521 1059 1606 primum
1082 1520 1214 1604 quidem
1235 1518 1371 1584 erudeli·

199 1632 259 1696 tati
283 1630 463 1697 Constantii
486 1632 572 1696 eirca
593 1631 755 1697 subiectos
779 1631 940 1715 derogans
963 1638 995 1696 ct
1015 1649 1087 1695 eam
1110 1649 1219 1695 coram
1250 1630 1370 1714 populo

198 1741 352 1808 uniuerso
373 1740 581 1824 redarguens,
610 1740 698 1805 iubet
720 1742 890 1826 episcopos
912 1740 1010 1806 exilio
1032 1740 1220 1825 deportatos
1241 1739 1370 1805 euocari

197 1858 231 1915 et
251 1850 443 1917 confiscatas
466 1870 575 1915 eorum
597 1851 690 1916 reddi
713 1851 921 1918 substautias.
966 1851 1088 1935 templa
1116 1869 1245 1934 quoque
1268 1850 1369 1931 Paga·

196 1979 310 2024 norum
333 1960 485 2025 uelociter
508 1981 584 2027 suos
606 1961 810 2027 necessarios
832 1961 999 2046 praecepit
1020 1962 1158 2045 aperire,
1182 1980 1239 2026 eos
1262 1970 1369 2024 aute-ru
1387 1975 1414 2025 te

198 2068 253 2150 qui
275 2069 402 2134 lucrant
423 2070 465 2135 ab
488 2070 644 2137 eunuchis
667 2071 824 2155 oppressi,
858 2071 1002 2154 recipere
1031 2091 1115 2154 quae
1143 2069 1228 2135 male
1257 2069 1370 2136 abeis

196 2176 324 2242 lucrant
344 2177 489 2263 abrepta,
513 2180 661 2245 sanciuit.
705 2181 882 2246 Eusebium
910 2199 987 2244 uero
1009 2179 1249 2265 praesidentem
1273 2180 1371 2263 impe

196 2287 270 2351 riali
292 2286 438 2352 cubiculo
468 2296 569 2354 morte
597 2288 764 2355 damnauit
784 2310 848 2355 non
871 2291 974 2356 solum
997 2291 1074 2374 quia
1101 2291 1218 2356 multos
1240 2309 1372 2374 oppres-

196 2403 284 2463 serat
311 2397 368 2464 sed
398 2399 475 2482 quia
496 2397 626 2464 Gallum
654 2419 781 2483 quoque
808 2400 938 2466 fratrem
968 2401 1038 2467 cius
1060 2399 1194 2466 consilio
1222 2399 1372 2465 audierat

197 2507 432 2593 interemptum.
476 2516 508 2574 et
529 2528 645 2593 corpus
668 2509 797 2592 quidem
820 2508 1000 2576 Constantii
1024 2510 1112 2594 regio
1134 2509 1257 2574 honore
1280 2522 1415 2594 sepe-tu

41 2616 177 2685 XXXII
199 2618 279 2682 liuit.
344 2618 439 2683 eiecit
471 2620 659 2703 expulitque
688 2639 706 2684 e
734 2619 856 2703 palatio
885 2619 1049 2686 eunuchos
1076 2625 1224 2686 tonsores
1261 2627 1294 2685 et
1321 2640 1371 2684 co

197 2746 288 2808 quos.
332 2728 496 2794 crruuehos
530 2729 661 2812 quidcur
695 2730 773 2812 quia
804 2730 874 2795 eius
907 2750 988 2795 uxor
1020 2729 1146 2795 obierat
1175 2738 1369 2815 postquam

195 2855 260 2900 non
283 2835 374 2901 duxit
389 2837 496 2918 aliam,
520 2857 638 2921 coquos
661 2846 766 2903 autem
790 2840 866 2922 quia
889 2839 970 2905 cibis
993 2840 1193 2924 simplicibus
1216 2847 1369 2923 uteretur,

195 2957 343 3012 tonsores
383 2967 476 3012 uero:
520 2948 633 3012 ‘unus'
681 2949 785 3032 inquit
824 2948 957 3015 ‘suffieit
991 2950 1122 3015 multis’.
1174 2950 1366 3035 scriptorum

195 3064 300 3120 autem
336 3057 492 3140 plurimos
530 3058 675 3122 fortunae
711 3059 864 3142 autiquae
892 3061 1064 3126 restituens
1091 3061 1226 3141 reliquis
1255 3079 1366 3126 eorum
1383 3081 1414 3131 re

195 3164 373 3229 mercedem
403 3168 580 3250 scripturae
608 3167 679 3232 dari
708 3171 883 3253 praecepit.
934 3170 1073 3236 abscidit
1106 3189 1234 3254 quoque
1269 3172 1368 3236 etiam

194 3272 357 3357 publicum
386 3294 513 3341 cursum
542 3278 700 3342 mularum
729 3287 761 3344 et
795 3280 1002 3345 caballorum.
1046 3280 1127 3345 haee
1162 3283 1233 3346 eius
1268 3301 1370 3366 opera

194 3381 330 3449 laudant
351 3387 445 3468 pauci
467 3387 661 3470 plurimique
683 3389 877 3472 uituperant.
922 3390 950 3456 is
979 3390 1065 3455 enim
1092 3391 1190 3456 etiam
1217 3392 1369 3458 noctibus

194 3493 334 3576 uigilans
364 3496 587 3562 conscribebat
615 3498 715 3564 libros
745 3506 777 3563 et
804 3499 1005 3565 descendens
1033 3499 1066 3563 in
1094 3506 1210 3565 senatu
1236 3502 1369 3585 publice

192 3604 358 3669 recitabat.
403 3606 491 3671 solus
520 3607 606 3671 euim
635 3607 862 3692 imperatorum
891 3610 1015 3674 alulio
1044 3608 1186 3676 Caesare
1214 3611 1247 3675 in
1278 3612 1415 3677 curiata

194 3721 328 3781 senatus
357 3717 506 3781 recitauit
532 3717 705 3783 orationes.
750 3718 931 3784 honorabat
960 3718 1203 3803 disciplinarum
1227 3722 1369 3788 cultores

193 3823 332 3889 manime
354 3825 632 3910 philosophantes.
677 3826 821 3893 habehat
842 3836 947 3893 autem
978 3829 1149 3913 plurimum
1171 3850 1280 3895 uanae
1302 3833 1369 3914 glo-

191 3933 262 3999 riae
284 3935 395 3999 uitium
420 3942 451 4000 et
473 3937 507 4000 in
529 3938 674 4001 oratione
696 3958 792 4020 quam
815 3938 856 4004 de
872 3937 1067 4004 Caesaribus
1090 3940 1220 4024 scripsit
1234 3949 1370 4008 cunctos

264 4202 465 4255 lcontrrltatus
480 4202 506 4256 t)
591 4204 872 4270 dingemelcentelll
957 4205 1101 4274 81taq.1)
1180 4211 1322 4264 earmare
1342 4208 1370 4265 D

195 4293 223 4340 tl
242 4291 354 4358 abrepta
374 4294 519 4348 Gratems:
538 4295 649 4349 abrecta
667 4294 720 4350 ΒΡ
789 4301 818 4349 19
836 4297 908 4365 galld
924 4314 1003 4368 quoq.
1028 4300 1056 4352 ia
1073 4314 1128 4353 ras.
1146 4300 1175 4353 in
1192 4298 1219 4354 D
1289 4305 1320 4354 21
1341 4310 1369 4356 et

191 4385 224 4434 23
243 4385 323 4437 cocos
339 4384 365 4437 J)
433 4389 465 4438 ll
484 4389 576 4455 mquid
596 4387 621 4441 Il
689 4392 722 4441 ³0
740 4387 857 4442 curtii)
