2834 5394
546 713 618 759 CAP.
641 714 781 762 IIII-VII
1190 710 1252 769 565

163 863 258 927 Anno
282 861 407 946 imperii
430 863 550 930 Leonis
574 863 685 949 quinto
707 864 798 931 uenit
820 865 909 931 Madi
932 867 1075 933 Arabum
1098 870 1162 937 dux
1185 874 1252 939 Da·
1274 875 1323 940 vl

77 972 213 1036 bachum
235 991 307 1036 eum
330 973 428 1038 multo
451 979 617 1058 potentatu
638 982 734 1059 atque
757 983 917 1061 apparatu
939 985 970 1042 et
990 978 1089 1045 misso
1112 981 1252 1049 filiosuo

78 1084 111 1146 in
148 1083 339 1148 Romaniam
382 1084 453 1168 ipse
497 1084 581 1149 redit
622 1084 664 1150 ad
708 1092 855 1151 sanctam
892 1088 1055 1155 ciuitatem
1097 1096 1130 1156 et
1164 1092 1253 1160 misit

77 1191 289 1274 Mucthesian,
313 1193 367 1277 qui
392 1192 558 1259 dicebatur
572 1195 699 1261 Zelotes
722 1202 753 1259 et
776 1195 832 1261 dat
854 1197 885 1262 ei
906 1204 1099 1282 potestatem
1122 1208 1251 1286 aposta·

46 1309 127 1368 stas
150 1301 290 1368 faciendi
314 1302 569 1369 Christianorum
597 1324 709 1371 seruos
746 1313 778 1370 et
806 1305 977 1373 desolandi
1000 1309 1154 1377 ecelesias
1176 1331 1252 1378 san-

78 1419 155 1494 ctas,
179 1421 210 1478 et
232 1414 321 1478 uenit
342 1433 444 1498 usque
465 1414 616 1480 Emesam
645 1422 678 1480 et
699 1416 891 1500 repromittit
912 1437 948 1483 se
970 1438 1036 1483 non
1058 1423 1251 1504 compellere

76 1522 118 1588 ad
140 1523 408 1608 magarinandum
436 1524 500 1590 nisi
523 1544 578 1590 eos
608 1525 663 1608 qui
692 1545 732 1590 ex
754 1525 939 1594 infidelibus
961 1527 1081 1594 dudum
1105 1530 1250 1615 luissent,

76 1634 177 1699 donec
210 1634 362 1719 patefacti
391 1642 468 1701 sunt
488 1634 631 1701 Hebraei
659 1642 691 1700 ct
719 1634 905 1702 Christiani.
950 1645 981 1702 ct
1009 1640 1115 1705 statim
1145 1642 1252 1725 coepit

76 1745 176 1830 impie
199 1745 341 1809 cruciare
364 1745 446 1811 sicut
469 1763 528 1809 nec
549 1745 667 1829 Lysias
689 1745 764 1809 olim
788 1747 841 1810 uel
856 1746 1046 1830 Agricolaus
1068 1750 1249 1833 multosque
1291 1828 1293 1834 Ι

30 1868 59 1915 10
76 1853 226 1939 perdidit.
270 1874 349 1921 sane
372 1854 510 1920 feminac
531 1855 638 1938 gratia
660 1855 780 1922 Christi
802 1843 854 1920 dei
876 1857 978 1922 nostri
1006 1857 1152 1922 uicerunt
1180 1859 1250 1927 eius

74 1965 254 2046 insaniam,
285 1971 317 2029 et
337 1964 401 2030 hae
423 1983 494 2029 cum
516 1964 714 2032 Nubitenses
737 1971 847 2032 essent
868 1966 1088 2032 archidiaconi
1110 1968 1249 2036 Emesae

74 2095 113 2140 ae
135 2075 193 2140 filii
215 2075 335 2142 Esaiae
356 2076 490 2140 multum
512 2074 673 2141 cruciatae
696 2095 765 2140 cum
790 2096 854 2142 non
877 2077 1052 2143 cessissent
1079 2077 1249 2162 impietati,

76 2185 208 2250 millena
243 2185 364 2270 qnippe
392 2184 496 2269 flagra
523 2185 715 2270 recipientes
749 2193 781 2252 et
808 2186 882 2252 aliis
916 2187 1025 2254 multis
1054 2188 1249 2255 cruciatibus

74 2301 292 2379 attemptatur,
322 2315 473 2361 coronam
496 2317 517 2361 a
540 2294 669 2362 Christo
692 2296 847 2362 uictoriae
869 2303 1090 2382 perceperunt.
1135 2315 1248 2382 perue-

29 2416 56 2464 15
73 2406 121 2470 nit
150 2411 257 2470 autem
287 2412 318 2471 et
346 2425 448 2490 usque
476 2407 672 2471 Damascum
710 2413 742 2472 et
769 2408 887 2473 multas
916 2408 1071 2473 eeclesias
1100 2406 1248 2474 desertas

72 2516 147 2580 iecit
169 2535 233 2580 non
255 2515 427 2582 intendens
451 2515 525 2582 dato
549 2515 743 2582 Christianis
765 2516 807 2580 ab
829 2516 992 2583 Arabibus
1014 2517 1124 2583 uerbo.

157 2627 331 2692 Praeterea
359 2634 473 2691 octauo
501 2625 574 2692 idus
596 2626 793 2690 Februarias
821 2634 945 2692 mortuo
967 2628 1083 2692 Niceta
1111 2626 1152 2693 de
1182 2648 1243 2712 quc
1267 2625 1331 2690 VII

71 2734 270 2819 praedictum
294 2743 343 2802 est
366 2733 690 2819 Constantinopoleos
712 2735 863 2819 episcopo
887 2735 1030 2802 secunda
1051 2736 1244 2802 ieiuniorum

71 2843 277 2909 hebdomada
306 2845 358 2910 dic
387 2844 547 2909 dominico
568 2844 700 2909 Paullus
729 2843 929 2912 honorabilis
960 2865 1080 2929 genere
1104 2845 1245 2931 Cyprius

25 2973 55 3020 ao
71 2953 171 3017 uerbo
195 2959 227 3018 et
249 2961 321 3018 actu
343 2973 515 3019 coruscans
537 2959 610 3036 post
632 2953 803 3037 plurimam
825 2961 956 3039 propter
977 2953 1149 3038 haeresim,
1181 2976 1247 3042 qua

71 3063 250 3142 tenebatur,
275 3064 525 3144 excusationem,
548 3063 581 3127 ui
603 3064 705 3128 multa
727 3064 937 3142 compellente
958 3073 1165 3131 consecratur
1186 3086 1244 3152 pa·

70 3172 212 3238 triarcha
249 3173 633 3258 Constantinopolitanus.
690 3172 798 3237 media
834 3194 911 3239 uero
947 3174 1153 3241 hebdomada
1189 3175 1244 3243 die

71 3283 263 3349 ieiuniorum
299 3291 405 3350 tentus
434 3291 482 3349 est
511 3281 648 3348 lacobus
678 3283 961 3368 Protospatharins
999 3292 1030 3350 et
1059 3285 1179 3371 Papias
1203 3305 1241 3350 ac

72 3395 251 3478 Strategius
275 3400 306 3460 et
328 3393 545 3479 Theophanes
567 3392 755 3458 cubicularii
787 3401 818 3458 et
847 3395 1138 3478 paracoemumcni‚
1175 3395 1242 3461 Leo

22 3514 197 3587 aequoque
220 3523 258 3569 ao
280 3504 424 3571 Thomas
446 3522 549 3587 acque
571 3502 759 3568 cubicularii
791 3524 856 3569 una
883 3524 954 3570 curn
984 3505 1057 3571 aliis
1080 3505 1242 3588 religiosis

71 3613 150 3678 uiris
173 3633 210 3677 co
233 3613 318 3697 quod
340 3614 545 3680 uenerabiles
567 3613 724 3696 imagines
747 3612 928 3681 adorarent.
973 3623 1048 3680 tunc
1071 3614 1242 3683 denudans

68 3722 290 3789 absconditam
312 3724 468 3789 malitiam
491 3744 582 3790 suam
605 3723 671 3788 Leo
701 3725 915 3808 persecutoris
942 3724 1028 3791 filius
1056 3732 1088 3791 et
1110 3723 1170 3792 hos
1192 3726 1242 3791 in·
1329 3736 1333 3744 ’

68 3832 318 3899 misericorditer
345 3852 457 3901 caesos
485 3840 517 3899 et
544 3842 654 3899 tonsos
681 3854 804 3918 perque
831 3834 973 3901 medium
1003 3834 1092 3902 urbis
1114 3837 1241 3903 uinctos

68 3944 216 4028 pompari
239 3944 314 4010 fecit
336 3944 423 4010 etin
445 3944 606 4029 praetorio
628 3943 748 4008 includi
771 3943 947 4026 mandauit,
985 3944 1173 4028 intorques
1196 3951 1240 4010 et·

18 4062 50 4111 30
68 4055 131 4119 iam
155 4053 259 4120 dictus
281 4055 414 4119 moritur
436 4053 652 4138 Theophanes
675 4054 841 4120 confessor
868 4053 1000 4119 effectus
1029 4059 1061 4117 et
1088 4072 1238 4118 coronam

67 4164 213 4249 martyrii
236 4172 435 4246 consecutus,
473 4163 590 4249 reliqui
618 4170 727 4231 antem
756 4183 868 4231 omnes
897 4171 972 4249 post
1000 4162 1094 4229 huius
1118 4163 1239 4229 obitum

136 4454 323 4522 lmadechD
409 4443 644 4555 5cr1snanprdl)
747 4463 1239 4535 ianmagarizandumcod.F1-au-

65 4559 132 4613 claci
156 4557 277 4615 Pitheci:
303 4559 337 4613 ad
364 4560 570 4630 menzengandn
593 4559 633 4624 J),
664 4558 699 4612 ad
725 4558 957 4613 menzanzandum
983 4556 1010 4612 P
1033 4562 1060 4612 et
1076 4557 1240 4612 Asaastasius

66 4651 215 4719 Scapul)
303 4659 328 4707 ll
350 4654 454 4709 hamele
472 4653 504 4731 D⁴
586 4650 745 4708 tielareli
832 4656 861 4705 ll
879 4650 1027 4706 solenh
1112 4654 1142 4704 19
1161 4653 1237 4705 ct2²

65 4742 214 4798 ebdomada
231 4745 257 4799 D
328 4751 357 4802 19
374 4747 513 4817 paululD
564 4747 665 4816 crpnns
681 4747 706 4797 1)
760 4749 790 4798 ht
811 4743 1038 4814 psthnssarchsD
1106 4747 1139 4797 24
1157 4758 1238 4812 para·

64 4837 287 4907 cemolmenulD
