2834 5394
10 39 988 477 -Ᾱ

409 703 482 754 car.
505 706 828 755 xxxvnu-xxxxrn
1138 692 1196 753 271

71 870 113 941 cst
128 860 344 946 supemiueere
364 859 461 927 nimis
482 860 688 941 inuidiosum,
712 857 847 924 credens
870 858 1044 942 praecipue
1066 857 1202 940 magieis

70 970 162 1039 eribus
180 989 262 1056 quas
283 970 315 1036 ei
335 970 497 1037 Maximus
523 969 737 1056 philosophus
765 969 941 1037 exhibebat
969 973 1001 1033 et
1027 967 1202 1033 arbitratus

68 1080 210 1147 Alexandri
231 1079 418 1147 Macedouis
441 1099 477 1148 se
497 1081 634 1165 gloriam
657 1089 883 1166 percepturum
904 1085 961 1145 aut
988 1085 1075 1144 certe
1101 1078 1202 1163 potio·

68 1209 122 1256 ren.
156 1189 290 1278 putabat
320 1191 405 1257 enim
433 1191 609 1258 secundum
631 1191 870 1277 Pythagoream
892 1189 1103 1271 Platonisque
1131 1207 1202 1253 sen·

44 1302 168 1367 atentiam
188 1320 231 1368 ex
256 1302 433 1367 mutatione
461 1320 630 1387 corporum
651 1301 830 1367 Alexandri
861 1301 1003 1365 animam
1033 1296 1202 1383 possidere

65 1418 107 1476 ant
120 1431 183 1480 esse
203 1412 313 1498 potius
334 1412 369 1477 in
390 1412 491 1477 altero
512 1430 645 1496 corpore
660 1413 760 1477 alium
776 1410 1009 1477 Alexandrum.
1053 1407 1095 1473 ob
1116 1406 1202 1473 hano

64 1520 145 1605 laque
162 1541 294 1589 causam
316 1523 487 1588 Persarum
509 1522 596 1606 regis
617 1523 721 1587 noluit
743 1541 856 1606 preces
879 1520 1059 1586 admittere.

123 1631 243 1699 interea
263 1652 335 1697 eum
357 1632 391 1697 in
413 1632 540 1698 deserto
562 1633 632 1698 loco
653 1633 758 1716 primo
778 1632 977 1716 captiuorum
992 1628 1164 1695 habuisset
1184 1627 1352 1695 XXXXII

63 1738 192 1825 duutunr,
215 1750 331 1828 postea
352 1741 483 1826 quidam
506 1743 614 1809 senior
635 1743 804 1826 transfuga
826 1742 885 1809 sub
909 1740 1073 1807 schemate
1094 1739 1200 1823 prodi·
1246 1773 1248 1778 ·

26 1851 120 1917 tttoris
136 1871 169 1918 se
189 1853 221 1918 ei
243 1852 506 1937 compendiosum
528 1854 588 1918 iter
609 1852 779 1919 ostendere
794 1852 1022 1936 compromisit.
1065 1868 1200 1933 cumque

62 1959 138 2029 tribus
162 1962 280 2028 diebus
307 1963 511 2029 ambulantes
537 1962 580 2028 ad
607 1964 764 2028 maiorem
792 1961 999 2030 solitudinem
1021 1960 1197 2038 uenissent,

61 2069 232 2140 iuinsidias
259 2072 449 2138 inciderunt.
500 2074 606 2140 statim
637 2074 726 2138 illum
761 2072 890 2157 quidem
924 2089 1034 2138 senem
1061 2069 1200 2135 fustibus

61 2180 217 2248 occiderunt
238 2182 441 2248 confitentem
471 2182 531 2248 hoc
559 2203 595 2250 se
625 2184 740 2251 iecisse
769 2205 826 2268 pro
850 2183 975 2268 patriae
997 2181 1146 2246 libertate
1168 2187 1200 2245 et

60 2288 169 2357 libcutm
199 2299 360 2358 tormenta
392 2293 502 2358 omnia
529 2295 697 2360 sustinere.
742 2313 878 2378 cumque
911 2313 984 2359 eum
1015 2290 1092 2355 hine
1123 2288 1199 2354 inde

26 2410 50 2461 tt
59 2397 142 2467 Parthi
166 2410 329 2487 urgerent,
366 2422 385 2468 e
413 2404 529 2470 castris
556 2405 620 2469 iam
648 2404 763 2489 positis
791 2411 919 2489 arrepto
948 2410 1071 2467 tautum
1093 2400 1197 2484 clipeo

59 2513 185 2592 procurrit
206 2532 343 2596 eumque
365 2513 545 2579 inconsulto
567 2513 681 2580 ardore
704 2515 815 2580 nititur
837 2513 967 2579 ordines
982 2512 1025 2577 ad
1040 2511 1196 2596 proelium

59 2634 230 2706 conponere,
253 2623 295 2687 ab
318 2643 382 2687 uno
404 2642 444 2688 ex
465 2623 613 2690 hostibus
641 2625 825 2708 etquidem
848 2624 989 2707 fugiente
1011 2630 1105 2687 contr
1127 2640 1197 2705 per-

60 2731 154 2812 cutitur,
181 2733 369 2815 relatusque
397 2732 431 2797 in
459 2733 701 2799 tabemaouluur
724 2756 834 2801 rursus
857 2732 1097 2799 adhortandos
1120 2752 1196 2796 sues

59 2854 180 2921 thasus
201 2844 360 2926 paulatim
382 2843 541 2925 sanguiue
564 2852 719 2909 uacuatus
741 2846 827 2909 circa
848 2844 951 2910 noetis
973 2844 1039 2908 iere
1055 2840 1195 2906 medium

26 2943 152 3016 abfuit.
194 2950 328 3036 quidam
360 2960 466 3017 autem
500 2951 610 3018 dicunt
643 2955 780 3019 iaculum
809 2961 940 3038 repente
968 2951 1109 3017 delatum
1132 2950 1198 3017 ‹lis-

58 3073 158 3128 ttrrcus
178 3080 238 3145 per
260 3061 427 3126 brachium
448 3063 484 3127 in
506 3064 576 3129 eius
598 3065 683 3130 latus
704 3066 878 3131 inmersum
908 3082 988 3130 ease.
1033 3061 1089 3145 qui
1118 3079 1195 3125 uero

57 3162 238 3237 iheruinum
253 3173 363 3236 intulit
376 3173 503 3252 uulnus,
518 3172 673 3240 hactenus
690 3175 864 3257 ignoratur.
888 3173 945 3240 sed
957 3173 1015 3239 alii
1031 3169 1193 3256 quendam

55 3271 237 3347 inuisibilium
267 3281 329 3346 hoc
362 3282 510 3348 intulisse
540 3284 659 3366 terunt,
697 3285 753 3349 alii
792 3304 869 3349 uero
902 3305 1000 3349 unum
1031 3290 1195 3367 pastorem

53 3381 295 3471 ismahelitarum,
325 3391 382 3456 alii
411 3392 544 3457 militem
582 3394 665 3459 tarne
701 3404 733 3460 et
770 3396 884 3461 itinere
913 3394 1091 3477 fatigatum.
1137 3389 1195 3456 sed

23 3495 102 3562 brine
119 3499 211 3565 bomo
235 3501 306 3566 siue
327 3501 463 3583 augelus
485 3503 581 3567 fuerit
601 3505 710 3589 palam
733 3513 783 3571 est
805 3506 882 3588 qruiu
903 3503 1024 3568 diuinis
1046 3500 1195 3566 iussioni·

50 3601 94 3673 bus
110 3611 313 3677 ministrauit.
358 3610 512 3678 Callistus
534 3621 641 3680 autem
669 3615 723 3698 qui
752 3616 835 3680 inter
857 3614 1034 3679 familiares
1057 3612 1193 3694 impera·

46 3717 106 3784 toris
124 3728 197 3785 tunc
220 3720 383 3785 militabat
403 3728 436 3786 et
456 3721 585 3788 heroico
607 3742 703 3790 uersu
724 3726 794 3791 eius
809 3725 1000 3809 conscripsit
1014 3721 1192 3800 historiam,

42 3824 80 3892 ait
97 3848 164 3895 eum
186 3851 208 3895 a
231 3829 390 3896 daemone
412 3831 513 3898 tuisse
528 3834 739 3899 uulneratum.
783 3835 940 3899 Libanius
955 3852 1031 3897 uero
1047 3830 1194 3913 sophista

36 3936 125 4021 Syrus
146 3942 231 4006 inter
252 3950 380 4007 ceteras
402 3941 525 4021 laudes,
555 3964 637 4026 quas
659 3944 700 4009 de
722 3945 792 4011 eius
815 3947 883 4009 uita
905 3942 1044 4025 scripsit,
1074 3939 1106 4001 in
1129 3938 1193 4001 tine

10 4046 98 4117 tlibri
126 4051 173 4117 sio
200 4050 248 4116 ait
277 4051 306 4115 ‘o
329 4049 520 4116 daemonum
551 4053 679 4120 alumne
701 4053 959 4135 daemonumque
981 4046 1139 4130 discipule
1162 4054 1194 4110 et

26 4154 213 4226 daemonum
235 4160 445 4226 obseruator!

103 4271 250 4337 Iulianus
272 4290 351 4353 ergo
373 4279 486 4354 quarto
508 4274 675 4339 consulatu
697 4294 766 4356 suo,
791 4292 886 4356 quem
904 4267 1052 4336 ediderat
1069 4283 1140 4328 cum
1163 4264 1348 4335 XXXXIII

85 4555 289 4625 trndrurdrlolr'r
304 4555 332 4609 D
399 4557 588 4626 sprthagorea
605 4558 631 4612 l)
691 4557 793 4612 tahal
808 4551 952 4609 alexander
970 4544 1024 4602 bl>
1079 4546 1194 4598 'tcauta

11 4650 40 4707 b
92 4655 216 4704 amntere
233 4647 261 4702 b
365 4647 493 4702 §deserti
509 4649 613 4705 local)
715 4648 833 4703 ttductri
848 4644 874 4698 l)
977 4643 1008 4691 14
1026 4635 1096 4699 inde]
1115 4635 1148 4690 de
1165 4637 1192 4691 D

13 4739 225 4810 trifarium)
280 4744 313 4794 19
330 4739 417 4794 medai
435 4741 469 4795 b
522 4746 551 4796 21
573 4748 640 4807 esse]
659 4745 674 4797 e
692 4741 719 4796 1)
776 4744 808 4793 28
826 4732 943 4791 lrbranul
959 4730 986 4785 D
1041 4732 1073 4781 29
1091 4726 1191 4785 irael)

10 4832 266 4894 accrementa
318 4832 461 4888 adoreo
