2834 5394
52 226 114 290 582
543 242 635 289 uram
657 241 728 287 xxv

52 411 128 457 uero
150 410 208 476 per
229 390 376 456 homiues
400 411 475 456 suos
497 390 678 458 blandiens.
722 398 755 456 et
775 389 910 456 attraxit
937 389 987 455 ad
1012 410 1052 457 se
1078 411 1201 458 omnes
1222 399 1250 457 et

51 502 310 586 praestolabatur
342 520 515 583 congruum
548 500 697 567 inuenire
727 500 823 566 diem.
868 500 1004 566 interea
1034 502 1174 568 Romae
1202 503 1251 567 ob-

52 618 147 676 eunte
169 610 336 676 Hadriano
364 629 451 694 papa
486 617 692 676 cousecratur
726 611 793 676 Leo
831 610 883 675 uir
923 609 1251 680 honorabilissimus

55 725 87 784 et
108 740 167 806 pcr
189 721 298 785 omnia
319 719 527 784 reuerendus.

1 825 82 895 vm
141 831 251 896 Mense
274 849 350 894 uero
372 829 488 894 Martio
511 829 611 894 eriuit
639 830 813 915 imperator
840 828 1007 897 aduersus
1032 831 1177 899 Arabes
1199 832 1276 898 hat

53 941 135 1009 bens
158 959 266 1005 secum
300 939 502 1005 stauracium
528 939 699 1023 patricium
736 946 768 1005 et
799 945 922 1005 ceteros
957 940 1097 1008 amicos
1136 943 1251 1008 matris

56 1069 134 1117 suae
155 1068 215 1114 uec
240 1069 306 1113 nou
328 1054 359 1112 et
381 1048 517 1114 electam
540 1056 704 1114 cateruam
727 1048 949 1135 expeditorum
972 1050 1150 1117 uidelicet
1172 1052 1253 1118 mili·

54 1169 121 1224 turn
143 1178 184 1223 ex
206 1158 347 1242 utrisque
369 1158 564 1225 thematibus
593 1158 709 1241 uiginti
736 1159 836 1223 milia.
880 1157 1040 1226 uidentes
1070 1168 1194 1227 autem
1220 1161 1252 1226 hi

55 1267 110 1352 qui
132 1268 218 1333 circa
239 1268 442 1333 Stauracium
465 1275 558 1335 eraut
585 1267 784 1333 alacritatem
812 1268 921 1353 populi
957 1275 990 1334 et
1029 1270 1252 1355 imperatoris

54 1380 228 1444 timuerunt
249 1397 291 1442 ne
312 1378 393 1443 forto
415 1378 496 1443 inito
518 1378 602 1443 bello
631 1379 686 1443 ille
716 1378 859 1444 uincerat
895 1385 926 1443 et
953 1378 1023 1462 ipsi
1049 1379 1250 1446 adiuuentis
1265 1393 1288 1441 to

55 1489 214 1555 aduersus
236 1507 308 1552 cum
339 1488 567 1553 frustrarentur
596 1487 735 1570 insidiis,
764 1507 840 1572 ergo
868 1489 1054 1554 muneratis
1085 1490 1250 1574 uigilibus

55 1605 285 1684 persuaserunt
312 1597 360 1663 cis
389 1597 515 1663 mentiri
551 1596 752 1682 perhibendo
783 1599 963 1663 Saracenos
995 1597 1148 1682 fugisse.
1196 1601 1250 1665 im·

56 1714 187 1794 perator
209 1708 317 1790 itaque
340 1707 473 1771 multum
503 1706 649 1773 tristatus
677 1706 827 1773 inefficax
856 1707 968 1772 urbem
990 1706 1179 1790 ingressus
1203 1717 1251 1777 est

58 1825 90 1883 et
121 1815 272 1883 kalendis
304 1815 399 1882 Maiis
427 1822 570 1882 mortuus
598 1823 648 1882 est
675 1815 854 1883 filiuseius
882 1816 949 1881 Leo
986 1822 1020 1881 et
1051 1818 1143 1885 luxit
1174 1840 1247 1886 eum

56 1924 273 1992 uehementer.
1263 1936 1284 1984 o

4 2031 102 2099 VIIII
144 2033 243 2097 Porro
266 2032 505 2099 sextodecimo
528 2032 687 2100 kalendas
709 2033 873 2118 Augustas
887 2034 937 2099 ab
961 2038 1110 2118 equestri
1136 2056 1245 2122 agone

56 2143 99 2210 ad
130 2149 276 2209 sanctum
304 2142 435 2206 Mamas
467 2148 654 2209 transeunte
690 2150 927 2210 transmearunt
965 2143 1134 2213 aduersus
1169 2166 1243 2212 enm

55 2249 393 2338 comprehendendum
413 2251 449 2316 hi
470 2252 525 2335 qui
547 2258 640 2317 erant
662 2273 703 2319 ex
724 2253 893 2319 ordinibus
915 2273 996 2338 quos
1012 2261 1123 2321 mater
1139 2257 1243 2342 impe

54 2363 171 2430 ratoris
193 2363 298 2428 fuerat
319 2362 476 2438 allocuta,
514 2383 577 2446 quo
605 2362 661 2429 ille
689 2363 818 2447 cognito
851 2363 885 2428 in
907 2361 1118 2429 chelandium
1144 2387 1241 2431 suum

55 2475 223 2559 ingressus
246 2478 296 2539 est
323 2479 355 2537 et
382 2473 593 2537 transmeauit
621 2470 663 2537 ad
691 2471 790 2557 Pylas
818 2473 932 2538 uolens
960 2471 1003 2537 ad
1026 2473 1240 2541 orientalium
1255 2486 1280 2536 to

55 2583 166 2648 thema
188 2582 368 2664 confugere.
414 2587 506 2646 eraut
527 2587 635 2646 autem
664 2599 736 2645 cum
763 2600 801 2647 eo
830 2588 862 2647 ct
884 2582 996 2647 matris
1019 2602 1102 2647 suae
1126 2584 1237 2665 amici,

56 2712 137 2775 quos
159 2691 214 2755 illc
237 2691 283 2755 sio
306 2709 378 2755 esse
406 2689 586 2772 ignorabat.
630 2695 801 2774 praeterea
828 2691 928 2756 cxiuit
956 2692 1027 2774 ipse
1056 2699 1091 2756 et
1120 2695 1240 2759 mulier

56 2801 126 2867 eius
147 2820 249 2885 usquc
264 2799 306 2865 ad
321 2800 496 2865 Tritonem.
540 2819 635 2883 porro
657 2800 792 2867 consilio
814 2799 893 2864 inito
916 2800 1011 2864 amici
1032 2801 1151 2866 matris
1168 2803 1238 2869 eius

57 2911 206 2997 quicum
235 2910 307 2993 ipso
337 2915 439 2990 erant
469 2908 620 2974 dixcmnt
646 2909 690 2975 ad
712 2915 815 2976 semet
834 2909 925 2993 ipsos
948 2908 993 2975 ‘si
1020 2919 1238 2978 coaceruatus

56 3020 153 3086 fuerit
174 3019 204 3083 ei
226 3018 375 3102 populus,
406 3037 472 3083 nou
493 3018 558 3083 iam
580 3017 723 3083 dominio
746 3019 982 3101 constringetur
1008 3036 1069 3083 nec
1098 3020 1166 3086 iam
1190 3023 1238 3087 la·
1256 3030 1282 3080 a

56 3136 125 3194 tore
146 3126 321 3211 poterimus
344 3146 416 3191 eum
449 3133 482 3191 et
513 3126 628 3210 perdct
656 3127 729 3193 nos'
763 3134 928 3212 materque
959 3128 1062 3211 ipsius
1099 3147 1238 3213 congre

56 3235 141 3320 gatis
168 3235 203 3299 in
229 3233 351 3318 palatio
379 3234 558 3301 Eleutherii
594 3236 642 3303 eis
671 3237 724 3322 qui
757 3255 799 3302 er
828 3236 995 3302 ordinibus
1018 3236 1080 3302 sibi
1103 3238 1238 3304 fuerant

55 3344 217 3425 collocati,
244 3343 391 3408 introiuit
419 3345 593 3429 palatium,
626 3352 659 3410 et
683 3365 755 3410 cum
778 3345 945 3412 didicisset
975 3346 1085 3429 populi
1108 3347 1154 3412 ad
1176 3348 1237 3413 im·

57 3461 238 3540 peratorem
261 3472 467 3536 concursum,
490 3455 596 3520 timuit
616 3455 713 3522 nimis
735 3462 768 3523 ct
788 3455 947 3521 tractabat
969 3454 1106 3539 qualiter
1129 3457 1238 3523 mitte

57 3573 105 3629 ret
127 3565 297 3648 episcopos
319 3562 362 3628 ad
384 3582 456 3628 eum
490 3570 522 3630 et
549 3564 710 3650 acciperet
730 3564 864 3629 uerbum
904 3573 935 3630 et
962 3563 1092 3631 sederet
1112 3565 1149 3629 in
1173 3586 1236 3632 an·
1252 3575 1281 3626 oo

55 3673 140 3757 gulo.
184 3693 295 3737 uerum
319 3672 448 3758 scripsit
469 3674 590 3739 occulte
611 3672 655 3738 ad
677 3675 798 3740 amicos
821 3693 896 3766 suos
918 3674 973 3756 qui
995 3693 1065 3737 cum
1081 3693 1119 3738 eo
1137 3683 1235 3742 erant

57 3781 135 3866 quia
157 3779 230 3846 ‘nisi
252 3780 382 3846 modum
405 3782 581 3866 quemlibet
602 3782 742 3850 feceritis
764 3789 796 3847 et
809 3782 1007 3848 tradideritis
1023 3803 1105 3864 eum,
1128 3784 1238 3850 uerba

57 3909 140 3975 quae
161 3889 288 3955 habetis
311 3910 444 3974 mecum,
469 3891 613 3957 indicare
634 3892 740 3958 habeo
761 3892 966 3977 imperatori!
1002 3893 1105 3957 atilli
1127 3901 1237 3960 metu·

57 4007 149 4066 entes
176 4006 348 4065 tenuerunt
369 4021 441 4066 cum
470 3998 513 4064 ad
542 4020 655 4085 preces
683 4008 715 4067 et
742 4002 776 4066 in
804 4001 1009 4066 chelandium
1037 4000 1169 4067 inducto
1194 4023 1235 4069 eo

126 4253 314 4311 tadnanol)
400 4243 606 4312 tlftauratuill
692 4262 720 4311 11
740 4257 938 4313 numeratufD
1031 4262 1061 4312 16
1079 4259 1106 4311 kl
1124 4275 1179 4328 aug
1206 4262 1233 4318 D

60 4349 90 4396 11
108 4334 212 4402 mamis
229 4346 256 4402 D
326 4352 356 4401 19
374 4349 512 4418 alloquuta
530 4349 556 4403 I)
623 4353 656 4403 28
674 4349 821 4419 colloquutr
838 4350 865 4405 P
931 4354 963 4405 32
982 4356 1052 4415 eum]
1071 4351 1159 4406 ecff)
