2834 5394
179 254 240 319 530
658 267 751 314 amru
772 264 875 312 xxurr

177 421 365 490 ulsitatione
387 420 482 486 adeo
498 419 664 505 recipiatis
678 419 754 485 lieet
775 418 925 486 infideles
946 417 1042 484 amioi
1062 416 1148 499 sitis,
1172 418 1373 484 testamenti

178 553 255 600 nero
285 533 349 597 mei
375 538 475 597 testes
505 551 563 598 uos
591 549 665 598 esse
692 531 766 596 nolo
796 549 868 594 eum
897 530 940 596 sit
967 530 1048 594 tale:
1076 528 1190 594 omnis
1223 527 1371 610 quinon

177 644 280 710 eredit
301 644 334 708 in
350 650 475 727 patrem
491 650 524 708 et
544 642 646 706 lilium
668 648 701 706 et
716 641 864 726 spiritum
880 647 1026 706 sanetum
1042 640 1368 706 oonsubstantialem

178 761 210 821 et
231 754 375 819 diuinam
398 754 430 817 in
454 751 592 817 monade
605 752 782 817 trinitatem
798 758 941 817 mortuus
964 757 1013 817 est
1034 751 1149 816 anima
1172 757 1208 816 et
1232 756 1367 814 aeterno

178 872 228 932 est
249 864 367 947 dignus
390 870 557 928 tormento.
602 862 678 927 talis
706 871 755 927 est
778 868 810 928 et
831 861 1040 927 hluhammad
1067 859 1393 946 pseudoprophetas

177 981 287 1041 uester
308 981 340 1039 et
361 973 551 1038 Antichristi
573 991 774 1057 praecursor.
812 971 968 1039 diseedite
984 991 1060 1056 ergo
1076 970 1103 1037 si
1120 970 1205 1035 mihi
1230 970 1363 1036 eraditis

177 1084 310 1151 testanti
338 1084 431 1149 uobis
460 1082 556 1149 hodie
583 1084 707 1148 eaelum
740 1090 773 1148 et
803 1090 921 1147 terram
954 1083 996 1148 ab
1029 1083 1116 1147 illius
1146 1081 1361 1147 fabulatione.

178 1194 310 1261 oonsnlo
333 1194 418 1259 enim
441 1193 535 1260 uobis
557 1210 599 1258 ne
620 1192 805 1258 cruciemini
828 1193 923 1259 simul
946 1213 1017 1257 oum
1039 1191 1113 1256 illo!
1150 1210 1228 1256 oum
1251 1198 1360 1256 autern

176 1304 259 1371 baeo
281 1312 312 1370 et
334 1303 386 1370 his
408 1305 503 1390 plura
524 1323 595 1368 cunr
618 1304 666 1369 eis
689 1302 730 1369 de
752 1302 813 1369 deo
835 1303 1044 1368 ratiocinatus
1077 1300 1274 1383 dissereret,
1306 1321 1360 1365 au-

178 1415 304 1482 dientes
327 1415 374 1480 illi
396 1422 526 1500 stupore
555 1433 613 1481 seu
635 1415 772 1480 nesania
800 1413 921 1479 detenti
943 1411 1172 1494 longanimiter
1193 1413 1263 1478 uisi
1286 1418 1401 1477 sunta

177 1527 261 1593 terre
294 1545 335 1591 ex
365 1527 522 1609 languore
550 1523 636 1589 hune
661 1530 791 1610 praeter
819 1542 949 1590 sensum
978 1543 1051 1589 esse
1078 1528 1253 1608 putantes,
1288 1541 1358 1586 oum

177 1644 284 1703 autem
307 1657 348 1703 ex
370 1636 556 1700 infirmitate
578 1634 811 1715 conualuissot,
842 1634 954 1699 maiori
984 1632 1089 1716 eoepit
1110 1651 1191 1697 uooe
1214 1633 1358 1697 clamare

178 1746 371 1812 ‘anathema
391 1744 599 1810 hlubammad
629 1753 661 1811 et
683 1745 829 1811 fabuloso
857 1746 976 1829 scripto
999 1744 1069 1809 eins
1098 1750 1129 1808 et
1151 1743 1281 1810 cunetis
1303 1742 1357 1827 qui

177 1856 312 1922 erodunt
322 1856 371 1921 ei!
392 1863 468 1921 tuno
482 1876 542 1940 per
556 1854 699 1937 gladium
716 1854 1030 1922 animaduersionem
1043 1872 1219 1938 perpessus
1232 1860 1359 1937 martyr

177 1972 326 2033 ostensus
342 1973 400 2031 est.
432 1965 516 2029 huno
531 1964 820 2032 declamationibus
835 1984 1017 2031 sermonum
1033 1963 1206 2028 honoranit
1220 1969 1358 2029 sanetus
1374 1968 1402 2017 ¹⁵

176 2080 269 2160 pater
290 2082 400 2140 noster
421 2074 583 2141 Iohannes
613 2075 667 2159 qui
695 2075 778 2141 hene
807 2076 1051 2160 cognominatus
1079 2082 1128 2139 est
1150 2072 1359 2159 Chrysoroas

176 2191 308 2271 proptor
329 2204 461 2250 auream
485 2192 516 2250 et
537 2185 694 2269 fulgidam
716 2186 850 2271 spiritus
865 2187 1013 2270 gratiam,
1038 2203 1120 2270 quae
1142 2184 1177 2248 in
1198 2183 1275 2268 ipso
1291 2190 1359 2248 tam

176 2295 210 2362 in
232 2294 332 2362 uerbo
355 2315 452 2378 quarn
475 2297 508 2361 in
531 2296 619 2362 uitae
641 2304 715 2362 aetu
737 2295 884 2362 eiflomit.
907 2315 1003 2381 quem
1023 2294 1175 2360 nidelioet
1197 2293 1359 2360 Constan-

175 2407 263 2474 tinus
285 2406 404 2492 impius
425 2406 600 2492 imperator
622 2427 729 2473 annuo
752 2412 884 2492 propter
910 2406 1104 2472 eminentem
1127 2403 1359 2470 orthodoxiam

178 2517 248 2584 eius
264 2518 463 2583 anathemati
479 2517 688 2584 submittebat
710 2523 742 2582 et
763 2537 822 2601 pro
836 2517 970 2582 Mansur
984 2515 1070 2600 quod
1092 2515 1215 2580 anitum
1236 2534 1360 2580 nomen
1375 2525 1406 2576 to

177 2628 247 2694 eius
270 2627 419 2712 quodque
441 2627 680 2712 redemptus
703 2627 941 2712 interpretatur,
966 2646 1064 2692 sensu
1078 2625 1212 2689 Iudaico
1233 2645 1359 2691 nouum

176 2738 333 2803 eeclesiae
356 2738 544 2821 irrugistrum
567 2738 741 2803 Manzeron
763 2744 883 2802 mutato
906 2737 1036 2802 nomine
1059 2734 1232 2800 uoeitahat.

95 2841 158 2906 VII
264 2848 451 2932 Eodemque
499 2867 584 2913 anno
623 2846 719 2912 Gizid
751 2847 889 2932 Cyprios
932 2847 966 2911 in
1004 2847 1132 2930 Syriam
1175 2847 1357 2911 transtulit.

175 2958 377 3024 Artauasdes
411 2964 516 3022 autem
546 2958 693 3023 Nioetam
723 2957 825 3022 filium
855 2978 945 3023 suum
975 2962 1249 3037 monostrategum
1283 2976 1359 3040 pro·

175 3074 295 3131 motum
329 3068 372 3132 ad
401 3067 510 3133 therua
546 3066 665 3133 direxit
691 3068 964 3134 Armoniacornm.
1008 3086 1103 3152 porro
1131 3064 1356 3149 Nicephorum
1374 3076 1405 3126 25

175 3194 279 3259 aeque
312 3177 412 3241 filium
452 3198 543 3243 suum
582 3178 748 3243 eoronauit
783 3198 842 3263 per
877 3177 1084 3243 Anastasium
1122 3174 1354 3261 patriarcham.

176 3304 286 3351 mense
309 3306 386 3352 uero
415 3287 501 3351 Maio
530 3306 601 3351 oum
624 3287 827 3355 Artauasdns
855 3287 898 3353 ad
920 3294 1028 3373 partes
1052 3285 1174 3352 Obsioii
1198 3305 1355 3369 egressus

177 3395 291 3464 fuisset
313 3403 345 3462 et
366 3398 484 3464 milites
507 3397 659 3481 elegisset
680 3405 779 3463 totam
801 3398 913 3464 Asiam
936 3398 1021 3482 oepit
1042 3396 1244 3482 depopulans
1267 3415 1354 3461 earn.

176 3528 239 3592 quo
262 3507 493 3574 Constantinus
516 3516 677 3592 comperto
700 3516 805 3574 motus
827 3515 878 3574 est
898 3516 1011 3572 eontra
1032 3509 1147 3592 ipsum.
1185 3526 1257 3570 oum
1272 3527 1354 3573 uero

98 3704 101 3710 Ι
175 3616 217 3682 ad
245 3638 318 3684 eum
347 3619 381 3684 in
409 3625 519 3704 partes
547 3618 741 3684 Sardeorum
770 3616 967 3684 aCelbiano
995 3618 1182 3684 redeuntem
1206 3617 1354 3683 uenisset
1370 3622 1403 3673 30

175 3734 206 3793 et
228 3747 298 3793 eum
322 3730 377 3794 illo
400 3728 519 3795 bellum
548 3729 690 3810 iniisset,
713 3729 809 3795 uertit
836 3748 926 3810 enm,
955 3728 1132 3812 insequitur
1161 3746 1217 3793 eos
1245 3747 1353 3811 usque

175 3836 337 3923 Cyzicum.
382 3847 416 3904 at
436 3840 491 3903 ille
513 3859 584 3903 eum
608 3839 759 3924 Cyzicum
782 3839 995 3924 peruenisset,
1020 3838 1204 3903 dromonem
1227 3837 1354 3921 ingres-

242 4216 338 4270 2uolo
357 4215 452 4270 omrd
554 4202 745 4272 lmonaddll
849 4221 880 4271 10
898 4216 1004 4286 ltopore
1020 4214 1047 4268 D
1148 4221 1175 4268 ll
1196 4214 1305 4283 langore
1324 4212 1353 4268 D

176 4310 206 4358 12
225 4313 297 4376 eeprt
314 4307 341 4361 B
442 4313 475 4363 20
501 4310 680 4365 anathematis
702 4297 903 4366 limittebatll
1015 4312 1047 4362 22
1065 4323 1190 4363 mazeron
1214 4307 1241 4361 ll
1316 4309 1349 4360 23

174 4398 312 4466 crprrolll
380 4404 412 4454 25
431 4402 636 4473 nicephorull)
704 4406 738 4458 26
756 4386 908 4458 analthtfrb
924 4400 952 4457 D
1019 4406 1052 4458 32
1069 4388 1163 4458 luzreb
1181 4398 1264 4457 bt'51)
