2834 5394
130 278 192 341 206
652 291 744 339 ursan
766 294 788 339 x

129 442 341 511 subleuandis
374 443 558 509 ciuitatibus
591 443 806 527 largitionem.
856 461 992 527 cumque
1025 440 1089 507 duo
1121 443 1189 510 sint
1221 463 1302 527 quae

129 554 171 620 ab
194 554 335 637 egregiis
356 553 559 639 principibus
581 560 803 638 expectentur:
833 554 989 621 sanctitas
1011 551 1108 635 dorni,
1138 553 1173 619 in
1203 553 1300 620 armis

128 662 289 745 tortitudo,
313 664 482 748 utrobique
503 662 691 748 prudentia:
720 670 830 731 tantus
859 672 929 731 erat
956 663 991 730 in
1020 682 1059 729 eo
1087 663 1300 728 maximarum

127 795 234 842 rernm
256 774 372 841 modus
394 780 429 838 ut
450 774 543 856 quasi
558 780 811 859 temperamento
827 773 966 859 quodam
982 774 1117 840 uirtutes
1132 773 1301 841 miscuisse

127 885 291 951 uideretur
312 886 376 952 nisi
398 884 484 969 quod
505 884 577 949 cibo
599 887 740 969 uinoque
761 886 929 970 paululum
951 883 1078 950 deditus
1093 882 1193 967 erat.)
1235 904 1299 950 rern

127 997 290 1082 publicam
313 995 359 1060 ita
380 995 622 1061 administrauit
643 1003 677 1059 ut
699 997 849 1061 omnibus
865 994 1065 1080 principibus
1079 995 1196 1060 merito
1210 1014 1298 1080 prae·

128 1108 257 1187 teratur,
291 1105 467 1170 inusitatae
499 1105 666 1171 ciuilitatis
697 1112 729 1170 ct
761 1104 968 1172 fortitudinis.
1013 1105 1151 1170 Romani
1174 1105 1300 1191 imperii

128 1216 214 1301 quod
243 1222 316 1299 post
338 1215 516 1298 Augustum
545 1215 713 1281 defensum
748 1216 852 1299 magis
885 1216 990 1281 fuerat
1021 1235 1118 1299 quam
1150 1216 1301 1281 nobiliter

129 1325 329 1412 ampliatum,
359 1325 440 1391 lines
464 1326 560 1409 longe
583 1327 712 1410 lateque
734 1325 872 1391 diffudit.
916 1326 1013 1392 urbes
1042 1335 1132 1393 trans
1154 1326 1300 1392 Rhenum

128 1436 162 1503 in
185 1435 362 1502 Germania
393 1437 567 1520 reparanit,
602 1437 737 1502 Daciam
760 1436 916 1501 Decibalo
944 1436 1027 1502 uicto
1061 1437 1199 1520 subegit,
1232 1456 1300 1521 pro·

128 1547 237 1613 uincia
258 1553 348 1613 trans
363 1546 549 1611 Danubium
573 1546 658 1611 iacta
679 1546 713 1611 in
737 1545 787 1612 his
810 1548 899 1631 agris
922 1567 1002 1630 quos
1018 1547 1196 1632 Thaiphali
1218 1566 1300 1612 nunc

128 1656 311 1743 Victophali
344 1664 375 1723 et
407 1656 564 1740 Toruiugi
596 1657 727 1723 habent.
772 1675 812 1723 ea
844 1657 1013 1742 prouincia
1035 1657 1143 1723 decies
1166 1664 1301 1723 centena

128 1769 219 1833 milia
240 1787 395 1853 passuum
418 1766 452 1830 in
474 1766 608 1831 circuitu
629 1767 741 1832 tenuit.
785 1766 972 1832 Armeniam
1001 1788 1097 1852 quarn
1126 1786 1301 1852 occupaue

129 1884 202 1944 rant
233 1877 346 1943 Parthi
379 1877 520 1962 recepit,
555 1876 795 1944 Plrarmatasire
827 1878 934 1944 occiso
967 1878 1021 1962 qui
1054 1897 1127 1944 eam
1160 1877 1300 1944 tenebat.

128 1988 266 2054 Albanis
289 2006 398 2071 regem
421 1985 525 2063 dedit,
559 1986 751 2053 Hiberorum
780 2006 889 2072 regern
920 1994 951 2053 et
979 1988 1243 2054 Sauromatarum
1271 1993 1302 2052 et

127 2097 389 2182 Bosporanorum
421 2103 452 2161 ct
485 2096 627 2161 Arabum
656 2104 687 2162 et
717 2096 956 2163 Osdroeuorum
988 2104 1020 2164 et
1049 2097 1242 2163 Colchorum
1268 2098 1301 2162 in

128 2207 224 2273 fidem
253 2208 388 2291 accepit.
433 2205 637 2286 Corduenos,
667 2207 888 2274 Marcomedos
924 2208 1103 2292 occupauit.
1147 2213 1182 2273 et
1206 2210 1300 2274 Ante

128 2317 277 2399 musiuru,
301 2337 453 2400 magnam
477 2316 622 2383 Persidis
646 2317 821 2401 regionem,
851 2318 1032 2384 Seleuciam
1055 2325 1087 2382 et
1110 2317 1299 2403 Ctesiphon·

128 2435 202 2511 tem,
226 2428 427 2513 Babylonem
450 2434 482 2493 et
503 2427 661 2494 Edessam
683 2428 761 2493 uicit
783 2447 822 2492 ac
842 2428 954 2493 tenuit.
998 2448 1101 2512 usque
1123 2428 1167 2493 ad
1187 2428 1300 2494 Indiae

128 2539 210 2606 fines
232 2545 264 2604 et
286 2558 375 2604 marc
398 2537 527 2602 rubrum
557 2539 694 2603 accessit
722 2546 820 2620 atque
848 2538 893 2603 ibi
923 2545 988 2605 tres
1016 2539 1206 2622 prouincias
1228 2539 1302 2603 lecit

127 2648 313 2715 Armeniam
346 2648 514 2733 Assyriam
548 2647 815 2732 Mesopotamiam
847 2668 918 2712 eurn
951 2648 1003 2715 his
1033 2649 1187 2731 gentibus
1220 2668 1303 2732 quae

127 2757 299 2823 bladenam
333 2759 504 2841 attingunt.
549 2757 702 2822 Arabiam
736 2764 851 2842 postea
883 2759 917 2823 in
948 2759 1136 2843 prouinciae
1168 2760 1303 2824 formam

129 2867 263 2951 redegit,
297 2868 331 2933 in
363 2868 445 2932 mari
478 2867 574 2932 rubro
608 2869 747 2934 classem
779 2868 919 2935 instituit
949 2876 983 2933 ut
1011 2890 1070 2954 por
1091 2889 1164 2934 earn
1187 2869 1302 2935 Indiae

131 2978 212 3044 fines
235 2983 389 3044 uastaret.

38 3081 105 3146 1111
214 3087 359 3152 Gloriam
381 3094 490 3152 tamen
511 3086 682 3151 militarcnr
715 3087 872 3153 ciuilitatc
900 3095 933 3154 et
961 3087 1182 3154 moderationc
1211 3108 1303 3172 supe

126 3197 212 3263 rauit
225 3198 346 3261 Romae
369 3202 401 3261 et
422 3217 480 3281 per
501 3196 686 3282 prouincias
708 3199 877 3281 aequalem
901 3216 937 3264 sc
959 3197 1108 3264 omnibus
1131 3198 1302 3282 exhibens,

127 3307 248 3371 amicos
272 3304 435 3372 salutandi
465 3326 564 3372 causa
593 3308 802 3391 frequentans
831 3308 883 3372 uel
912 3314 1118 3391 aegrotantes
1147 3309 1201 3373 uel
1228 3328 1300 3375 curn

127 3416 228 3482 lestos
251 3415 321 3482 dies
343 3415 521 3497 habuisset,
552 3418 703 3482 conuiuia
724 3436 795 3481 cunr
818 3417 941 3483 eisdem
965 3416 1140 3483 indisereta
1155 3418 1302 3485 uicissim

127 3525 261 3609 habena,
296 3545 396 3609 saepe
425 3527 458 3592 in
488 3526 646 3592 uehiculis
674 3546 784 3592 eorum
808 3527 937 3608 sedens,
972 3528 1095 3592 nullum
1118 3536 1304 3595 senatorem

195 3768 392 3838 3utnrhrq.D
477 3770 715 3823 oammrnrltraurt
733 3768 788 3824 DB
845 3768 999 3838 proferatur
1016 3770 1043 3826 D
1128 3774 1260 3826 tirenum
1278 3772 1307 3827 Β

130 3867 160 3915 10
177 3861 386 3931 germanramB
440 3868 466 3914 11
487 3861 588 3916 saetam
614 3879 719 3916 araca.
738 3879 791 3917 rec.
810 3879 880 3918 corr.
899 3862 1065 3917 intactam
1082 3864 1152 3917 s‘nB
1215 3866 1305 3920 tarssdr

129 3953 189 4019 DB,
207 3954 287 4008 tarlrlr
307 3954 334 4007 P
420 3959 448 4008 12
467 3954 596 4008 arctohah
615 3955 674 4021 ΒΡ,
692 3956 802 4009 uretoalr
821 3954 848 4009 Β
899 3961 1034 4024 terurgrntr
1052 3956 1079 4010 B
1156 3961 1305 4014 13611011-

126 4047 229 4100 tumB
283 4052 313 4101 14
331 4048 515 4117 sarmatolyrre
535 4047 567 4107 D,
584 4047 779 4119 sarmatolsyrre
798 4047 833 4113 Β,
850 4048 1026 4117 sarmatol'yre
1043 4047 1070 4102 P
1119 4066 1165 4119 qur
1183 4065 1244 4106 eam
1262 4051 1305 4107 D:

127 4154 206 4208 quam
226 4141 252 4193 Β
305 4145 335 4194 16
353 4140 627 4207 bosphoranorumD
678 4141 800 4194 arabium
818 4140 844 4194 D
892 4140 1103 4195 hosdroenorum
1122 4142 1176 4198 DB
1228 4144 1304 4200 chol·

126 4246 220 4298 goram
239 4232 272 4296 D,
291 4232 511 4287 cholchorumB
572 4238 600 4287 11
620 4232 770 4287 corduenos
787 4235 814 4289 B
864 4234 1049 4288 marcomedol
1063 4236 1103 4290 sic
1123 4234 1204 4291 DBP
1273 4240 1304 4292 ts

128 4322 263 4377 teleutram
281 4324 308 4379 D
359 4324 528 4380 ctclrlontam
547 4326 581 4392 D,
599 4325 775 4395 tesiphontem
794 4326 821 4380 B
876 4332 906 4381 19
924 4327 948 4380 dr
964 4327 1107 4392 Edessam]
1125 4329 1254 4384 meltinas
1268 4329 1303 4394 D,

127 4414 267 4469 melscnroi
283 4415 310 4470 Β
377 4422 410 4473 26
428 4417 579 4472 exibentD
647 4421 679 4472 28
698 4418 795 4474 eisdem
814 4420 854 4474 D:
871 4418 953 4475 uidem
972 4421 1000 4476 Β
