3154 5084
575 358 648 408 car.
671 359 807 406 xr-run
1237 344 1273 408 61

122 517 165 576 cst
178 515 294 594 captus,
318 509 425 578 occisa
439 529 510 575 cum
533 527 571 575 co
587 509 756 576 duodecim
772 511 870 592 milia,
894 511 981 594 capti
1007 510 1095 577 mille
1110 510 1279 595 quingenti

121 626 149 684 et
173 619 323 687 Romanis
351 620 505 688 Sardinia
534 619 670 687 subacta
697 619 790 704 (est).
834 619 974 687 Manlius
1002 621 1103 685 uictor
1130 621 1277 706 captiuos

121 735 148 794 et
165 729 397 796 Hasdrubalem
417 732 554 796 Romam
575 732 762 816 reportabit.

193 839 322 906 Interea
343 841 441 907 etiam
463 839 634 926 Philippus
656 860 677 906 a
698 841 843 907 Laeuino
871 838 905 904 in
927 837 1119 906 Macedonia
1139 838 1278 904 uincitur

93 955 145 1012 act
163 949 195 1013 in
214 949 376 1035 Hispania
397 972 418 1016 a
440 950 648 1036 Scipionibus
669 949 857 1017 Hasdrubal
879 957 911 1015 et
925 949 1021 1034 Mago
1044 950 1157 1016 tertius
1179 949 1278 1016 irater

117 1059 307 1127 Hannibalis.

191 1167 310 1251 <Pudet
339 1167 582 1237 recordationis.
633 1169 712 1254 quid
747 1169 833 1236 enim
861 1168 991 1236 dicam?
1040 1168 1279 1255 improbitatem

118 1279 209 1362 magis
229 1301 273 1346 au
296 1279 463 1347 miseriam
484 1281 726 1346 Romanorum?
769 1279 865 1345 immo
892 1278 1002 1346 uerius
1023 1280 1077 1346 uel
1099 1279 1277 1365 improbam

117 1388 265 1455 miseriam
288 1390 344 1457 nel
366 1391 518 1458 miseram
541 1390 789 1474 improbitatem.
833 1391 906 1474 quis
928 1389 1038 1456 eredat
1059 1409 1098 1455 eo
1124 1395 1278 1474 tempore,

80 1514 103 1564 a
117 1517 171 1578 quo
190 1500 354 1566 aerarium
375 1500 488 1586 populi
502 1499 639 1566 Romani
662 1519 797 1584 egenam
820 1500 936 1583 stipem
958 1499 1087 1585 priuata
1108 1500 1279 1567 collatione

116 1609 259 1691 poscebat
290 1610 386 1678 miles
416 1611 451 1676 iu
479 1611 595 1677 castris
622 1630 688 1677 non
716 1610 780 1676 nisi
808 1616 864 1675 aut
891 1617 1053 1694 puerant
1082 1629 1196 1676 semus
1224 1617 1280 1677 aut

117 1718 279 1787 sceleratus
309 1725 367 1785 aut
394 1717 520 1786 debitor
547 1739 608 1786 nec
637 1720 684 1787 sic
712 1719 843 1804 quidem
871 1739 1003 1785 numero
1033 1720 1169 1786 idoneus
1198 1727 1278 1802 erat,

117 1835 235 1896 sunaus
255 1830 292 1896 in
315 1830 407 1895 auria
428 1830 532 1896 omnis
554 1849 660 1914 paene
682 1829 829 1896 aonides
844 1828 1015 1897 uidebatur
1028 1835 1191 1914 postremo
1206 1848 1278 1894 oum

115 1935 154 2000 ita
178 1939 357 2006 imminutis
386 1939 560 2022 manusque
588 1939 736 2006 omuibus
765 1939 861 2006 rebus
889 1939 1123 2024 desperabatur
1150 1945 1185 2006 ut
1206 1958 1280 2005 con-
1365 1969 1367 1974 ·

81 2045 211 2112 cnsilium
233 2049 274 2114 de
297 2049 512 2134 relinquenda
533 2049 629 2116 Italia
652 2049 821 2133 subiretur,
852 2069 890 2115 eo
918 2058 1062 2135 tempore
1084 2069 1156 2116 cum
1179 2071 1278 2116 uuum

116 2154 327 2242 domesticum,
349 2166 385 2224 ut
406 2158 556 2240 diximus,
590 2159 710 2226 bellum
738 2161 814 2227 ferri
836 2160 924 2224 nullo
947 2159 1042 2225 modo
1064 2167 1183 2245 posset,
1216 2161 1280 2227 tria

24 2345 25 2350 ἵ
116 2265 236 2353 insuper
262 2269 485 2336 transmarina
514 2269 601 2336 bella
630 2270 732 2337 fuisse
759 2272 933 2354 suscepta?
984 2290 1084 2336 unum
1112 2271 1147 2336 in
1174 2271 1279 2337 Mace·

116 2373 202 2444 donia
222 2386 338 2446 contra
359 2379 545 2465 Philippum
566 2380 825 2465 potentissimum
847 2379 1057 2447 Macedoniae
1079 2400 1197 2465 regem,
1234 2382 1279 2447 al·

115 2491 204 2552 terum
235 2490 273 2556 iu
306 2488 469 2574 Hispania
499 2497 611 2556 eontra
642 2489 879 2557 Hasdrubalem
908 2489 1105 2556 Hannibalis
1137 2491 1278 2569 fratrom,

78 2597 227 2664 nemum
259 2599 299 2664 iu
332 2598 486 2665 Sardinia
516 2606 628 2666 oontm
660 2599 781 2670 Sardos
815 2607 846 2664 et
877 2601 1012 2664 alterum
1040 2598 1278 2666 Hasdrubalem

118 2703 427 2792 Carthaginiensium
448 2708 571 2792 ducem,
605 2716 697 2776 extra
725 2709 785 2774 hoo
807 2715 956 2790 quartum
977 2709 1181 2792 Hannibalis,
1215 2729 1279 2792 quo

117 2814 257 2885 initalia
281 2819 518 2904 premebantur.
563 2825 725 2886 ettamen
747 2819 838 2885 fortis
861 2819 895 2885 in
917 2820 1105 2886 alterutrum
1128 2818 1279 2905 despera·

117 2926 154 2991 tio
172 2928 205 2993 in
226 2929 366 2994 meliora
385 2928 531 3014 profecit.
573 2949 650 2996 nam
677 2929 711 2994 in
739 2929 792 2996 his
821 2929 969 2996 omnibus
997 2929 1200 3015 desperando
1222 2951 1279 3015 pu-

117 3049 253 3122 gnarunt,
278 3038 453 3123 pugnando
475 3038 631 3105 uicerunt.
674 3060 715 3106 ex
737 3060 800 3124 quo
822 3039 990 3106 euidenter
1012 3039 1192 3106 ostenditur
1213 3059 1279 3106 uon

77 3153 250 3233 intempora
281 3155 356 3214 tuuc
383 3150 484 3216 fuisse
511 3150 735 3233 tranquilliora
764 3149 839 3216 otiis
867 3149 926 3216 scd
961 3149 1108 3216 homiues
1137 3150 1278 3218 miseriis

113 3255 258 3326 tortiores.

185 3370 282 3436 Anno
312 3369 354 3433 ab
377 3369 456 3435 arbe
477 3367 609 3435 condita
631 3369 888 3459 quingentesimo
911 3369 1161 3454 quadragesimo
1183 3372 1278 3436 tertio
1300 3361 1380 3429 XIII

115 3473 260 3545 Claudius
281 3479 455 3545 Marcellus
470 3479 677 3564 Syracusam,
700 3481 979 3564 opulentissimam
1001 3480 1112 3546 urbem
1135 3479 1277 3558 Siciliae,

113 3587 244 3654 samua
266 3588 506 3672 obpugnatione
528 3588 584 3654 uix
606 3590 700 3676 cepit.
745 3610 841 3674 quam
864 3611 936 3656 eum
958 3592 1023 3656 iam
1044 3589 1171 3676 pridem
1186 3590 1277 3657 obeo

77 3691 212 3781 adisset,
233 3697 440 3765 Archimedis
455 3699 654 3782 Syracusani
676 3700 756 3767 niuis
779 3701 963 3766 admirabili
986 3701 1115 3784 ingenio
1138 3699 1278 3785 praediti

114 3805 261 3875 machinis
281 3809 432 3894 repulsus
455 3827 642 3894 expugnare
664 3831 729 3876 nou
752 3811 882 3895 potuit>

185 3919 319 3984 Decimo
335 3937 421 3984 anuo
446 3925 617 4003 postquam
632 3920 796 3985 Hannibal
813 3922 847 3986 in
862 3921 991 3986 Italiam
1007 3927 1141 3985 uenerat
1164 3918 1276 3985 Gnaeo

114 4021 217 4093 Fuluio
238 4028 354 4094 Publio
377 4029 521 4114 Sulpicio
551 4030 737 4096 consulibus
759 4031 925 4096 Hannibal
947 4029 987 4096 de
1011 4029 1191 4113 Carnpania
1212 4049 1278 4094 mo

173 4211 245 4266 iffi
260 4211 289 4268 B
358 4211 499 4266 2malliul
515 4211 569 4267 BD
636 4213 758 4269 dleuruo
778 4231 806 4268 m
823 4214 1008 4270 macedoniam
1025 4213 1077 4269 BD
1146 4217 1225 4280 San]
1244 4229 1277 4269 ao

115 4297 135 4351 [t
179 4303 342 4370 amiseram]
362 4304 493 4360 mricrnam
510 4305 537 4360 D
605 4305 733 4360 creduli
806 4313 834 4360 io
852 4304 1076 4362 consolationeD
1142 4311 1174 4362 1³
1192 4323 1278 4378 poene

115 4396 250 4451 uomuulD
310 4403 342 4453 tt
359 4397 442 4454 rebul
457 4397 545 4453 aral)
598 4403 628 4453 25
648 4399 803 4469 tranqurlho
821 4400 896 4455 ratus
912 4399 989 4455 ledi)
1049 4404 1081 4454 28
1101 4401 1277 4455 imaculamll
1371 4387 1375 4403 ⁸

114 4485 142 4536 ³0
158 4487 292 4546 insulam
310 4491 338 4547 I)
397 4478 538 4547 adime
607 4496 639 4547 ³2
658 4492 764 4562 aneoli
815 4497 846 4549 33
864 4494 957 4563 pulum
976 4494 1101 4563 irmphcro
1119 4498 1157 4562 gn
1173 4493 1177 4562 Ι
1193 4494 1276 4549 lulum
