3142 5056
285 291 346 353 650
687 305 796 352 mnus
819 305 1058 353 ourrrvcoavu

283 454 427 509 Hormisdo
445 453 550 508 missus.
579 451 654 506 cuius
673 451 769 505 milites
786 451 844 520 ipso
930 457 963 507 28
998 453 1108 508 Priscus
1126 453 1160 506 cd
1179 455 1275 508 istrum
1292 454 1404 516 missus,
1429 465 1460 508 ut

283 547 373 602 occiso
418 561 447 600 sa
473 561 534 600 cum
562 544 634 598 Baro
673 545 845 612 coniungunt.
896 545 1038 600 Soloniuos
1055 561 1072 600 a
1089 547 1204 600 mansitu
1221 547 1382 616 prohiberet.
1400 548 1462 601 eius

283 639 419 694 Bindohes
435 636 691 708 magnaedignitatis
706 637 748 692 uir
766 653 781 691 e
798 654 845 691 cu·
896 637 930 692 de
946 637 1099 706 Ardagnsto
1125 645 1154 693 et
1177 639 1310 694 Sclauinis
1335 640 1461 694 uictoria

283 733 371 788 alodia
389 733 518 786 liberatus
535 728 705 784 Hormisdcm
723 729 844 784 detracto
895 731 997 799 praeda
1015 733 1124 800 copiosa
1141 732 1300 801 Byzantium
1319 733 1410 787 missa.

283 827 433 882 diademata
450 825 479 878 ιιι
497 838 630 878 carcerem
649 822 765 876 coniicit.
930 829 962 878 29
997 824 1106 880 Priscus
1124 825 1160 880 ad
1177 826 1304 880 interiora
1317 826 1463 880 Selauiuo-

317 924 347 974 al
384 917 543 972 Hormisdae
571 915 655 970 uincti
687 915 772 970 oratio
808 915 844 969 ad
893 933 953 971 rum
976 918 1151 986 progreditur.
1187 918 1337 973 Musacium
1359 919 1463 973 barba·

283 1017 406 1068 senatum
423 1010 567 1064 Persarum
593 1007 775 1077 Biudohisque
800 1023 843 1062 re·
894 1025 986 1064 rorum
1002 1025 1091 1080 regern
1108 1012 1247 1080 inopinato
1275 1011 1404 1081 opprimit
1415 1027 1464 1066 eo·

284 1105 402 1174 sponsio.
437 1102 582 1158 Hormisda
618 1116 702 1156 uxore
737 1106 764 1154 et
788 1099 842 1155 filio
894 1117 946 1172 que
966 1109 1046 1172 capto
1064 1105 1162 1158 multos
1172 1104 1350 1158 barbarorum
1363 1104 1463 1158 caedit.

284 1199 368 1253 altero
387 1197 483 1252 occisis
500 1195 558 1263 ipse
576 1201 736 1248 excaecatus
764 1199 791 1248 ct
816 1193 843 1247 iu
929 1201 961 1250 30
997 1196 1084 1251 denuc
1102 1198 1212 1252 Priscus
1238 1197 1384 1251 Sclaninos
1412 1213 1465 1250 ua·

283 1305 419 1345 carcerem
437 1289 544 1342 ductus.
579 1287 711 1342 chosroes
729 1287 797 1341 alter
814 1285 846 1340 fi·
897 1294 959 1353 stat,
985 1291 1070 1344 multa
1093 1289 1195 1360 praeda
1218 1289 1252 1344 ad
1269 1291 1465 1358 imperatorem

283 1384 334 1438 lius
342 1399 390 1438 rex
405 1382 505 1446 factus,
522 1382 659 1450 ipsiusque
668 1379 846 1448 parricidium.
896 1381 985 1436 missa
1021 1381 1136 1437 Romani
1153 1383 1218 1437 iussi
1241 1383 1269 1436 in
1286 1383 1394 1437 hostico
1421 1383 1464 1435 hi-

318 1481 350 1530 22
377 1475 510 1530 chosroes
528 1475 657 1530 aduersus
667 1476 765 1528 Boram
783 1488 846 1542 pro·
897 1474 1020 1529 bernare.
1054 1474 1200 1544 prodigiosi
1225 1481 1319 1545 partus
1336 1475 1467 1544 Byzantii

284 1569 421 1633 ficiscitur,
434 1567 482 1622 sed
499 1569 580 1624 asnis
594 1568 738 1623 derelictus
755 1567 846 1635 lugam
898 1567 961 1622 nati.
980 1566 1128 1622 Mauricius
1137 1567 1230 1622 Prisco
1242 1568 1374 1634 abrogata
1384 1583 1465 1635 prae-

284 1661 318 1716 ad
331 1662 469 1716 Romanos
487 1661 610 1729 capessit.
629 1657 844 1714 honoriliceius·
896 1665 958 1715 tura
976 1661 1033 1714 eius
1049 1660 1160 1715 iratram
1180 1661 1289 1715 Petrum
1309 1661 1332 1714 ei
1350 1660 1467 1713 suflicit„

284 1771 331 1810 sus
349 1755 384 1809 ab
402 1755 562 1823 imperatore
580 1753 666 1822 accipi
695 1753 776 1822 inque
802 1767 844 1807 re·
931 1757 961 1806 ³1
999 1752 1132 1808 Theodori
1155 1753 1251 1807 medici
1273 1753 1402 1807 aPrisoo
1430 1751 1466 1806 ad

283 1863 365 1916 gnum
383 1863 460 1902 suum
476 1845 590 1900 restitui.
897 1844 1045 1899 Chaianmn
1063 1845 1137 1900 missi
1158 1847 1277 1900 namatio
1295 1861 1349 1915 qua
1363 1845 1466 1899 chuia-

318 1945 351 1994 23
386 1939 480 1993 Narnia
499 1955 560 1992 cum
580 1939 652 1992 Bara
669 1937 799 2006 proelium
818 1943 846 1991 ct
899 1954 963 1994 num
981 1937 1016 1992 ad
1032 1953 1126 2007 paoem
1143 1937 1224 1992 flexit.

285 2032 412 2096 uictoria,
440 2046 494 2100 qua
518 2031 651 2085 Chosrccs
677 2031 744 2085 solio
768 2030 845 2084 resti·
932 2035 964 2086 32
999 2031 1080 2087 Patro
1113 2031 1241 2085 mandata
1275 2047 1292 2084 a
1327 2030 1466 2085 Mauricio

284 2131 368 2189 tutus,
386 2124 459 2178 Baro
483 2123 518 2178 ad
535 2123 663 2177 interiora
678 2123 787 2178 Persian
803 2123 847 2178 lu·
897 2125 979 2180 missa
997 2141 1067 2193 quae
1084 2125 1221 2178 occultare
1237 2124 1341 2191 cogitur
1366 2123 1402 2176 ob
1421 2139 1465 2176 se-

284 2219 379 2287 giante.
407 2216 490 2270 Turei
505 2215 725 2284 eapugnacapti,
743 2217 847 2283 signum
897 2217 1024 2272 ditionem
1048 2199 1187 2271 exercitus.
1223 2215 1342 2269 Sclaoici
1384 2232 1466 2284 prae-

284 2310 373 2365 cruoia
400 2310 427 2363 in
450 2309 539 2362 fronte
561 2307 698 2362 habentes.
734 2307 848 2362 Chosroi
897 2310 959 2364 dam
978 2309 1106 2364 ducentes
1124 2311 1274 2364 Romanam
1291 2309 1365 2362 caesi
1383 2324 1466 2377 prae·

284 2403 319 2460 ad
337 2401 485 2458 custodiam
503 2391 623 2470 corporis
646 2401 716 2454 mille
733 2399 848 2454 Romam
897 2403 985 2472 daque
1004 2403 1101 2457 ablata.
1138 2403 1269 2456 Salarium
1293 2401 1467 2468 Magrraurae

284 2497 319 2552 ab
337 2496 498 2565 imperatore
514 2493 648 2548 Mauricio
667 2493 797 2550 concessi.
896 2495 930 2549 ab
948 2497 1109 2564 imperatore
1131 2501 1323 2550 constructum.

318 2593 351 2643 24
377 2587 546 2642 Theodosius
563 2587 633 2640 filins
656 2587 781 2642 Mauricii
799 2601 844 2640 co·
931 2593 963 2642 ³3
998 2587 1094 2642 Petrus
1117 2589 1146 2641 in
1171 2587 1314 2641 uenatione
1339 2585 1376 2639 ab
1395 2601 1465 2655 apro

284 2687 404 2737 conatus.
440 2680 539 2734 bellum
548 2680 702 2742 Auaricum,
721 2679 756 2732 ad
773 2679 845 2748 quod
896 2681 994 2735 laesus.
1031 2697 1092 2736 eum
1115 2681 1261 2748 imperator
1284 2695 1333 2748 per
1357 2678 1467 2733 litteras

285 2773 434 2828 Mauricius
443 2773 508 2843 ipsa,
527 2773 649 2841 quamuis
667 2771 722 2826 suis
740 2772 845 2826 dissue·
898 2773 1022 2842 obiurgat
1039 2773 1271 2827 obSclauiuorum
1289 2779 1387 2826 contre
1409 2771 1466 2842 Bp-

286 2867 426 2932 dentibus‚
453 2865 514 2920 exit
550 2865 638 2918 tristia
670 2864 791 2933 prodigio
821 2869 848 2918 et
898 2867 1016 2920 nandum
1042 2871 1138 2920 motus.
1182 2865 1277 2918 Petrus
1304 2863 1338 2918 ad
1367 2864 1467 2918 Nonas

286 2961 407 3016 ominosa
423 2959 545 3028 pericula
567 2973 637 3026 quae
654 2957 762 3012 exeunti
779 2957 803 3011 ei
819 2963 848 3010 et
897 2959 1034 3028 peruenit,
1058 2959 1169 3027 eiusque
1186 2958 1224 3011 ibi
1240 2964 1311 3020 acta,
1329 2957 1399 3010 urbe
1416 2957 1466 3012 de-

284 3054 312 3108 in
329 3053 422 3107 itincre
439 3051 602 3106 acciderunt.
897 3053 990 3122 pulsus
1009 3059 1035 3104 et
1053 3050 1180 3105 conuiciis
1197 3049 1303 3118 petitus.

319 3151 351 3198 25
378 3151 433 3200 tres
449 3142 568 3197 Sclnoini
584 3143 619 3196 ad
630 3143 790 3196 Mauricium
802 3141 846 3196 de
932 3149 964 3198 'sl
1001 3145 1097 3198 Petrus
1110 3143 1238 3211 Bulgnres
1257 3149 1350 3196 contra
1367 3157 1467 3211 pacem

284 3238 341 3292 lati.
377 3237 495 3292 eiusdem
512 3235 622 3289 reditus.
898 3253 959 3292 cum
986 3237 1105 3291 Chaiano
1132 3236 1232 3290 iactam
1263 3235 1354 3288 inuadi
1380 3236 1467 3292 iubet¹

319 3333 352 3384 26
380 3329 516 3384 Chaiouus
532 3327 737 3382 iterumbellunn
747 3334 846 3393 mouet,
898 3330 1030 3400 aquibus
1047 3329 1163 3384 Romani
1181 3329 1332 3382 uincuntur.
1363 3328 1466 3383 Chair-

287 3421 508 3494 ciusquehcstilis
519 3422 652 3474 incursus.
666 3427 847 3491 contraquam
898 3437 948 3476 uus
966 3421 1027 3476 ideo
1044 3437 1093 3491 per
1110 3423 1211 3489 legatos
1234 3421 1269 3473 ad
1287 3419 1398 3474 Petrum
1417 3435 1466 3476 ex-

286 3517 383 3571 missus
400 3515 510 3570 Priscus
527 3519 636 3584 praetor
650 3513 785 3584 Europae.
812 3516 846 3569 ab
899 3515 1026 3584 postulat.
1073 3513 1205 3582 Perigasti
1230 3513 1361 3567 interitus.
1407 3513 1467 3568 Ro-

287 3625 318 3665 ec
351 3609 513 3678 praemissus
539 3607 683 3662 Saluianus
717 3606 847 3661 barbaros
898 3609 970 3661 mani
988 3606 1023 3661 ad
1041 3623 1145 3660 amnem
1156 3606 1286 3659 Heliciam
1303 3621 1319 3659 a
1336 3605 1467 3661 barbaris

287 3703 383 3767 uincit,
401 3699 449 3755 scd
467 3701 524 3770 ipso
544 3699 664 3754 Chaiano
683 3699 848 3754 aduentante
897 3700 991 3769 fugati.
1019 3700 1099 3754 Petro
1117 3705 1245 3770 praetura
1258 3699 1398 3766 abrogata,
1418 3699 1467 3754 de-

286 3794 393 3850 recedit.
429 3793 542 3847 Chaiani
559 3792 664 3848 hostilis
680 3807 846 3861 progressus.
898 3809 1006 3862 nuoquc
1023 3793 1132 3846 Priscus
1151 3796 1259 3860 praetor
1277 3790 1375 3844 lactus.

286 3887 462 3942 barbarorum
502 3885 628 3940 diuinitus
667 3891 768 3938 terrore
798 3885 846 3939 im·
932 3890 963 3940 35
1005 3885 1090 3938 Prisci
1125 3883 1161 3938 ad
1197 3883 1290 3937 Nouos
1327 3883 1468 3940 aduentus

178 3981 180 3986 '
286 3979 366 4034 misso
384 3979 448 4046 iuga
466 3978 500 4033 ad
517 3977 701 4046 Diriniperam.
898 3977 1008 4047 eiusque
1043 3993 1103 4031 cum
1136 3976 1255 4030 Choiauo
1292 3977 1469 4047 colloquium.

320 4077 352 4126 at
376 4072 485 4126 Priscus
498 4069 707 4132 lihaianocedit
724 4069 769 4139 qui
787 4083 847 4124 eum
898 4069 1066 4138 Siggidonam
1091 4069 1285 4139 depopulatus,
1309 4069 1373 4124 inde
1400 4071 1471 4130 Bul-

287 4163 410 4218 obsidcre
437 4170 558 4218 conatur.
599 4163 724 4217 lllauricii
750 4169 846 4217 strate·
897 4178 974 4232 goras
993 4162 1075 4232 pellit.

287 4273 363 4326 goma
380 4273 433 4326 quo
452 4256 600 4310 Chelarum
625 4255 711 4310 redire
735 4254 770 4309 ad
798 4271 848 4310 sua
932 4260 964 4310 36
989 4255 1101 4310 Chainni
1119 4256 1146 4309 iu
1155 4255 1318 4309 Dalmatiam
1327 4255 1473 4318 incursus.

286 4349 359 4404 fecit.
897 4349 1096 4418 multarumque
1114 4348 1253 4403 ciuitatum
1278 4347 1473 4418 depopulatio.
