2834 5394
162 286 225 349 ³70
655 298 748 345 mear
768 296 855 343 xvm

163 452 219 533 lia,
241 452 459 516 Romanorum
481 468 559 514 uero
581 448 711 533 penitus
732 448 841 512 nullus
863 447 941 531 quin
962 466 1021 512 nec
1045 447 1141 511 ictum
1163 447 1337 530 quisquam

164 580 274 627 eorum
297 561 396 624 ullum
419 558 544 642 accepit
571 557 628 623 sed
651 577 763 623 omnes
784 557 961 621 incolumes
983 556 1150 621 uictoriam
1172 556 1336 621 consecuti

167 677 251 736 sunt.
296 669 424 753 plurimi
448 687 525 733 uero
547 667 728 751 principum
751 667 893 750 ipsorum
908 667 1063 732 Romanis
1086 665 1227 729 adiuncti
1251 673 1335 732 sunt

165 779 399 862 mulierumque
421 785 517 862 atque
539 796 711 862 puerorum
733 784 856 840 tantam
878 776 1113 841 multitudinem
1129 774 1267 839 Romani
1288 793 1337 838 oc·

165 896 281 974 perunt
303 895 338 953 ut
360 889 432 954 ouis
453 887 557 973 pretio
580 906 708 952 seruum
730 886 928 951 llaurusium
950 905 1057 950 emere
1079 884 1262 949 uolentibus
1283 894 1369 947 nes

166 1020 242 1064 num
276 995 400 1062 darent.
445 1003 478 1062 et
509 1004 585 1062 tune
617 998 664 1062 eis
696 1003 789 1062 uetus
817 995 978 1078 eloquium
1008 996 1176 1060 cuiusdam
1204 994 1337 1059 diuinae

167 1108 306 1172 feminae
328 1107 462 1190 contigit
484 1104 571 1190 ‘quia
584 1105 809 1171 maledictione
824 1104 993 1169 multitudo
1017 1124 1124 1170 eorum
1148 1105 1253 1169 auiro
1268 1103 1338 1169 sine

167 1215 271 1280 barba
293 1215 429 1299 peribit?
468 1216 620 1282 Salomon
644 1215 764 1300 quippe
785 1235 805 1279 a
827 1234 925 1299 puero
948 1214 1113 1279 eunuchus
1135 1222 1264 1299 praeter
1286 1233 1338 1277 uo

169 1326 326 1390 luntatem
354 1325 487 1391 effectus
517 1333 565 1391 θεῖ
586 1344 664 1410 prae
691 1325 844 1409 passione
864 1325 1023 1406 genitales
1045 1332 1154 1408 partes
1176 1325 1337 1389 amittens.

169 1454 264 1518 porro
286 1442 354 1500 tota
374 1435 480 1520 Libya
502 1442 631 1519 recepta
653 1433 884 1516 Carthaginem
906 1432 1011 1499 rediit.
1326 1478 1329 1482 -
1358 1445 1386 1499 to

68 1528 150 1595 Xffl
255 1545 428 1610 Praeterea
456 1563 533 1609 uere
560 1545 735 1626 incipiente
770 1544 887 1608 missus
922 1551 971 1609 est
997 1544 1167 1610 Bilisarius
1196 1542 1339 1608 Siciliam

168 1655 323 1721 Romanis
345 1655 452 1719 facero
474 1653 686 1718 tributariam.
731 1653 787 1717 ubi
808 1672 847 1717 co
869 1652 1032 1719 hiemante
1054 1652 1189 1717 Romani
1212 1651 1339 1736 Libyae

170 1771 283 1829 contra
297 1764 501 1829 Salomonem
516 1763 695 1828 simultates
710 1762 853 1827 iecerunt
868 1761 928 1826 hoc
950 1763 1054 1827 modo.
1099 1762 1238 1845 acceptis
1253 1761 1341 1825 enim

168 1873 430 1956 interemptorum
454 1872 608 1937 uxoribus
631 1870 847 1936 l'andalorum
872 1871 1036 1936 habebant
1058 1878 1090 1936 et
1111 1890 1206 1953 agros
1229 1889 1342 1943 earum

168 1988 205 2045 ut
228 2001 303 2047 suos
325 1989 357 2047 et
379 1981 505 2047 soluere
527 1980 711 2065 imperatori
734 2001 792 2064 pro
814 1982 861 2046 eis
883 1980 1001 2045 tributa
1023 1981 1186 2045 nolebant
1209 1986 1243 2044 at
1264 1999 1343 2044 uero
1360 1991 1392 2041 15

169 2090 323 2155 Salomon
346 2090 567 2155 commonebat
588 2109 644 2155 eos
660 2109 701 2154 ne
716 2090 973 2155 contradicerent
988 2090 1172 2173 imperatori
1189 2088 1247 2155 sed
1263 2088 1340 2153 huic

169 2217 253 2283 quae
275 2198 457 2264 deliberata
478 2199 615 2264 tuissent
643 2199 773 2282 ponitus
800 2198 981 2265 redderent.
1026 2198 1209 2265 ceciderunt
1230 2205 1340 2264 autem

169 2305 301 2393 quidam
335 2304 445 2374 eorum
479 2309 684 2393 maximeque
717 2309 893 2375 Gothorum
928 2311 961 2374 in
996 2309 1066 2373 Arii
1104 2315 1224 2375 sectam
1257 2328 1339 2392 quos

169 2417 357 2485 sacerdotes
380 2419 539 2485 ecclesiae
562 2418 778 2503 segregabant
805 2427 838 2484 et
865 2438 926 2484 nec
954 2419 1073 2485 liberos
1104 2438 1213 2484 eorum
1236 2417 1341 2501 bapti-

171 2548 248 2594 zare
269 2528 432 2593 uolebant.
477 2527 563 2594 unde
585 2535 617 2593 θῖ
639 2529 672 2592 in
695 2528 748 2593 die
770 2529 852 2595 testo
874 2529 1021 2594 simultas
1044 2527 1158 2593 effecta
1180 2535 1239 2593 est.
1268 2546 1342 2591 con-
1357 2532 1391 2583 ²⁰

174 2636 275 2702 siliati
296 2656 373 2702 uero
397 2645 471 2703 sunt
493 2638 612 2704 milites
635 2639 839 2704 Salomonem
867 2638 902 2702 in
930 2640 1050 2721 templo
1072 2637 1239 2722 perimere.
1284 2638 1340 2717 qui

171 2743 233 2808 hoe
255 2745 364 2808 audito
388 2746 525 2812 suadere
548 2747 595 2813 eis
618 2748 769 2813 recedere
796 2767 817 2811 a
846 2747 1005 2814 seditione
1034 2747 1221 2830 temptabat,
1254 2745 1341 2830 quod

169 2871 236 2917 non
257 2861 456 2938 postpauca
478 2855 643 2939 optinuit.)

60 2954 156 3019 Xllll
265 2963 363 3027 Porro
386 2962 461 3027 dum
484 2965 644 3049 Agapitus
665 2968 829 3032 Romanus
851 2967 994 3050 pontifex
1024 2968 1077 3048 quui
1112 2987 1132 3030 a
1161 2965 1343 3030 Iustiniano

172 3071 321 3156 principe
349 3092 462 3155 pacem
494 3073 660 3138 Theodoto
688 3076 876 3158 postularat,
913 3075 1000 3160 apud
1029 3075 1342 3158 Constantinopolim
1360 3082 1394 3131 Ἡ»

173 3179 311 3258 obisset,
349 3180 549 3248 Iustinianus
571 3182 756 3249 Bilisarium
786 3185 955 3269 patricium
984 3187 1093 3251 multis
1122 3186 1186 3249 iam
1208 3184 1343 3268 proeliis

172 3287 347 3371 gloriosum
370 3289 527 3356 aduersus
550 3292 752 3358 Theodatum
782 3293 892 3378 dirigit
921 3302 1017 3377 utque
1045 3295 1142 3359 etiam
1165 3294 1294 3358 ltaliam
1323 3312 1345 3357 a

173 3384 351 3461 Gothorum
374 3400 506 3464 seruitio
529 3401 689 3467 liberaret
734 3403 905 3471 Bilisarius
927 3405 1036 3488 itaque
1052 3405 1128 3468 dum
1144 3405 1344 3486 aliquantum
1377 3444 1380 3448 ι

173 3507 330 3590 temporis
353 3508 440 3593 apud
463 3509 606 3575 Siciliam
631 3532 751 3576 moram
774 3512 902 3594 laceret,
924 3534 981 3578 rex
1003 3512 1181 3578 Gothorum
1196 3510 1344 3576 Theoda-

173 3622 224 3682 tus
247 3618 406 3684 extinctus
428 3627 486 3685 est.
531 3621 627 3687 huius
649 3622 808 3686 inlocum
830 3621 961 3706 Vittigis
984 3622 1146 3703 suecessit,
1185 3622 1239 3705 qui
1269 3640 1345 3685 mox
1361 3626 1395 3676 3⁰

172 3732 208 3790 nt
229 3746 363 3809 regnum
386 3728 515 3810 inuasit,
550 3732 737 3794 Rauennam
761 3731 922 3814 profectus
944 3733 1189 3798 Amalasuintae
1211 3730 1344 3814 reginae

240 4029 256 4077 2
275 4027 419 4081 incolomes
434 4026 460 4081 Ι)
529 4033 543 4080 5
563 4029 751 4083 uenandarent
767 4029 794 4084 l)
862 4033 877 4083 8
895 4038 965 4099 pent
986 4029 1038 4085 ul>
1105 4037 1135 4085 to
1154 4031 1227 4101 lyhn'r
1246 4035 1345 4099 pcepta

172 4115 313 4184 kartagine
332 4118 357 4173 1)
464 4124 492 4173 12
510 4120 582 4189 lybie
601 4120 627 4173 1)
732 4126 762 4175 14
781 4121 948 4176 uuandaloru
967 4121 993 4176 1)
1097 4129 1127 4177 16
1144 4124 1217 4188 hmc]
1235 4124 1300 4177 hmo
1318 4121 1345 4174 l)

175 4211 204 4260 ts
223 4224 289 4261 arru
309 4210 375 4263 setta
393 4211 419 4266 Ι)
504 4217 537 4265 24
555 4212 760 4267 Romanulam.
778 4212 806 4267 B
888 4218 917 4266 ll
938 4214 1088 4281 aduerllum
1107 4219 1172 4277 (lum
1189 4218 1217 4271 ia
1234 4224 1300 4269 reat
1319 4214 1345 4269 h

174 4302 206 4350 30
224 4299 285 4353 loeo
304 4301 331 4354 B
426 4305 547 4372 umttrgrl
563 4304 598 4369 B,
616 4306 725 4372 unrtrgrt
739 4302 794 4359 BP
809 4309 845 4369 tet
863 4303 890 4358 P
903 4307 944 4361 sic
959 4322 1074 4379 semper)
1192 4313 1221 4364 at
1244 4307 1345 4363 amala·

176 4391 280 4444 hrumte
299 4398 382 4455 (mntc
400 4395 428 4448 r'a
445 4402 513 4461 ras.)
531 4395 567 4462 ll,
586 4396 759 4452 amalssmnte
777 4395 803 4452 D
