2834 5394
175 301 242 364 326
666 314 760 361 arunt
783 314 858 360 xuu

172 474 284 535 essent
308 472 561 552 perseuerantes
590 485 656 530 una
684 485 755 531 cum
778 466 931 551 episcopo
960 465 1120 531 addeum
1144 467 1298 551 precibus
1323 475 1356 533 et

175 578 298 644 litaniis
320 577 545 644 uociferantes.
590 574 730 660 quadam
753 596 831 660 ergo
853 575 907 642 die
929 575 1103 642 fluctuante
1118 583 1205 642 terra
1218 582 1250 642 et
1265 579 1355 642 omni

176 689 271 774 plebe
293 688 448 754 attentius
470 688 673 753 exclamante
695 682 785 767 κύριε
809 684 952 771 ἐλέησον,
977 687 1063 750 cirea
1085 686 1197 751 horam
1220 688 1352 752 tertiam

176 798 326 864 omnibus
349 797 535 863 uidentibus
557 796 692 880 contigit
714 816 734 861 a
756 796 869 861 diuina
897 796 1016 861 uirtute
1039 797 1164 863 sustolli
1188 796 1352 881 quendam

175 909 452 976 adulescentulum
482 908 514 971 in
544 926 651 972 aerem
681 914 713 971 et
740 905 847 971 audiri
875 906 1020 972 diuinam
1043 926 1154 972 uocem
1177 906 1387 972 admoneo-⁵

174 1027 238 1085 tem
262 1038 334 1084 eum
358 1018 510 1102 episcopo
541 1036 580 1081 ac
607 1017 727 1102 populo
756 1017 907 1082 nuntiare
929 1023 964 1081 ut
985 1017 1116 1083 litanias
1140 1018 1187 1083 sic
1208 1016 1354 1083 iacerent

175 1135 207 1196 et
227 1128 374 1194 dicerent
396 1127 538 1193 ‘sanctus
561 1127 642 1193 deus
665 1133 797 1193 sanctus
819 1126 911 1193 iortis
934 1133 1065 1194 sanetus
1087 1127 1279 1194 immortalis
1295 1128 1353 1192 mi·

175 1258 283 1306 serere
305 1238 407 1304 nobis'
430 1238 511 1302 nihil
534 1236 623 1302 alind
645 1243 855 1322 apponentes.
900 1238 1032 1303 Proclus
1055 1245 1163 1303 autem
1178 1238 1352 1322 episeopus

175 1350 237 1415 hae
258 1355 411 1432 suscepta
432 1349 595 1415 sententia
615 1347 781 1432 praecepit
802 1348 922 1432 populo
952 1348 1093 1432 psallere
1117 1349 1164 1414 sic
1186 1354 1218 1412 et
1239 1350 1351 1414 statim

172 1467 278 1526 terrae
300 1468 405 1525 motus
427 1459 578 1524 cessauit.
622 1478 718 1542 porro
747 1457 844 1522 beata
865 1457 1037 1521 Pulcheria
1067 1477 1165 1541 super
1194 1458 1351 1524 miraculo
1371 1461 1403 1511 1⁰

173 1590 241 1636 una
261 1589 333 1635 oum
355 1569 454 1634 fratre
477 1566 730 1653 supramodum
754 1567 915 1632 admirata
938 1567 1045 1633 sanxit
1074 1586 1134 1651 per
1162 1568 1350 1634 uniuersum

173 1680 283 1746 orbem
319 1679 464 1744 diuinum
487 1678 573 1743 hune
595 1678 737 1761 psallere
758 1678 867 1743 taliter
889 1677 1043 1762 hymnum
1067 1684 1098 1742 et
1128 1697 1169 1742 ex
1196 1684 1273 1743 tunc
1300 1697 1349 1743 re-

173 1797 327 1875 ceperunt
348 1809 460 1854 omnes
484 1788 640 1854 ecclesiae
662 1807 721 1873 per
743 1788 888 1871 singulos
911 1787 982 1854 dies
1004 1787 1090 1852 huno
1111 1806 1229 1853 canere
1258 1787 1349 1871 deo.)

256 1900 318 1964 Per
340 1898 426 1964 idem
454 1905 581 1983 tempus
609 1895 783 1982 (piratae)
811 1898 928 1964 multas
956 1897 1081 1964 insulas
1110 1899 1350 1983 praecipueque

176 2009 319 2075 Siciliam
343 2008 532 2092 depopulati
555 2014 639 2074 sunt.
1370 2015 1399 2063 15

75 2107 149 2175 XVI
260 2118 348 2183 Inter
371 2118 451 2184 haee
473 2118 623 2197 Litorius,
654 2118 709 2201 qui
738 2117 881 2183 secunda
909 2119 951 2182 ab
974 2119 1067 2183 Aetio
1097 2119 1233 2202 patricio
1262 2126 1350 2202 pote-

175 2234 259 2295 state
273 2228 402 2295 Hunnis
424 2227 656 2294 auxiliantibus
678 2235 829 2313 praeerat
850 2228 926 2293 dum
941 2228 1027 2293 Aelii
1042 2229 1178 2311 gloriam
1195 2248 1350 2313 superare

174 2339 301 2426 appetit
323 2338 463 2424 dumque
485 2339 668 2424 aruspicum
692 2338 858 2423 responsis
881 2346 913 2404 et
934 2338 1127 2404 daemonum
1143 2338 1350 2422 significatio·

88 2464 94 2473 '
175 2450 272 2517 nibus
305 2449 385 2532 fidit,
422 2469 565 2535 pugnam
598 2469 669 2514 cum
702 2447 820 2515 Gothis
851 2449 1061 2534 inprudenter
1093 2448 1265 2514 conseruit.
1311 2468 1349 2513 ac

174 2561 314 2645 primunr
337 2559 467 2645 quidem
490 2580 642 2644 magnam
670 2559 811 2625 hostium
840 2565 981 2642 stragem
1011 2558 1110 2639 dedit,
1143 2558 1348 2643 postmodum
1365 2561 1398 2612 ²⁰

175 2670 244 2736 suis
271 2689 376 2756 paene
405 2671 553 2736 omnibus
581 2669 751 2735 trucidatis
780 2669 851 2753 ipse
880 2668 1039 2734 aGothis
1069 2670 1205 2753 turpiter
1233 2675 1348 2753 eaptus

175 2786 233 2846 est.
277 2787 440 2864 postremo
471 2801 537 2864 pax
566 2799 636 2844 cunr
666 2779 788 2845 eisdem
817 2779 904 2843 iacta
925 2786 983 2860 est,
1017 2799 1089 2843 cum
1118 2798 1189 2844 eam
1211 2779 1348 2842 Romani

173 2897 246 2974 post
267 2889 364 2956 huius
387 2889 596 2955 lacrimabilis
619 2889 694 2954 belli
718 2888 892 2973 perniciem
915 2889 1068 2954 humilius
1084 2908 1180 2971 quam
1196 2908 1347 2971 umquam

173 3005 271 3065 antea
295 3000 530 3084 poposcissent.
574 2999 669 3063 Aetio
699 2999 809 3082 itaque
837 2999 872 3063 in
894 2997 1011 3065 Galliis
1043 2999 1140 3064 rebus
1169 3018 1252 3082 quae
1274 3018 1348 3063 eon-

174 3108 378 3193 ponebantur
400 3110 531 3190 intento,
556 3109 774 3185 Genserichus
798 3108 839 3174 do
860 3109 951 3175 cuius
973 3109 1117 3173 amicitia
1131 3108 1213 3173 nihil
1229 3117 1349 3175 metue·
1365 3118 1397 3168 25

173 3216 268 3281 batur
290 3216 518 3301 Carthaginem
542 3218 616 3283 dolo
638 3218 730 3302 pacis
753 3218 879 3284 inuadit
901 3238 1076 3303 omnesque
1099 3237 1176 3303 opes
1200 3220 1270 3285 eius
1294 3239 1348 3285 ex·

172 3327 322 3394 cruciatis
355 3327 485 3393 diuerso
522 3336 751 3394 tormentorum
788 3348 908 3412 genere
939 3329 1065 3395 ciuibus
1101 3330 1134 3393 in
1172 3329 1223 3395 ius
1254 3350 1347 3395 suum

172 3438 268 3504 uertit
288 3456 348 3505 nec
370 3438 412 3502 ab
435 3438 644 3505 eeclesiarum
673 3437 910 3523 despoliatione
932 3440 1109 3521 abstinens,
1140 3460 1221 3523 quas
1245 3440 1347 3505 saeris

171 3549 261 3615 uasis
289 3548 473 3615 exinanitas
503 3554 535 3614 et
564 3547 768 3614 sacerdotum
797 3548 1077 3615 administratione
1106 3551 1252 3633 priuatas
1282 3569 1346 3614 non

170 3660 234 3725 iam
257 3658 360 3723 diuini
383 3659 488 3725 cultus
517 3659 590 3724 loca
620 3659 680 3726 sed
710 3680 838 3725 suorum
868 3679 941 3726 esse
963 3659 1059 3724 iussit
1080 3657 1274 3740 habitacula,
1312 3661 1346 3724 in
1365 3666 1396 3716 3⁰

171 3771 356 3835 uniuersum
380 3769 500 3854 captiui
523 3770 636 3855 populi
658 3769 805 3836 ordinem
827 3788 945 3836 saeuus
974 3768 1030 3835 sed
1061 3769 1234 3853 praecipue
1257 3769 1347 3834 nohi-

240 3981 422 4037 llatannil)
508 3981 683 4037 aetertonll
769 3981 1072 4036 hedolelcentuluml)
1135 3989 1304 4035 ammonente
1321 3982 1348 4035 D

171 4077 187 4126 6
205 4089 334 4128 nunciare
352 4073 378 4128 D
461 4075 575 4130 letanias
591 4075 616 4129 D
725 4082 738 4129 i
757 4091 801 4130 ses
819 4079 854 4128 δέ
871 4101 876 4113 ·
892 4069 937 4132 ads
954 4069 1125 4130 ronnrs=sds
1142 4075 1348 4129 irroratus-Il

172 4166 266 4230 ithae]
285 4165 362 4221 acl)
449 4173 479 4222 ¹0
498 4168 662 4237 pulcerraD
743 4173 770 4221 tl
791 4166 977 4222 ammiratal)
1058 4173 1088 4221 ll
1107 4167 1245 4238 pyrateD
1316 4174 1347 4222 to

172 4263 226 4311 etro
250 4258 280 4323 0,
299 4264 353 4325 etro
371 4259 400 4314 B
470 4267 499 4315 tl
519 4267 566 4317 ctu
584 4260 617 4325 D,
636 4267 683 4330 etn
702 4261 729 4314 B
797 4260 949 4314 tibridem
968 4259 994 4313 Ι)
1062 4266 1095 4314 24
1114 4267 1174 4317 stro
1193 4254 1221 4315 Ι)
1269 4261 1350 4315 rebus

172 4364 225 4417 qne
242 4367 269 4402 rn
287 4351 363 4418 galhl
379 4354 586 4420 reponebantur
606 4354 632 4408 B
699 4358 732 4407 tt
750 4354 902 4421 gensericus
918 4353 945 4408 B
1014 4359 1046 4409 26
1065 4357 1206 4423 kartagine
1216 4354 1250 4418 b,
1269 4356 1347 4409 char·

171 4441 271 4511 talgrne
289 4443 316 4497 B
368 4448 527 4500 extrucratrt
541 4446 568 4501 b
635 4448 668 4499 29
686 4447 898 4501 amrmltratrone
916 4446 942 4501 1)
