2834 5394
659 42 673 65 fl

10 37 1044 371 u

482 741 554 791 one.
577 741 916 789 xxxiivi-xxxxviiii
1218 728 1277 789 451

112 901 144 959 et
172 892 344 977 praecipue
374 891 425 958 te.’
469 892 688 959 Gundobusas
717 901 823 958 autem
853 893 976 959 remisit
998 894 1028 959 ei
1057 913 1115 978 per
1136 893 1285 959 collucta-

111 1023 208 1069 neum
231 1024 322 1069 suum
356 1002 469 1069 dicens
492 1002 654 1087 ‘quicquid
677 1023 808 1087 possum
841 1005 955 1086 loquer
984 1023 1055 1067 cuin
1083 1009 1231 1087 praetore
1253 1013 1286 1069 et

113 1114 268 1180 sollicitus
290 1114 334 1178 lui
364 1121 396 1179 et
425 1115 548 1180 locutus
577 1135 648 1180 sum
670 1133 741 1178 cuin
764 1114 880 1198 uiginti
902 1112 1027 1180 duobus
1050 1112 1220 1179 comitibus
1253 1122 1286 1179 et

112 1224 173 1290 leci
195 1244 251 1290 eos
273 1224 449 1290 uoluntatis
472 1243 564 1289 nieae
586 1243 659 1291 esse
682 1224 739 1291 sed
763 1232 795 1289 et
817 1225 899 1289 alios
921 1223 1086 1308 principes
1108 1228 1140 1288 et
1164 1223 1285 1290 milites

80 1334 247 1401 omultos.'
290 1341 322 1399 et
353 1333 434 1400 haec
470 1333 598 1419 quidem
628 1333 847 1400 Guudsbusus
881 1334 1050 1399 mandauit
1077 1333 1204 1419 Syrolii.
1249 1341 1284 1398 et

111 1445 166 1510 ille
188 1445 312 1511 remisit
334 1443 363 1508 ei
386 1444 497 1510 dicens
527 1451 561 1509 ut
583 1443 706 1509 decimo
729 1444 942 1509 kalendarum
964 1444 1160 1529 Apriliurum
1183 1464 1286 1511 sume·

112 1562 160 1619 ret
180 1555 322 1621 iuniores
345 1563 377 1620 et
397 1554 485 1638 opud
507 1562 636 1640 pontem
660 1555 690 1619 ei
712 1554 855 1638 Tigridis
884 1562 1064 1619 occurreret
1084 1552 1226 1621 fluminis
1254 1563 1286 1620 et

112 1665 314 1748 susciperent
335 1684 407 1730 euin
430 1666 464 1729 iii
487 1665 660 1731 exercitum
695 1673 726 1729 et
748 1672 951 1730 mouerentur
971 1663 1130 1731 aduersus
1152 1663 1285 1730 Chesio-

114 1795 164 1841 en.
202 1774 361 1841 referebat
390 1783 496 1840 autern
529 1773 614 1858 quod
643 1794 714 1839 cuin
730 1775 847 1860 Syrohi
870 1783 980 1841 essent
1002 1775 1065 1841 duo
1089 1775 1145 1841 filii
1169 1774 1286 1839 Sciba-

67 1894 97 1943 111
112 1904 212 1950 razon
234 1892 267 1951 et
288 1884 373 1950 lilius
396 1883 548 1950 Hiesdem
571 1892 605 1950 et
625 1885 682 1949 olii
699 1887 788 1951 multi
811 1885 992 1970 principum
1006 1886 1064 1950 tilii
1086 1893 1183 1970 atque
1198 1884 1285 1951 lilius

111 1997 227 2071 Aram,
255 2014 367 2060 omnes
395 1995 498 2060 electi.
542 2002 575 2060 et
602 1994 687 2078 quod
717 1995 744 2060 si
774 1994 901 2079 quidem
930 1996 1093 2080 potuerint
1120 1994 1285 2061 Ohosroen

113 2104 279 2190 perimere,
304 2104 386 2170 bene
409 2112 439 2168 et
462 2105 596 2190 optime:
621 2103 672 2170 sin
695 2111 818 2189 autern,
841 2124 954 2172 omnes
976 2125 1048 2170 cuin
1070 2104 1186 2191 Syrobi
1209 2124 1285 2169 eon·

112 2214 248 2279 fluerent
269 2214 312 2279 ed
334 2215 569 2300 imperatorem.

197 2325 237 2388 Et
251 2326 340 2389 uenit
353 2325 571 2391 Gundabuscs
593 2323 635 2389 ad
651 2325 875 2410 imperatorem
898 2326 1010 2392 diceris
1031 2324 1128 2392 ‘misit
1144 2343 1195 2389 me
1216 2322 1373 2390 XXXXV
1386 2330 1411 2381 ΙΙ

67 2445 97 2493 it
114 2433 248 2519 Syrohis
286 2434 328 2498 ad
359 2442 392 2500 te
420 2435 565 2518 domine,
602 2443 732 2500 ueretur
759 2437 844 2501 enim
874 2436 1042 2521 imperium
1069 2436 1286 2501 Romanorum

113 2543 199 2627 quod
222 2543 387 2610 Ohosroen
411 2544 572 2629 quondam
596 2545 736 2610 saluauit
765 2553 798 2610 et
818 2547 918 2611 multa
941 2567 980 2612 ex
1003 2566 1041 2613 eo
1065 2546 1152 2610 mela
1172 2546 1286 2609 Roma·

114 2673 225 2718 norum
248 2661 335 2720 terra
357 2675 515 2740 perpessa
537 2661 587 2721 est
608 2662 640 2718 et
661 2655 738 2739 qnia
759 2664 889 2741 propter
911 2656 998 2723 illius
1020 2654 1283 2740 ingratitudinem

112 2783 171 2829 nec
194 2765 272 2828 mihi
295 2764 425 2829 credere
447 2765 545 2830 habet
567 2765 751 2848 imperator.
796 2785 906 2831 uerum
935 2767 991 2831 ille
1020 2765 1104 2829 hunc
1126 2764 1168 2829 ad
1191 2765 1286 2849 Syro-

111 2871 167 2938 bin
190 2895 301 2941 rursus
323 2874 472 2957 absoluit,
497 2873 656 2940 mandans
678 2875 708 2940 ei
728 2882 763 2939 ut
775 2893 921 2941 carceres
936 2875 1075 2959 aperiret
1098 2881 1129 2939 et
1144 2881 1285 2940 retentos

64 2994 96 3045 tc
112 2982 145 3047 in
169 2984 217 3050 eis
239 2985 403 3050 Romanos
426 2984 579 3050 educeret
600 2991 631 3049 ct
652 3004 744 3048 arms
766 2984 814 3050 eis
835 2984 1005 3066 tribueret,
1034 2984 1145 3065 sicque
1174 2991 1286 3049 contra

111 3092 277 3159 Chosroen
305 3114 377 3160 sese
406 3102 558 3159 moueret.
601 3115 696 3179 porro
725 3092 861 3179 Syrohis
893 3093 1069 3160 oboediens
1098 3093 1285 3178 imperatori

110 3203 244 3270 retrusis
267 3203 391 3269 eductis
414 3205 600 3289 properauit
621 3212 733 3269 contra
754 3203 949 3289 parricidam
971 3211 1095 3288 patrem
1118 3203 1283 3270 Chosrcen

111 3315 242 3379 scilicet.
287 3334 423 3398 cumque
451 3315 506 3380 ille
535 3315 645 3398 lugere
673 3321 863 3399 temptasset
891 3334 950 3379 nec
971 3315 1144 3396 ualuisset,
1176 3322 1284 3380 tentus

114 3430 146 3488 et
167 3423 275 3489 ualide
298 3424 425 3490 uinctus
447 3431 496 3491 est
517 3425 629 3491 ferreis
651 3424 860 3510 compedibus
880 3430 948 3490 tam
971 3432 1043 3510 post
1068 3432 1191 3508 tergum
1218 3443 1285 3489 mc-

66 3548 98 3598 25
114 3533 209 3599 nibus
240 3554 336 3617 quam
364 3533 503 3617 pedibus
536 3535 712 3617 colligatis,
746 3535 798 3599 eui
831 3543 862 3601 et
890 3535 975 3600 circs
996 3536 1111 3600 collum
1138 3534 1285 3618 pondere

115 3642 218 3706 ferrea
239 3644 407 3729 imponunt
429 3651 461 3708 ct
484 3645 611 3709 mittunt
633 3665 705 3709 eum
733 3646 768 3710 iii
797 3645 925 3710 domum
953 3645 1159 3711 tenebrarum
1187 3665 1283 3729 quern

113 3751 183 3834 ipse
205 3753 356 3836 muniuit,
386 3775 407 3819 a
428 3755 571 3820 nouitate
601 3763 789 3821 construens
812 3755 855 3820 ad
877 3755 1098 3822 recondendas
1117 3756 1283 3841 pecunias.

111 3862 269 3947 panisque
290 3883 403 3948 parum
433 3865 463 3930 ei
492 3871 524 3929 et
552 3885 657 3948 oquae
684 3866 862 3932 tribuentes
889 3866 974 3930 hunc
1002 3866 1087 3931 ierne
1112 3865 1282 3931 necabant.

108 3973 154 4036 ait
169 3976 254 4038 eniiu
272 3972 417 4058 ‘syrohis
433 3974 581 4039 comedat
595 3995 706 4039 aurum
729 3975 816 4058 quod
833 3976 994 4042 ineassum
1010 3975 1138 4059 collegit
1153 3982 1283 4060 propter

60 4095 90 4144 eo
107 4082 193 4167 quod
215 4085 312 4148 etism
341 4084 458 4150 multos
488 4085 573 4151 lame
599 4086 728 4150 necauit
757 4085 974 4170 mundumque
1003 4084 1142 4151 deleuit!

116 4281 174 4289 ——
186 4282 262 4289 ..—..—.
267 4283 378 4289 -.-.
385 4282 400 4288 .-

176 4415 281 4464 1.5.11
299 4411 496 4479 gundabundus
509 4411 535 4465 D
587 4416 601 4464 2
619 4411 725 4479 polium
743 4410 809 4465 DP:
828 4413 918 4481 poscis
936 4413 994 4469 cod.
1014 4412 1160 4468 Frcnct'sci
1176 4409 1285 4467 Pitboct'

108 4504 199 4556 3lum
217 4521 269 4556 om.
288 4504 315 4558 I)
383 4504 524 4575 ltygridis
539 4504 565 4558 D
637 4509 665 4557 12
684 4505 783 4560 obtime
801 4505 835 4560 Ji
897 4504 1021 4561 luchil}
1100 4509 1127 4558 15
1147 4504 1282 4560 lirohilD

111 4600 142 4647 16
161 4583 222 4662 Qud
245 4599 414 4667 i‘quorii'cm'
432 4597 500 4653 olibi
516 4598 554 4651 i'ta
573 4599 600 4652 in
618 4596 669 4652 doc
687 4598 779 4654 codice
797 4615 851 4653 iton
868 4599 1050 4671 sipnlficctitr)
1066 4598 1189 4668 iuquiens
1204 4597 1280 4652 choi·
1337 4589 1340 4592 ⁴

106 4687 191 4740 roheii
209 4688 235 4742 D
286 4690 357 4744 melo
385 4689 427 4745 θ’
500 4695 527 4743 ll
548 4691 738 4758 ingratitudine
756 4690 783 4745 Ι)
861 4696 892 4747 18
918 4693 1031 4762 lyrohen
1050 4690 1077 4746 D
1155 4694 1184 4745 21
1206 4691 1281 4746 chol·

106 4781 259 4835 rolislenlel
275 4782 455 4838 enomeretl)
506 4783 635 4854 obediens
651 4784 677 4838 Ι)
745 4788 778 4838 22
796 4787 883 4840 retrnl
899 4784 1000 4840 eductis
1016 4784 1043 4840 D
1112 4788 1144 4838 21
1162 4783 1283 4839 &omli

106 4874 167 4942 polt
185 4861 290 4943 eigil)
358 4880 390 4931 28
408 4891 480 4946 eque
496 4875 523 4931 D

1024 4981 1082 5034 29*
