2834 5394
527 58 543 79 ,Ο
587 78 590 89 Ι

540 94 609 135 ’1.1.

537 140 549 173 ἱ.

916 392 921 403 ι

494 686 567 735 cur.
590 685 836 734 xxvrn-xxxu
1185 673 1248 734 505

78 841 157 907 (lixi.
201 847 234 906 et
253 846 382 906 taxatos
404 838 490 904 misit
512 857 577 903 una
598 856 669 902 eum
690 836 876 903 turmarcha
897 837 931 902 in
950 836 1056 922 ipsum
1085 842 1119 903 et
1139 836 1250 904 eduxit

79 948 332 1016 abundantiores
354 948 512 1015 familias?
554 937 761 1014 tribulatione
790 948 899 1031 itaque
927 947 1051 1030 ingenti
1073 947 1250 1015 hlasalmas

79 1081 178 1145 super
212 1060 274 1125 hoc
306 1065 440 1144 accepta
473 1059 580 1124 furore
615 1058 757 1143 repletus
794 1057 917 1143 expulit
952 1076 1035 1123 eum.
1079 1057 1249 1124 consilium

79 1171 199 1255 quippe
221 1169 363 1236 habehat
383 1176 508 1236 aestate
529 1187 646 1253 capere
668 1166 749 1232 illud
771 1174 804 1233 et
830 1166 1024 1253 expectandi
1051 1168 1189 1235 classem
1217 1173 1250 1234 et

47 1280 126 1348 esic
146 1281 180 1345 in
202 1279 314 1346 Asiam
336 1277 555 1346 descendendi
577 1285 675 1362 atque
697 1276 872 1343 hiemandi.
916 1296 994 1361 ergo
1017 1277 1131 1343 iterum
1153 1296 1250 1361 quae·
1271 1269 1371 1338 XXX

80 1391 141 1458 sito
163 1389 322 1475 praetoris
343 1388 472 1454 homine
494 1388 674 1456 sciscitatur
694 1387 737 1453 ab
759 1407 808 1454 eo.
852 1387 908 1454 ille
930 1407 1008 1456 uero
1030 1387 1251 1455 iureiurando

79 1499 161 1567 dixit
182 1498 225 1565 ad
247 1519 318 1565 eum
341 1499 459 1564 ‘omnia
480 1519 564 1583 quae
586 1499 639 1564 aio
660 1498 719 1564 tibi
741 1517 822 1564 uera
843 1505 928 1565 sunt.
966 1497 1025 1568 sed
1054 1505 1086 1564 ct
1107 1499 1195 1564 mille
1216 1498 1251 1565 in

79 1610 113 1676 id
135 1610 237 1676 taxati
259 1630 331 1675 cum
352 1609 537 1675 turmarcha
558 1609 699 1694 ingressi
721 1615 796 1677 sunt
810 1591 1020 1693 cunctamque
1036 1608 1252 1676 substantiam

80 1720 200 1786 ibidem
229 1720 444 1786 habitantium
474 1726 507 1785 et
533 1719 648 1806 inopes
677 1719 817 1786 familias
839 1717 952 1785 eduxit
972 1718 1079 1784 illinc!
1121 1719 1173 1786 his
1195 1739 1280 1810 aug

34 1847 64 1898 to
81 1831 158 1897 ditis
182 1830 293 1898 scribit
314 1829 455 1916 praetori
479 1828 565 1896 ‘ueni
587 1828 630 1895 ad
652 1829 710 1896 me'
737 1829 886 1913 inquiens
916 1827 959 1895 ‘ct
980 1836 1083 1896 tecum
1105 1829 1252 1914 paciscor

80 1951 112 2008 et
134 1941 287 2007 uniuersa
308 1949 344 2006 ut
365 1940 415 2007 uis
438 1940 593 2025 patraho!
636 1941 872 2024 contemplatus
895 1940 992 2024 igitur
1014 1945 1143 2025 praetor
1166 1937 1252 2024 quod

78 2051 245 2117 Masalaeo
273 2050 523 2136 propinquasset
551 2057 584 2116 et
612 2049 698 2135 quod
725 2051 760 2116 in
787 2050 861 2116 aliis
883 2049 1024 2134 quinque
1045 2048 1160 2117 diebus
1181 2068 1252 2134 pro

80 2162 205 2228 uineias
227 2181 303 2228 suas
325 2161 518 2228 transiturus
540 2167 628 2228 esset
649 2160 759 2227 missis
781 2159 823 2225 ad
839 2180 911 2227 eum
927 2158 1051 2226 duobus
1067 2159 1252 2226 consulibus

80 2271 241 2355 significat
269 2270 298 2338 ei
330 2270 441 2337 dicens
470 2272 602 2338 ‘litteras
631 2277 705 2337 tuas
734 2271 845 2356 accepi
881 2277 914 2337 et
941 2270 1138 2336 uoluntatem
1165 2276 1252 2335 tuam

34 2397 63 2447 15
80 2382 209 2466 suscepi
232 2389 264 2448 et
285 2400 325 2446 en
348 2380 391 2447 ad
413 2388 445 2447 te
467 2382 573 2448 uenio.
617 2379 676 2447 sed
699 2387 733 2447 ut
753 2381 841 2448 nosti
861 2386 992 2467 praetor
1014 2401 1085 2447 sum
1107 2386 1139 2446 et
1159 2398 1254 2465 pecu·

80 2493 156 2558 niae
178 2498 209 2557 et
232 2499 400 2575 argentum
423 2498 455 2557 et
476 2493 615 2577 populus
638 2511 690 2558 me
713 2497 881 2558 secuturus
902 2497 953 2557 est
974 2510 1012 2556 ao
1033 2510 1093 2576 per
1106 2489 1168 2554 hoc
1182 2509 1254 2576 per·

79 2603 170 2667 mitte
193 2601 272 2667 mihi
294 2621 392 2686 super
413 2622 476 2666 uno
499 2622 626 2686 quoque
647 2602 790 2687 ipsorum
816 2602 961 2667 uerbum.
1006 2607 1038 2667 et
1065 2600 1094 2667 si
1122 2599 1252 2684 quidem

80 2694 175 2795 quem
197 2711 241 2776 ad
263 2711 393 2776 rhodum
416 2711 545 2794 requiro
560 2731 602 2776 ex
617 2711 710 2778 uobis
733 2731 833 2777 causa
847 2730 922 2776 mea
942 2711 1039 2776 fuerit
1052 2710 1146 2790 facta,
1169 2710 1253 2775 hone

80 2827 113 2885 et
128 2820 263 2904 optime;
287 2821 471 2903 sinautem,
494 2819 656 2886 indemnis
672 2822 786 2887 saltem
802 2826 833 2885 et
847 2819 1053 2886 tribulatione
1067 2819 1253 2904 proficiscar

33 2945 64 2995 20
80 2930 233 3014 excepta)
269 2930 454 2997 consulibus
477 2951 554 3014 ergo
576 2930 839 3015 peruenientihus
861 2929 904 2995 ad
926 2949 983 2995 eos
1004 2929 1039 2994 in
1054 2928 1252 2994 Theodosia·
1274 2926 1392 2994 XXXI

80 3042 132 3107 nis
155 3039 233 3104 dicit
253 3040 319 3107 illis
341 3041 517 3108 Masalmas
546 3040 699 3108 ‘sciebam
727 3039 813 3124 quod
840 3038 990 3106 illuderet
1020 3039 1099 3104 mihi
1126 3046 1254 3124 praetor

79 3150 207 3217 uester?
255 3157 288 3214 at
316 3151 363 3215 illi
393 3150 495 3223 ‘absit'
523 3151 682 3236 inquiunt.
735 3157 810 3216 tunc
844 3150 927 3216 iacto
956 3148 1042 3234 quod
1069 3150 1254 3234 quaesierat

80 3261 178 3327 uerbo
201 3259 324 3327 dimisit
344 3281 410 3327 eos.
456 3261 559 3327 donec
586 3261 696 3345 itaque
725 3263 875 3327 consules
903 3279 975 3325 oum
1005 3260 1125 3345 scripto
1154 3262 1253 3326 uerho

80 3372 123 3436 ad
145 3379 325 3457 praetorem
348 3371 486 3438 fuissent
506 3372 640 3454 reuersi,
663 3371 840 3439 Masalmas
862 3370 1011 3456 copiosas
1033 3371 1253 3439 multitudines

32 3501 63 3551 25
79 3481 205 3547 hahens
228 3488 261 3547 et
282 3502 418 3565 usquam
433 3488 520 3548 stare
535 3502 601 3548 non
615 3483 728 3547 ualens
744 3480 948 3548 Acrohenum
963 3480 1039 3546 adit.
1083 3489 1254 3565 praeterea

80 3611 152 3655 cunr
174 3590 311 3659 uidisset
332 3599 461 3676 praetor
485 3590 570 3677 quod
593 3613 669 3659 suas
692 3592 865 3658 transisset
891 3591 946 3657 ille
974 3591 1168 3676 prouincias,
1195 3592 1254 3657 Ni·

80 3700 258 3765 comediam
282 3701 374 3766 uadit
389 3710 421 3767 et
435 3702 733 3769 Theodosiifilium
756 3707 944 3768 consecutus
966 3701 1052 3787 capit
1073 3702 1159 3767 hunc
1181 3721 1252 3767 cum

80 3812 167 3876 omni
188 3819 349 3895 apparatu
371 3811 460 3895 regio
483 3819 515 3877 et
537 3812 615 3879 uiris
638 3813 750 3897 primis
766 3811 890 3897 palatii.
933 3818 968 3877 at
983 3831 1060 3877 uero
1075 3812 1252 3879 Masalmas

81 3920 281 3987 descendens
303 3921 337 3986 in
359 3922 472 3987 Asiam
495 3923 650 3989 hiemauit
670 3924 736 3988 illic
759 3930 791 3988 et
811 3922 955 3986 Haumar
978 3921 1011 3986 in
1034 3919 1157 3986 Cilicia.
1202 3927 1254 3988 ast

32 4050 63 4098 so
80 4039 209 4118 praetor
238 4031 408 4117 adsumpto
437 4032 502 4098 filio
533 4033 736 4119 imperatoris
765 4039 796 4097 et
824 4031 903 4097 inito
932 4030 1065 4096 consilio
1102 4050 1173 4095 cum
1201 4030 1253 4098 his

81 4142 135 4227 qui
160 4162 269 4208 secum
292 4149 385 4207 erant
407 4143 497 4208 uenit
520 4142 755 4228 Chrysopolim.

165 4254 263 4317 Porro
293 4252 496 4320 Theodosius
526 4254 697 4337 compertis
726 4258 929 4335 quaegesta
958 4256 1032 4318 sunt
1065 4250 1199 4318 consilio
1230 4249 1407 4317 aXXXII

149 4552 207 4600 tet
223 4545 409 4600 turmachaD
467 4544 664 4601 &unduxrtll
733 4550 829 4617 tpost
844 4552 944 4615 mgentr
962 4545 1078 4601 deletum
1096 4545 1165 4600 mrht
1181 4543 1253 4600 inl)

79 4639 248 4707 breppletul
265 4650 292 4697 lu
309 4656 379 4694 corr.
398 4655 435 4693 ex
453 4638 523 4698 all)
591 4623 746 4693 lolallill
819 4645 842 4692 ll
865 4646 896 4693 ut
914 4639 1077 4704 umuerlall
1148 4643 1178 4694 rt
1196 4654 1253 4693 ma-

80 4730 193 4786 laleoD
247 4735 277 4785 18
295 4712 527 4803 qubammodr'rll
635 4736 668 4786 m
687 4732 884 4803 quelrerantl)
977 4737 1009 4786 25
1028 4715 1164 4788 acrean
1217 4736 1249 4786 30

78 4806 218 4892 aripret)
302 4830 331 4880 31
353 4810 521 4896 crylopoil)
