2834 5394
95 238 157 297 554
591 252 682 299 urnrn
704 252 804 298 xxnn

95 408 206 469 sextam
236 402 420 468 indictionis
449 404 637 487 aprineipe
665 404 699 469 in
722 404 877 481 insulam,
907 420 1002 483 quem
1031 407 1066 465 ct
1090 400 1217 465 cecidit
1238 409 1284 484 ty-

95 535 229 596 rannus,
254 514 338 597 quod
361 513 482 579 uariare
504 533 569 578 non
589 515 722 580 ualeret.
757 514 851 580 iussit
872 519 978 577 autem
1002 533 1079 578 curn
1103 514 1140 579 in
1167 512 1286 597 pborio

95 624 216 710 portari
240 633 271 690 et
293 632 419 690 euntem
443 623 556 690 sedere
578 625 611 690 in
641 624 764 707 gremio
792 623 948 690 eeclesiae
974 643 1122 707 magnac
1148 631 1287 706 oratque

96 738 270 805 asecrctis
292 756 362 800 cum
386 755 424 801 eo
447 736 552 800 ferens
575 734 707 801 chartae
738 741 866 813 tomum,
890 735 923 798 in
946 755 1009 818 quo
1032 739 1132 799 erant
1147 732 1291 816 ascripti

96 849 191 914 buius
214 867 376 915 excessus.
415 846 501 910 omni
523 866 599 928 crgo
621 847 740 931 populo
762 845 901 910 ciuitatis
923 865 963 909 en
986 854 1176 928 praecepto
1199 843 1316 927 regios

96 962 163 1027 iilic
185 966 318 1043 aggrcto
347 965 379 1022 et
407 956 537 1022 uidente
559 957 727 1040 legebatur
749 956 861 1020 charta
887 957 921 1020 in
949 955 1163 1021 audientiam
1189 957 1290 1022 totius

96 1071 223 1158 popuii:
247 1089 305 1152 per
328 1068 456 1150 singula
477 1067 620 1152 capitula
641 1065 843 1150 percutiebat
864 1086 885 1129 a
907 1067 1040 1131 secretis
1065 1066 1195 1133 facicm
1220 1069 1291 1133 cius

97 1183 212 1247 Niceta
245 1176 430 1263 patriarcba
461 1177 495 1243 in
528 1176 730 1244 confessione
762 1174 894 1242 sedente
927 1195 966 1239 ao
998 1177 1165 1246 intuente.
1217 1188 1291 1264 post

97 1293 178 1357 haee
200 1310 276 1356 uero
300 1310 369 1355 curn
392 1288 623 1373 imposuissent
644 1307 717 1353 enm
739 1286 772 1350 in
796 1288 964 1353 ambonem
987 1297 1020 1353 et
1041 1298 1176 1354 rectum
1201 1300 1290 1356 stare

97 1403 258 1484 fecissent,
281 1401 406 1486 accepit
427 1400 558 1464 Nicetes
581 1399 726 1464 chartam
748 1405 780 1465 et
801 1401 889 1466 misit
911 1401 1082 1485 episcopos
1109 1410 1143 1465 et
1175 1401 1290 1466 ablato
1307 1406 1327 1454 n

98 1512 374 1599 superhumerali
397 1511 466 1576 eius
489 1509 803 1576 anathematizarunt
825 1531 898 1577 eum
926 1517 958 1576 ct
979 1509 1065 1574 hune
1089 1512 1290 1597 Scotiopsin

98 1623 362 1708 cognominantes
384 1621 425 1685 ab
448 1621 586 1686 ecclesia
608 1620 835 1686 abstraxerunt
863 1620 1063 1704 gradientem
1087 1634 1289 1688 retrorsum.

99 1740 229 1818 postera
251 1752 326 1796 uero
349 1731 401 1795 die
423 1750 494 1795 oum
516 1730 583 1795 iudi
605 1731 766 1797 circenses
780 1741 961 1815 agerentur,
984 1738 1137 1797 raserunt
1165 1733 1289 1799 faciem

98 1844 168 1908 eius
202 1850 234 1906 et
263 1841 397 1905 barbam
425 1840 670 1906 denudauerunt
702 1841 817 1927 capitis
851 1861 889 1906 ac
918 1840 1169 1923 superciliorum
1208 1844 1288 1928 pilis

100 1952 218 2017 ablatis
241 1959 272 2014 et
293 1951 438 2015 indutum
461 1950 546 2015 huno
568 1953 663 2017 laneo
681 1952 771 2017 breui
785 1973 825 2017 ae
840 1952 911 2020 sine
926 1951 1062 2016 manicis
1077 1953 1288 2018 uestimento
1304 1953 1327 2002 ¹⁵

101 2060 213 2127 sedere
235 2060 377 2125 feceruut
399 2060 529 2144 oblique
552 2081 649 2146 super
671 2063 798 2129 asinum
821 2083 933 2147 sagma
949 2063 1105 2128 terentem
1123 2068 1156 2126 et
1174 2063 1286 2146 ipsius

99 2178 210 2236 tenere
238 2169 373 2234 caudam
404 2177 435 2235 et
462 2168 622 2236 duxerunt
649 2191 708 2256 per
730 2172 920 2258 Dibippium
947 2174 980 2237 in
1011 2170 1288 2256 hippodromium

101 2289 213 2346 cuncto
242 2280 361 2363 populo
395 2286 427 2345 et
455 2281 551 2365 uulgo
584 2283 672 2346 mala
703 2282 900 2367 imprecante
928 2283 975 2347 illi
1005 2290 1036 2347 et
1064 2292 1286 2367 conspuente.

101 2391 252 2458 trahebat
273 2398 380 2457 autern
402 2391 530 2457 asinum
553 2390 785 2458 Constantinus
807 2412 909 2476 nepos
931 2393 1034 2476 ipsius
1056 2411 1139 2457 naso
1162 2394 1285 2460 rec-iso.

101 2522 236 2586 cumque
258 2502 401 2568 uenisset
423 2501 465 2566 ad
486 2502 612 2585 uulgus,
629 2501 864 2567 descenderunt
879 2509 910 2567 et
925 2509 1144 2585 conspuerunt
1159 2510 1194 2566 et
1211 2505 1286 2587 pul·
1302 2503 1327 2553 ²⁰

102 2631 210 2677 nerem
239 2612 443 2696 proiecerunt
470 2632 568 2697 super
596 2632 677 2678 eum.
722 2618 755 2678 et
783 2633 853 2677 cum
884 2612 1096 2679 adduxissent
1130 2634 1209 2681 enm
1242 2613 1287 2680 ad

102 2721 343 2804 consistorium,
366 2721 552 2787 deiecerunt
573 2722 614 2787 de
637 2723 730 2788 asino
757 2730 790 2788 et
811 2725 1016 2788 calcaucrunt
1039 2744 1137 2807 super
1160 2726 1285 2790 collum

102 2831 182 2896 eius.
213 2840 245 2897 et
267 2833 442 2898 collocatus
464 2840 575 2897 contra
597 2834 713 2915 uulgus
729 2830 883 2898 audiebat
897 2835 938 2898 ab
954 2834 1019 2898 iliis
1036 2833 1162 2898 ludicra
1179 2836 1287 2901 uerba

103 2963 204 3026 usque
226 2942 269 3006 ad
291 2943 526 3008 absolutionem
550 2941 696 3007 ludorum
719 2943 925 3026 equestrium.

0 3047 148 3115 XXVII
191 3052 312 3117 Eodem
343 3071 469 3135 quoque
496 3072 608 3119 mense
642 3052 751 3118 missis
780 3053 898 3137 impius
929 3055 1101 3137 imperator·
1128 3055 1285 3136 patriciis
1302 3059 1327 3109 25

104 3161 265 3242 significat
285 3162 313 3225 ei
337 3160 447 3226 dicens
471 3160 559 3244 ‘quid
582 3160 662 3227 dicis
685 3160 726 3227 de
749 3161 812 3226 fide
834 3171 945 3229 nostra
974 3169 1005 3228 et
1033 3163 1169 3226 concilio
1193 3165 1285 3246 quod

104 3269 272 3334 fecimusi'
303 3270 359 3353 qui
398 3270 548 3337 sensibus
579 3269 622 3336 ad
660 3273 837 3338 uanitatem
865 3273 1030 3339 conuersis
1059 3273 1286 3357 respondebat

104 3378 205 3446 ‘bene'
227 3380 378 3463 inquiens
402 3379 447 3446 ‘et
468 3381 573 3448 credis
597 3390 629 3447 et
644 3382 727 3449 bene
742 3383 909 3448 concilium
926 3391 1077 3467 operatus
1092 3383 1135 3447 es'
1158 3391 1284 3465 putans

104 3510 139 3556 se
161 3490 201 3555 ob
224 3491 284 3555 boc
305 3491 394 3555 ilium
417 3512 528 3559 rursus
551 3493 689 3577 placare.
728 3499 760 3558 at
783 3493 830 3557 illi
852 3494 1017 3559 confestim
1040 3493 1285 3576 respondentes

106 3601 255 3667 dixerunt
278 3605 347 3668 ‘nos
369 3601 430 3667 hoc
452 3602 565 3668 audire
585 3604 747 3671 noluimus
774 3603 816 3669 ab
845 3622 899 3669 ore
927 3605 1049 3690 polluto
1066 3611 1130 3678 tuo,
1153 3623 1194 3668 ex
1219 3604 1327 3672 boeot

176 3917 233 3977 ta]
252 3911 328 3967 ael)
396 3914 589 3969 teuaderel)
640 3912 782 3984 phortoD
843 3899 1011 3967 ttbombl)
1063 3912 1192 3967 bhacli
1250 3922 1285 3970 10

108 3989 217 4059 carati)
267 4011 293 4059 11
316 4002 508 4072 teotuloban
563 4010 591 4061 12
611 4008 799 4062 abstruxerunt
817 4006 851 4059 ab
871 4005 1007 4076 ecclaml)
1054 4011 1082 4060 13
1102 4006 1238 4060 cernentur
1254 4008 1285 4063 D

111 4104 138 4152 11
164 4079 290 4168 dnprbd
359 4081 536 4170 yppodromu'r
561 4100 588 4155 Ι)
694 4105 722 4153 18
747 4099 796 4155 sub
820 4107 847 4152 et
872 4104 887 4152 6
916 4103 1023 4170 puncta
1047 4117 1064 4152 a
1082 4115 1163 4152 rnuuu
1186 4109 1284 4169 poste-

108 4193 181 4245 riorc
212 4198 379 4252 (atramento
405 4195 494 4247 minus
519 4195 615 4265 cipro)
634 4194 747 4266 posita,
777 4208 893 4264 quorum
920 4191 948 4244 r'n
976 4197 1092 4261 utroque
1118 4193 1201 4246 latere
1230 4210 1282 4248 ex-

108 4286 187 4337 trenn'
202 4286 252 4340 ‚rub
270 4286 295 4339 to
314 4293 375 4339 ctu
393 4293 470 4351 surrt,
494 4286 543 4340 sed
559 4287 611 4342 πίω
632 4287 672 4341 et's
695 4291 725 4342 et
739 4285 820 4356 uulgo
838 4283 927 4341 arere
953 4283 1041 4339 uoluit
1058 4285 1187 4339 librarius
1205 4286 1232 4337 in
1254 4286 1281 4340 D

112 4379 142 4428 19
160 4377 266 4431 rraiaD
334 4383 366 4431 tt
385 4376 595 4451 absolutioneD
867 4374 888 4424 ⁷)
