2834 5394
184 287 248 352 382
665 303 758 350 nram
779 301 867 350 xum

183 452 258 520 dam
281 461 389 537 partes
411 452 541 518 Africae
571 473 593 517 a
613 454 804 519 Mauritania
826 452 1068 537 insurgentibus
1096 452 1255 520 aduersus
1277 454 1360 519 Afri·

183 583 253 630 cam
276 564 329 629 ita.
375 561 530 629 Cutzinas
566 564 696 629 nominc
733 563 862 647 quidem
897 583 938 629 cx
975 564 1048 648 ipsa
1074 570 1170 647 gente
1199 563 1359 630 exarchus

183 674 434 740 Mauritanorum
468 672 610 738 habebat
641 672 904 740 consuetudinem
941 672 1119 758 accipiendi
1156 693 1177 738 a
1211 673 1359 756 principe

182 783 327 860 Africae,
357 784 411 867 qui
435 803 493 866 per
515 790 641 866 tempus
663 790 746 865 erat,
776 791 894 848 certam
924 784 1137 867 quantitatem
1157 784 1240 848 auri.
1284 803 1356 848 cum

182 903 289 960 autem
318 893 464 958 uenisset
493 899 528 956 ut
554 893 713 975 acciperet
739 892 837 975 illud,
865 893 1026 959 Iohannes
1055 893 1206 977 princeps
1228 893 1387 961 Africaes

183 1003 300 1069 occidit
326 1002 425 1066 illum.
470 1021 565 1084 porro
600 1003 844 1069 insurrexerunt
870 1003 929 1067 filii
963 1002 1117 1068 Cutzinae
1153 1002 1357 1068 uindicantes

182 1120 350 1197 paternum
372 1119 536 1194 acceptum
558 1119 591 1178 et
611 1113 708 1178 erecti
723 1119 834 1178 contra
848 1113 936 1177 illam
959 1119 1132 1195 coeperunt
1154 1113 1225 1178 cius
1247 1119 1357 1196 partes

184 1223 311 1306 aliquas
326 1221 535 1304 depraedare.
566 1222 740 1305 imperator
761 1224 870 1306 itaque
891 1223 953 1287 hoc
975 1223 1084 1305 agnito
1107 1221 1196 1287 misit
1218 1222 1252 1286 in
1267 1222 1357 1287 auxi·

182 1332 261 1397 lium
275 1331 402 1395 Africae
418 1331 614 1397 Marcianum
636 1333 826 1415 magistrum
847 1332 983 1396 militum
1005 1340 1155 1415 nepotem
1171 1351 1263 1396 suum
1285 1350 1356 1396 oum

184 1442 324 1508 exercitu
345 1439 388 1505 ad
411 1441 628 1524 pacificandos
649 1441 779 1508 Mauros
808 1449 840 1507 et
862 1441 1084 1507 confluxerunt
1105 1441 1147 1505 ad
1169 1460 1253 1506 eum.
1298 1441 1356 1507 stc·
1374 1451 1401 1501 to

184 1570 246 1634 qne
268 1570 347 1636 pace
369 1550 472 1632 potita
494 1557 545 1617 est
565 1551 683 1616 Africa.

267 1660 390 1725 Eodem
412 1679 498 1724 anno
519 1660 692 1744 imperator
714 1659 905 1744 quibusdam
926 1660 1184 1744 perturbatIones
1200 1658 1357 1725 Constan-

183 1771 319 1855 tinopoli
346 1769 579 1836 concitantibus
606 1771 740 1854 pollices
769 1769 907 1835 abscidit
935 1789 1044 1834 eorum
1081 1769 1156 1833 dum
1179 1776 1272 1834 taxat
1302 1768 1358 1853 qui

184 1899 255 1944 oum
278 1878 395 1962 gladiis
417 1897 612 1962 pugnauere.
657 1899 744 1944 nona
771 1879 898 1944 decima
924 1898 1002 1943 uero
1025 1878 1077 1944 die
1098 1879 1204 1943 Martii
1233 1878 1356 1945 mensis

184 1990 337 2055 dimIssus
364 1995 414 2053 est
449 1988 619 2054 Bilisarius
645 1989 799 2072 patricius
834 1989 973 2073 receptis
1009 1989 1157 2055 omnibus
1193 1986 1357 2072 dignitati·
1374 2005 1403 2055 tt

184 2098 246 2166 bus
270 2099 347 2164 suis.

268 2205 390 2271 Eodem
413 2225 497 2270 anno
519 2214 677 2272 uenerunt
696 2207 794 2290 legati
810 2206 931 2273 Ascelti
949 2207 1035 2291 regis
1049 2207 1358 2272 Hermechiouorum

185 2317 240 2401 qui
262 2317 387 2402 positus
409 2323 458 2381 est
479 2317 565 2382 intra
586 2315 796 2382 barbarorum
818 2323 947 2400 gentem
970 2317 1061 2382 iuxta
1087 2316 1252 2383 Oceanum
1274 2315 1357 2381 Con·

187 2425 438 2511 stantinopolim.

265 2537 464 2603 Iustinianus
499 2537 625 2620 imperii
654 2535 703 2602 sui
738 2536 900 2601 tricesimo
928 2536 1064 2621 septimo
1091 2554 1176 2600 anno
1212 2534 1357 2617 perrexit
1370 2554 1402 2604 to

183 2665 283 2712 causa
305 2647 460 2711 orationis
483 2645 525 2711 ad
539 2646 758 2731 Myriangelos
780 2644 815 2709 id
837 2651 886 2711 cst
900 2643 1051 2711 Garmias
1065 2645 1176 2709 urbem
1193 2643 1354 2709 Galatiae.

266 2755 440 2820 Nouembri
457 2775 533 2820 uero
548 2774 660 2821 mense
682 2754 826 2818 introiuit
839 2754 1029 2838 Byzantium
1045 2753 1185 2819 Arethas
1200 2753 1356 2837 patricius

182 2870 216 2931 ct
236 2864 387 2949 prinecps
408 2863 511 2929 tribus
534 2864 766 2929 Saracenorum
788 2862 899 2929 debita
920 2862 1047 2929 deferre
1068 2863 1254 2947 imperatori
1277 2863 1356 2926 tilio

181 2995 252 3038 rum
281 2994 410 3041 suorum
440 2980 472 3037 et
499 2972 600 3038 debiti
628 2973 766 3055 gratiam
796 2980 831 3038 ut
858 2973 982 3039 scilicet
1008 2981 1083 3057 post
1111 2973 1231 3037 obitum
1261 2991 1354 3039 suum

183 3089 331 3148 tenerent
352 3083 566 3166 principatum
588 3082 691 3148 tribus
714 3102 801 3147 suae.
1370 3100 1401 3151 as

268 3191 445 3257 Tricesimo
468 3197 581 3255 octauo
603 3192 730 3275 imperii
751 3191 802 3257 sui
823 3211 910 3256 anno
924 3192 1123 3258 lastinianus
1145 3191 1187 3255 de
1202 3191 1355 3273 corrupti·

182 3300 241 3366 bili
263 3307 295 3366 et
316 3300 550 3384 incorruptibili
574 3299 692 3384 dogma
713 3319 916 3366 commouens
942 3300 1045 3365 chcto
1065 3301 1183 3383 ubique
1205 3300 1313 3365 alieno
1335 3319 1356 3363 a

184 3411 304 3494 pietate
325 3410 518 3476 transmisso
539 3410 600 3475 deo
621 3416 877 3495 praeoccupante
899 3410 1067 3476 defunctus
1090 3417 1139 3475 est
1159 3429 1230 3473 cum
1254 3410 1353 3493 impe

181 3527 286 3587 resset
306 3520 440 3604 triginta
462 3527 494 3585 et
515 3528 584 3584 octo
606 3519 718 3602 annis,
747 3519 913 3585 mensibus
943 3527 1065 3603 septem
1094 3527 1126 3584 et
1154 3518 1268 3584 diebus
1290 3526 1355 3583 tre·

181 3631 286 3696 decim
308 3638 341 3695 et
362 3630 496 3695 eflicitur
518 3629 613 3696 huius
636 3647 802 3694 successor
822 3630 965 3695 Iustinus
979 3628 1200 3713 Ouropalates.
1370 3645 1401 3696 uc

27 3741 191 3809 XXVIIII
265 3742 359 3805 Anno
374 3741 416 3805 ab
430 3741 651 3806 incarnatione
673 3737 794 3803 domini
816 3738 1072 3822 quingentesimo
1088 3736 1354 3822 quinquagesimo

184 3858 297 3915 octauo
323 3851 479 3915 Ivsmuvs
501 3850 638 3932 Imperat
667 3867 769 3932 nepos
790 3849 963 3916 Iustiniani
990 3854 1161 3913 coronatus
1189 3847 1231 3911 ab
1254 3848 1354 3931 Euty·

180 3958 446 4045 chiopatriarcha.
489 3966 559 4023 erat
580 3966 686 4024 autem
713 3959 845 4025 natione
862 3960 982 4042 Thrax,
1008 3957 1235 4042 magnanimus
1256 3963 1354 4038 atque

181 4069 348 4134 adomnia
369 4088 513 4153 prosper.
546 4067 687 4134 babebat
708 4076 814 4134 autem
838 4078 870 4135 et
891 4089 1022 4134 uxorem
1045 4067 1200 4149 Sophiam
1223 4065 1354 4130 nomine

178 4227 259 4237 ——-.
447 4232 480 4238 -

247 4332 387 4381 tuumne
404 4324 431 4380 Β
499 4329 614 4396 'tecpei
632 4325 659 4380 Β
735 4329 766 4380 12
782 4326 786 4395 Ι
800 4324 968 4380 turbationes
984 4325 1207 4394 constantinopoli
1224 4324 1251 4380 Β
1323 4328 1353 4378 lt

181 4418 377 4476 nonadecima
395 4417 422 4473 Β
489 4422 519 4471 at
539 4417 693 4474 rauonrtll
760 4422 793 4473 22
811 4416 932 4472 buantru
949 4416 976 4472 Β
1044 4422 1076 4472 32
1095 4416 1238 4473 euucroll
