2834 5394
581 665 654 714 can.
677 665 838 714 mur-nn
1233 653 1297 716 323

114 816 258 884 obtinuit
286 834 346 885 nce
374 817 475 883 multo
503 824 578 903 post
597 817 788 902 patriciatus
818 817 916 884 etiam
938 817 1130 903 dignitatem
1154 819 1292 903 adeptus

114 934 179 996 est
221 934 297 1014 post
316 946 390 995 eam
403 927 512 1012 igitur,
535 946 619 1014 quae
634 928 816 1013 praemissa
831 936 889 1010 cst,
912 928 1041 995 Africae
1056 928 1192 1011 cladem,
1215 929 1294 995 data

115 1057 179 1125 per
200 1037 403 1122 Trigentium
425 1037 469 1103 ad
490 1037 702 1103 habitandum
725 1038 883 1106 Vandalis
906 1039 1035 1104 Africae
1056 1040 1205 1124 portione
1225 1059 1292 1124 pax

114 1168 191 1215 cnm
212 1146 337 1215 eisdem
357 1148 546 1214 necessaria
567 1148 672 1232 magis
695 1168 792 1229 quam
815 1149 903 1215 utilis
918 1149 1004 1215 facta
1019 1157 1077 1216 est.
1123 1150 1175 1217 his
1193 1149 1291 1215 ctiam

80 1257 318 1343 §temporibus
347 1256 579 1324 Gundicarium
608 1257 875 1342 Burgundionum
904 1278 1014 1342 regem
1048 1259 1134 1325 intra
1162 1259 1292 1327 Gallias

113 1369 319 1435 habitantum
340 1370 453 1434 Actius
474 1368 629 1453 patricius
658 1368 743 1433 bellu
766 1369 898 1453 optriuit
919 1388 1096 1454 pacemque
1118 1371 1148 1436 ei
1171 1369 1292 1453 suppli-

113 1478 207 1545 canti
228 1479 399 1544 concessit.
443 1478 568 1543 interca
583 1477 680 1543 Gothi
703 1479 794 1563 pacis
817 1479 939 1563 placita
959 1462 1151 1564 perturbant
1171 1486 1205 1546 et
1224 1481 1292 1563 ple

113 1606 219 1674 raquo
239 1587 416 1672 municipia
437 1586 546 1653 uicina
567 1588 636 1654 suis
659 1587 790 1655 sedibus
812 1597 980 1673 occupant.
1024 1610 1160 1672 cumque
1182 1596 1293 1657 essent

113 1698 259 1765 maxime
275 1696 395 1783 oppido
409 1697 616 1764 Narbonensi
632 1698 739 1765 infesti
755 1698 908 1780 ciuesque
925 1699 995 1765 eius
1010 1702 1108 1783 longa
1122 1699 1291 1765 obsidione

63 1824 96 1875 ro
113 1817 149 1876 et
169 1809 257 1874 lame
278 1807 468 1892 affligerent,
497 1807 677 1875 adueniens
698 1828 806 1874 comcs
830 1809 969 1875 Litorius
992 1808 1102 1876 hostes
1124 1811 1159 1874 iu
1181 1809 1289 1892 lugam

115 1919 214 1985 uertit
246 1924 277 1984 et
309 1917 472 1984 ciuitatem
506 1917 617 1983 adlata
647 1919 797 1984 trunrcnti
831 1918 926 2002 copia
958 1939 979 1983 a
1009 1919 1095 1985 fame
1127 1918 1288 1984 liberauit.

114 2030 235 2098 dehinc
264 2048 350 2094 anno
379 2029 528 2112 sequenti
555 2027 674 2093 bellum
704 2028 863 2094 aduersus
892 2028 1016 2095 Gothos
1044 2029 1173 2095 Hunnis
1201 2027 1290 2094 auxi·

116 2138 280 2205 liantibus
294 2145 423 2222 gestum
446 2145 504 2204 est.
549 2139 610 2203 hac
632 2146 824 2223 tempestate
847 2138 1072 2221 (lemenebus,
1096 2138 1183 2224 apud
1205 2138 1290 2203 Afri·

116 2269 188 2315 cam
211 2249 297 2315 intra
318 2247 529 2314 habitationis
557 2268 636 2314 suae
663 2249 782 2315 limites
809 2251 943 2335 cupiens
973 2249 1164 2315 catholicam
1192 2248 1289 2315 fidem

64 2372 97 2423 re
117 2359 257 2425 Aniaoa
283 2358 448 2442 impietate
476 2360 679 2439 subuertere,
718 2358 874 2441 quosdam
908 2369 1089 2427 nostrorum
1118 2359 1289 2444 episcopos

117 2476 251 2535 eatenus
273 2476 459 2552 persecutus
482 2476 531 2534 est
553 2477 587 2533 ut
609 2489 665 2534 ecs
687 2470 832 2552 priuatos
848 2470 917 2535 iure
934 2471 1141 2536 basilicarum
1157 2490 1287 2537 suanum

115 2580 214 2647 etiarn
244 2578 428 2643 ciuitatibus
458 2578 603 2662 pelleret,
633 2598 704 2643 cum
733 2579 874 2663 ipsorum
903 2581 1086 2646 constantia
1114 2581 1212 2646 nullis
1241 2602 1292 2646 su·

114 2688 299 2774 perbissimi
320 2689 407 2770 regis
429 2689 605 2753 terroribus
627 2687 764 2754 cederet.

200 2797 312 2881 (Circa
332 2798 445 2863 eadem
468 2806 613 2882 tempera
635 2799 726 2862 inulti
741 2797 932 2862 Iudaeorum
948 2798 982 2863 in
999 2797 1095 2863 Creta
1111 2796 1287 2862 Christiani
1309 2793 1373 2858 XII

63 2928 99 2979 no
115 2917 191 2975 sunt
223 2908 298 2974 iacti
332 2915 463 2992 propter
495 2908 591 2974 huius
623 2907 708 2972 nrcdi
742 2908 940 2992 passionem.
984 2907 1114 2990 quidam
1146 2907 1286 2972 Iudaeus

114 3019 209 3085 finxit
230 3025 332 3085 semet
354 3019 458 3102 ipsum
483 3037 555 3084 esse
578 3018 712 3102 Moysen
735 3026 767 3082 et
794 3019 928 3084 caelitus
958 3018 1154 3083 destinatum
1184 3025 1218 3082 ut
1237 3018 1288 3082 Iu·

115 3128 216 3194 daces
239 3128 327 3192 illam
349 3128 490 3194 insulam
512 3127 696 3194 habitantes
719 3148 778 3213 per
799 3147 888 3193 mare
911 3127 1092 3210 deduceret,
1121 3129 1227 3213 ipsum
1251 3146 1286 3194 se

115 3256 189 3305 csse
211 3237 321 3303 diceus
345 3239 399 3321 qui
422 3239 499 3302 clim
521 3238 605 3304 filios
622 3238 724 3304 Israel
746 3259 804 3323 per
826 3239 956 3304 rubrum
980 3258 1068 3303 mare
1090 3239 1286 3304 saluauerat.

115 3348 274 3412 circuibat
295 3349 404 3431 itaque
426 3354 492 3413 tcto
514 3367 600 3413 auno
623 3368 718 3412 urnam
742 3369 902 3432 quamque
925 3349 1012 3414 illius
1035 3349 1161 3414 insulae
1177 3347 1287 3412 ciuita-

65 3476 97 3528 te
114 3466 179 3524 tem
202 3457 425 3541 suadebatque
448 3457 578 3524 Iudaeis
601 3464 635 3522 ut
656 3458 823 3524 crederent
846 3478 980 3525 monens
1003 3466 1038 3524 ut
1059 3478 1171 3524 ornnes
1194 3475 1287 3541 pecu·

113 3569 188 3635 nias
210 3575 307 3651 atque
329 3569 553 3652 possessiones
576 3569 803 3652 relinquerent,
841 3588 912 3633 cum
941 3569 1049 3653 utique
1078 3568 1207 3634 deducti
1228 3587 1288 3653 per

115 3678 234 3744 siccum
257 3697 346 3743 marc
368 3678 410 3743 ad
432 3678 692 3763 repromissionis
715 3678 836 3762 gaudia
851 3680 1068 3763 peruenirent.
1113 3679 1209 3744 atilli
1225 3678 1287 3743 hac

115 3807 174 3873 spe
196 3789 282 3873 capti
305 3808 399 3853 omne
422 3808 503 3872 opus
519 3790 682 3873 proprium
699 3789 916 3872 neglegebant
931 3795 1172 3855 contemnentes
1188 3787 1286 3854 etiam

113 3899 339 3982 possessiones
368 3919 445 3964 suas
473 3905 506 3964 ct
533 3899 730 3965 dimittentes
759 3918 816 3964 eas
845 3900 1099 3983 quibuscumque
1128 3897 1285 3982 personis.

65 4022 96 4073 sc
113 4027 249 4092 cumque
271 4009 414 4074 uenisset
435 4008 515 4089 dies,
540 4029 636 4092 quam
658 4009 888 4092 designauerat
903 4009 1051 4075 seductor
1065 4009 1120 4073 ille
1134 4007 1285 4084 Iudaeus,

113 4137 151 4183 eo
175 4117 388 4202 praecedente
417 4119 636 4202 sequebantur
664 4138 777 4185 omnes
804 4138 876 4184 cum
906 4119 1097 4202 coniugibus
1120 4125 1152 4184 ct
1174 4117 1286 4201 paruis

179 4428 360 4498 etngetruB
411 4427 616 4483 rruraudalrtDB
666 4429 852 4498 pcrtrcneDB
912 4426 1192 4498 tetrusD‚qt1ntB
1237 4426 1284 4480 ob-

110 4521 227 4575 tnurtB
271 4520 443 4591 lplacrdaB
478 4520 616 4588 ιιΙιιςειΙ)ι
663 4526 690 4574 ll
712 4521 831 4576 allatal)
888 4519 1107 4577 ruaeuerrume
1161 4520 1250 4573 humi
1258 4518 1286 4573 B

112 4619 142 4668 13
160 4615 302 4682 gensericus
319 4615 346 4668 B
418 4618 475 4667 19-
484 4618 543 4679 ³25,
562 4619 590 4669 21
612 4614 867 4684 <>D.·h1lden1q;
887 4615 981 4670 drebul
997 4615 1024 4670 B
1093 4619 1122 4668 21
1143 4612 1242 4667 imcxrt
1259 4612 1286 4666 Ι)

109 4706 299 4763 destinaturi)
368 4706 511 4762 anulini)
588 4711 620 4762 23
639 4706 784 4764 ialuauerrt
801 4706 828 4762 P
912 4712 942 4762 27
962 4707 1117 4777 puenrrel)
1194 4710 1226 4761 29
1245 4704 1284 4761 dr·

110 4799 260 4854 mittenti)
329 4803 358 4854 31
380 4799 539 4869 sequebatur
558 4798 583 4854 D

999 4903 1056 4955 21*
