3266 5082
280 298 342 362 208
800 311 893 358 urum
914 312 938 358 x

280 486 301 529 a
337 463 431 529 malis
469 462 616 528 omnibus
654 462 864 529 abstinentes.
908 462 951 528 ad
984 482 1080 547 quem
1111 463 1273 530 Traianus
1305 462 1454 530 rescribit

282 572 485 640 Christianos
516 592 574 657 pro
607 571 671 638 tide
705 573 889 640 nullatenus
922 572 1142 659 inquirendos.
1199 593 1310 640 ucmm
1344 580 1454 640 tamen

281 685 432 749 continuo
454 685 576 750 Romae
598 701 699 750 aurea
720 675 834 751 domus
856 702 878 747 a
892 685 1021 750 Nerone
1042 683 1118 752 totis
1140 684 1278 770 priuatis
1300 684 1454 770 publicis·

281 813 344 878 que
367 793 464 860 rebus
486 793 633 878 inpensis
656 791 786 858 condita
813 795 982 878 repentino
1004 793 1217 878 conflagrauit
1237 795 1387 862 incendio
1419 803 1455 862 ut

281 904 521 987 intellegeretur
544 904 645 970 missa
673 904 770 968 etiam
799 904 841 969 ab
870 905 936 970 alio
964 905 1144 990 persecutio
1174 905 1208 970 in
1230 905 1333 990 ipsius
1355 907 1490 991 potis·⁵

282 1014 363 1080 sime
385 1014 601 1080 monumentis
630 1033 651 1078 a
679 1033 742 1097 quo
770 1015 908 1098 primum
938 1021 1050 1082 exorta
1079 1022 1167 1082 esset
1194 1021 1291 1100 atque
1319 1017 1353 1082 in
1382 1018 1453 1103 ipso

282 1130 413 1188 auctore
433 1123 551 1208 puniri.

368 1236 489 1298 Terrae
512 1239 599 1298 motu
620 1239 770 1317 quattuor
784 1234 881 1301 urbes
896 1233 997 1301 Asiae
1020 1235 1195 1302 subuersae
1210 1236 1313 1302 Elaea
1326 1237 1456 1321 Myrina

282 1342 397 1431 Pitane
419 1341 518 1428 Cyme
547 1350 578 1408 et
600 1342 747 1408 Graecae
775 1343 923 1412 ciuitates
951 1344 1036 1410 duae
1059 1345 1270 1430 Opuntiorum
1299 1353 1330 1412 et
1352 1346 1456 1413 Orito·

283 1472 363 1517 rum.
396 1459 462 1520 tres
484 1452 635 1519 Galatiae
656 1452 805 1520 ciuitates
826 1454 941 1520 eodem
963 1461 1068 1521 terrae
1092 1461 1179 1521 motu
1201 1455 1337 1522 dirutae.
1371 1457 1507 1522 Pan-1⁰

282 1563 392 1628 theum
413 1565 535 1629 Romae
556 1585 578 1628 a
598 1562 784 1628 Domitiano
807 1572 1022 1631 constructum
1045 1566 1179 1632 fulmine
1206 1574 1453 1632 concrematum.

285 1678 391 1739 terrae
413 1681 520 1740 motus
541 1674 576 1738 in
598 1672 770 1737 Antiochia
792 1692 896 1757 paena
918 1681 1017 1739 totam
1040 1676 1165 1741 subruit
1186 1676 1360 1743 ciuitatem.

366 1783 561 1848 Incredibile
590 1781 708 1848 deiude
738 1790 826 1848 motu
854 1784 914 1850 sub
943 1805 1007 1850 uno
1040 1791 1183 1870 tempore
1214 1786 1327 1852 Iudaei
1361 1787 1457 1871 quasi

282 1893 374 1958 rabie
402 1893 525 1958 efferati
554 1912 613 1977 per
642 1891 791 1958 diuersas
819 1899 978 1959 terrarum
1001 1902 1110 1979 partes
1133 1905 1333 1963 exarserant.
1379 1917 1456 1962 nam

282 2021 341 2087 per
362 2009 463 2067 totam
484 2002 622 2087 Libyam
646 2001 803 2069 aduersus
825 2003 949 2070 incolas
978 2012 1167 2072 exarserunt
1194 2013 1227 2072 et
1253 2005 1504 2074 atrocissimam

284 2112 372 2176 bella
392 2118 564 2194 gesserunt
585 2132 669 2195 quae
691 2111 774 2178 adeo
796 2119 872 2177 tune
898 2113 1075 2182 interiectis
1103 2116 1278 2183 cultoribus
1308 2117 1457 2183 desolata

284 2229 334 2288 est
355 2228 390 2286 ut
410 2222 473 2288 uisi
495 2228 611 2306 postea
631 2220 817 2289 Hadrianus
840 2223 1014 2306 imperator
1041 2227 1192 2292 collectas
1221 2226 1298 2292 illuc
1326 2226 1458 2293 aliunde

284 2333 428 2398 colonias
462 2331 664 2413 deduxisset,
702 2351 806 2397 uacua
837 2335 968 2418 ponitus
1002 2342 1088 2400 terra
1122 2336 1240 2404 abraso
1274 2336 1457 2402 habitatore

284 2443 468 2510 mansisset.
513 2442 696 2527 Aegyptum
724 2463 801 2509 uero
830 2450 931 2509 totam
960 2451 992 2510 ct
1013 2444 1162 2528 Cyrenen
1191 2453 1224 2513 et
1252 2447 1455 2513 Thebaidem

284 2555 426 2620 cruentis
450 2552 662 2620 seditionibus
690 2552 910 2619 turbauerunt.
955 2555 989 2619 in
1010 2555 1209 2621 Alexandria
1236 2565 1344 2624 autem
1373 2577 1456 2622 com·
1475 2567 1507 2618 bo

285 2665 384 2730 misso
417 2663 541 2748 proelio
574 2662 650 2727 uioti
682 2672 714 2729 et
747 2663 857 2728 adtriti
890 2672 973 2730 sunt.
1017 2665 1051 2730 in
1073 2665 1308 2751 Mesopotamia
1329 2686 1457 2752 quoque

285 2773 519 2839 rebellantibus
556 2773 646 2838 iussu
678 2772 881 2857 imperatoris
914 2774 1033 2839 bollum
1067 2776 1202 2842 inlatum
1234 2784 1293 2844 est.
1347 2777 1457 2861 itaque

285 2883 387 2948 multa
408 2882 499 2947 milia
521 2901 630 2946 eorum
653 2890 748 2948 uasta
771 2881 870 2948 caede
893 2883 1000 2949 deleta
1023 2892 1106 2951 sunt.
1151 2906 1231 2953 sane
1254 2886 1455 2954 Salaminam

285 2994 396 3058 urbem
420 2992 519 3078 Cypri
540 2991 715 3058 interfectis
737 2993 886 3058 omnibus
908 2994 1027 3061 accolis
1049 2994 1249 3062 deleuerunt.

206 3108 251 3172 VI
369 3103 470 3186 Igitur
498 3099 676 3185 Traianus>
712 3108 785 3186 post
821 3102 984 3186 ingentem
1020 3103 1155 3188 gloriam
1192 3106 1269 3172 belli
1305 3105 1456 3191 domique
1475 3122 1508 3173 aa

287 3211 468 3296 quaesitam
490 3211 656 3278 ePerside
677 3210 807 3278 rediens
830 3212 918 3296 apud
932 3214 1114 3280 Seleuciam
1129 3217 1277 3283 Isauriae
1299 3216 1457 3302 profluuio

286 3320 410 3388 uentris
442 3321 602 3388 extinctus
632 3328 690 3386 est.
735 3321 815 3386 obiit
846 3329 952 3388 autem
984 3345 1070 3390 anno
1103 3326 1219 3393 aetatis
1254 3326 1458 3410 sexagesimo

287 3432 380 3498 tertio
403 3450 515 3498 mense
537 3451 601 3495 uno
624 3431 820 3514 diequarte,
846 3432 974 3518 imperii
988 3455 1074 3501 nono
1090 3434 1213 3501 decimo
1236 3455 1348 3527 menae
1365 3443 1457 3503 sexto

286 3542 340 3609 dic
373 3541 484 3626 quinto
517 3539 653 3607 decimo.
703 3540 786 3605 inter
818 3541 912 3609 diuos
939 3546 1067 3612 ⁴relatus
1102 3552 1162 3612 est.
1206 3543 1318 3630 <huius
1353 3547 1459 3613 exusti

286 3652 429 3738 corporis
451 3651 576 3718 cineres
603 3651 637 3717 in
666 3670 749 3716 urna
776 3672 876 3717 aurea
897 3654 992 3719 relati
1012 3645 1147 3721 Romam
1169 3656 1357 3740 humatique
1379 3659 1460 3721 Tra·
1478 3666 1511 3716 ao

356 3971 492 4040 8qleaD
543 3975 677 4040 bpytane
695 3970 728 4036 P,
746 3973 883 4044 pytaan
935 3989 1009 4045 cyme
1029 3973 1083 4031 ΒΡ
1132 3975 1258 4044 grecrcD
1310 3975 1461 4030 Oriciomm

287 4065 418 4122 Pithoeus
472 4069 501 4119 15
519 4063 656 4134 lybramll
707 4066 863 4120 exarserunt
880 4066 904 4121 de
921 4067 1011 4122 cml)
1066 4073 1095 4123 19
1114 4067 1257 4124 cuonenD
1308 4073 1341 4122 25
1359 4073 1462 4136 sugenti

287 4167 369 4230 rgrtur
386 4159 414 4214 B
482 4161 513 4212 tl
532 4157 598 4212 lxsu
615 4156 643 4211 B
712 4161 845 4228 281va
865 4160 893 4215 B
943 4162 1031 4216 menie
1047 4160 1120 4216 sexto
1138 4162 1183 4216 dre
1200 4178 1283 4217 xvmo
1301 4161 1344 4218 B:
1363 4162 1466 4216 mensal

289 4254 333 4308 fex
351 4259 378 4308 ot
394 4252 452 4307 dael
468 4250 618 4321 quindecim
636 4247 662 4303 Β
732 4254 858 4319 29-209,
881 4259 910 4308 10
927 4256 961 4324 <>
979 4255 1020 4310 Β.·
1044 4254 1123 4310 Solul
1144 4271 1263 4310 omnrum
1280 4261 1352 4310 rntra
1369 4255 1464 4309 urbem

289 4345 415 4414 lepulltul
430 4345 470 4398 eit
486 4345 544 4398 olla
561 4343 670 4397 conlata
692 4359 721 4396 m
744 4359 839 4400 urnam
862 4362 971 4402 auream
987 4350 991 4417 l
1006 4365 1035 4402 m
1051 4347 1111 4404 loro
1138 4348 1211 4418 quod
1234 4347 1391 4404 aedilrcaurt
1416 4348 1463 4404 iub

289 4439 414 4492 columna
429 4439 433 4506 Ι
449 4437 584 4505 lubpoirta
603 4437 663 4489 suut
675 4461 679 4470 ·
689 4439 765 4491 emus
780 4439 893 4494 altitudo
912 4440 958 4495 cxl
975 4440 1057 4511 pedet
1071 4453 1075 4512 ι
1089 4442 1189 4496 habeat
1207 4441 1235 4497 B
1282 4446 1314 4496 30
1333 4441 1430 4497 ernesti
1438 4440 1465 4497 D
