2834 5394
517 709 589 758 cnr.
612 711 872 759 axam-mm
1206 696 1267 759 579

95 859 262 946 prophetis
283 859 457 944 imperator
478 859 609 926 credere
623 881 801 947 persuasus
824 861 909 947 quod
924 862 994 927 eius
1010 869 1097 928 essct
1121 862 1265 939 uictoria,

95 972 361 1055 incircumspecte
388 990 428 1035 ac
457 970 640 1039 inordinate
673 972 793 1038 bellum
826 973 922 1038 infert
943 978 975 1037 ct
996 972 1106 1038 ualido
1128 972 1267 1037 uincitur

94 1083 199 1148 Marte
230 1082 423 1164 fugatusque
455 1080 551 1147 rediit
578 1082 613 1146 in
641 1082 753 1148 urbem
781 1082 891 1148 multis
924 1082 1055 1148 amissis
1075 1102 1141 1147 non
1163 1082 1266 1148 solum

94 1191 271 1257 communis
286 1190 398 1274 populi
413 1190 470 1256 sed
485 1191 667 1275 primatum,
691 1193 774 1258 inter
792 1212 873 1277 quos
888 1199 920 1257 et
933 1191 1095 1258 Michahel
1107 1191 1265 1274 magister

63 1313 78 1362 5
95 1299 369 1365 Lachanodracon
388 1299 552 1366 etBardas
568 1302 723 1384 patricius
738 1321 776 1367 ac
788 1301 973 1387 Stephanus
984 1300 1265 1387 protospatharius

96 1411 284 1492 extiterunt,
321 1410 454 1475 Nicetes
493 1430 621 1495 quoque
659 1430 698 1476 ac
732 1410 958 1495 Theognostus
997 1411 1074 1477 facti
1102 1417 1267 1495 praetores

94 1527 126 1584 et
147 1519 294 1585 homines
316 1519 399 1603 regii
421 1539 487 1585 non
508 1520 604 1604 pauci
633 1520 692 1586 scd
720 1527 753 1585 et
772 1521 963 1587 Pancratius
983 1496 1268 1605 pseudopropheta

96 1638 126 1694 et
155 1637 368 1710 astronomus,
392 1629 502 1710 quiet
528 1628 686 1694 uicturum
715 1631 805 1694 illum
834 1629 1028 1696 uaticinatus
1057 1636 1115 1695 cst.
1160 1628 1268 1695 ahstu-

94 1739 201 1804 lerunt
221 1744 328 1804 autem
349 1738 507 1820 Bulgares
529 1739 627 1803 etiam
643 1739 973 1824 sarcinam‘pccunias
985 1749 1086 1822 equos
1101 1745 1133 1804 et
1147 1739 1265 1804 aulaea
1347 1807 1350 1814 ,

49 1859 79 1907 ro
95 1869 160 1913 una
182 1868 253 1912 cum
274 1847 427 1913 uniuerso
449 1847 538 1930 regio
560 1855 728 1932 apparatu.

180 1956 259 2021 Cum
282 1963 390 2022 autem
411 1955 543 2023 ordines
565 1958 688 2023 collecti
706 1965 817 2024 essent
837 1958 872 2023 in
894 1957 984 2039 urhe,
1007 1956 1168 2023 consiliati
1190 1963 1265 2023 sunt
1296 1956 1305 2008 ἰ
1330 1957 1338 2007 1
1365 1958 1371 2005 ἱ
1415 1959 1417 1966 ’

95 2066 231 2134 educere
260 2065 477 2151 Nicephorum
507 2085 713 2133 excaesarem
742 2074 775 2132 et
801 2068 835 2133 in
863 2067 1089 2151 imperatorem
1113 2073 1264 2133 statuere.

95 2197 157 2261 quo
180 2182 342 2259 comperto
358 2174 589 2242 Constantinus
611 2175 699 2242 misit
720 2184 752 2241 et
774 2175 885 2242 eduxit
906 2181 1059 2260 utrosque
1082 2176 1166 2243 filios
1182 2173 1266 2241 Cou-

95 2287 228 2352 stantini
257 2286 311 2350 aui
335 2284 384 2351 sui
412 2285 454 2350 ad
483 2285 791 2352 sanctumllamam
833 2292 865 2351 et
891 2285 1108 2370 Nicephorum
1138 2284 1268 2369 quidem

48 2411 76 2459 15
93 2397 203 2479 oculis,
234 2394 500 2479 christophorum
521 2401 628 2459 autem
657 2402 753 2480 atquc
775 2395 923 2460 Nicetam
950 2395 1201 2480 Anthimumque
1229 2413 1268 2460 ac

92 2505 270 2570 Eudocium
292 2504 412 2587 linguis
435 2504 586 2588 priuauit,
610 2523 681 2569 cum
704 2504 821 2588 quibus
844 2511 877 2569 ct
897 2504 1096 2590 praedictum
1118 2505 1268 2570 Alexium

93 2615 262 2700 patricium
291 2611 468 2678 luminibus
490 2613 672 2695 exorhauit‚
702 2613 878 2680 oboediens
900 2615 1055 2680 maternis
1077 2620 1110 2680 et
1129 2612 1268 2698 praelati

94 2722 254 2789 Stauracii
285 2721 415 2805 patricii
446 2720 589 2787 suadelis
623 2722 653 2787 ei
682 2722 945 2788 adseuerantium
979 2722 1064 2806 quod
1092 2722 1155 2787 nisi
1183 2722 1269 2786 hunc

95 2851 225 2896 caecum
246 2827 405 2910 redderet,
428 2830 463 2893 in
485 2830 711 2914 imperatorem
734 2848 806 2895 eum
829 2832 933 2896 forent
948 2831 1089 2897 electuri.
1119 2831 1204 2895 lacta
1218 2834 1269 2896 est

45 2952 77 3003 20
96 2948 203 3005 autem
225 2939 338 3004 horum
360 2957 467 3020 poena
488 2939 644 3003 malorum
667 2958 779 3004 mense
800 2938 962 3023 Augusto,
986 2939 1040 3005 die
1062 2939 1200 3018 sabbati,
1222 2938 1268 3003 in·

94 3048 243 3115 dictionis
271 3047 403 3131 quintae
432 3047 593 3128 decimae,
623 3047 703 3113 hora
731 3067 826 3112 noua.
870 3067 981 3114 uerum
1003 3056 1113 3114 tamen
1141 3067 1207 3113 non
1235 3046 1270 3111 in

92 3161 223 3243 longum
253 3156 306 3222 dei
334 3156 459 3223 iustitia
486 3155 638 3222 iniustam
666 3156 750 3220 hanc
773 3156 932 3222 actionem
967 3157 1091 3225 dimisit
1122 3157 1267 3222 inultam.

92 3276 165 3353 post
193 3267 445 3352 quinquennium
474 3284 613 3347 namque
648 3267 763 3333 eodem
792 3286 903 3333 mense
939 3275 970 3332 et
998 3266 1110 3332 eadcm
1141 3265 1268 3332 sabbati

93 3378 146 3444 die
169 3376 300 3442 orbatus
323 3382 372 3442 est
393 3375 495 3441 oculis
518 3395 539 3439 a
560 3376 691 3461 propria
712 3383 815 3442 matre
838 3376 1069 3443 Constantinus
1090 3375 1186 3441 idem.

44 3501 75 3551 25
177 3487 271 3551 Anno
300 3485 425 3569 imperii
457 3483 642 3550 Contantini
671 3487 765 3551 tertio
800 3486 969 3553 audientes
997 3485 1181 3552 Armeniaci
1208 3483 1250 3550 de
1270 3483 1393 3551 XXI!

92 3596 207 3661 Alexio
236 3594 370 3678 patricio
405 3593 490 3676 quod
524 3614 640 3660 caccus
663 3595 895 3677 incutiamus,
918 3595 1083 3662 custodiae
1106 3595 1270 3680 mancipa-

94 3724 170 3770 uere
191 3710 373 3788 praetorem
395 3722 488 3768 suum
510 3702 715 3768 Theodorum
738 3704 890 3770 uidelicet
918 3704 1144 3770 Camulianum
1170 3705 1269 3789 patri·

94 3815 187 3878 cium.
233 3833 295 3897 quo
323 3818 485 3896 comperto
513 3814 687 3897 imperator
715 3814 803 3880 misit
829 3814 967 3898 primum
996 3814 1125 3899 quidem
1147 3814 1190 3879 ad
1212 3834 1269 3880 eos

93 3943 159 3988 non
182 3922 296 4002 nullos,
319 3928 393 4006 post
414 3928 560 3987 sanctum
582 3941 659 3988 uero
673 3923 802 3988 Pascha
823 3923 895 4008 ipse
918 3942 977 4008 per
999 3943 1033 3989 se
1056 3924 1157 3988 mouit
1178 3941 1267 3987 exer-

46 4047 77 4096 30
95 4034 191 4097 citum
228 4036 340 4095 contra
371 4030 501 4096 cosdem
535 4032 746 4098 Armeniacos
786 4052 852 4098 una
885 4051 955 4096 cum
984 4032 1117 4115 reliquis
1144 4032 1268 4097 cunctis

92 4141 295 4208 thematibus.
341 4148 372 4205 et
394 4140 529 4224 septimo
552 4140 712 4208 kalendas
734 4142 846 4208 Iunias
867 4141 991 4225 primae
1013 4140 1200 4208 indictionis
1214 4140 1268 4206 die
1297 4160 1299 4165 ·

93 4260 204 4320 sancto
231 4252 438 4316 Pentecostcs
467 4270 538 4315 curn
567 4249 711 4335 proditos
741 4271 797 4318 eos
818 4251 1043 4316 Armeniorum
1072 4250 1185 4317 fraude
1213 4249 1268 4335 qui

162 4540 177 4588 l
195 4534 328 4588 michahel
345 4519 472 4602 magrltrd
489 4532 714 4600 lachonoldracon
727 4538 769 4587 ὀι
785 4533 871 4588 barda
890 4533 1079 4602 lpatncrul·1)
1143 4537 1157 4586 5
1175 4539 1267 4601 proto·

96 4628 226 4696 spatarius
241 4626 267 4680 l)
325 4624 554 4696 lpancracrulll
623 4624 817 4693 9uulgcrelI)
861 4626 940 4680 aulea
957 4625 984 4680 D
1047 4631 1078 4680 12
1096 4623 1268 4694 mcephorrI)

98 4727 126 4774 15
155 4697 263 4782 x'poforr
291 4719 317 4773 1>
384 4724 472 4773 nrccte
490 4717 940 4787 authrmrq·atqaceudocunrd)
1047 4723 1074 4771 ll
1094 4718 1220 4773 chedrenl
1234 4716 1262 4774 D

97 4818 126 4867 la
145 4791 360 4867 aseueranuirl)
429 4816 461 4865 20
480 4810 594 4880 pqnall
664 4813 696 4863 24
716 4808 869 4865 enema
938 4815 967 4865 31
988 4811 1126 4867 klrunI)

1012 4915 1061 4966 37*
