2834 5394
652 48 660 65 Ι
733 43 738 50 r

10 39 1028 327 u

570 694 643 742 cur.
666 694 798 742 xri-xv
1216 683 1279 746 ³55

105 844 240 912 miserat
261 843 348 910 enim
369 845 534 911 vitaliano
557 865 684 913 sacram
712 866 775 930 quo
797 846 1030 914 transmitteret
1051 867 1123 913 eam
1145 851 1281 914 Romam

106 962 142 1020 ut
160 974 249 1040 papa
271 955 528 1040 proficisceretur
555 956 598 1022 ad
620 956 847 1022 celebrandam
870 956 958 1044 apud
979 957 1163 1024 Heracliam
1186 978 1280 1043 syme

105 1065 192 1130 dum.
237 1065 342 1131 omnis
364 1073 472 1132 autem
494 1068 633 1151 populus
656 1075 753 1151 atque
776 1075 909 1134 senatus
930 1068 965 1132 in
980 1069 1168 1153 praesentIa
1181 1068 1280 1135 male·

106 1173 235 1240 dicebat
247 1176 424 1242 Anastasio
445 1183 612 1260 tamquam
632 1177 771 1262 periuro.
815 1197 911 1262 porro
927 1177 1111 1246 Vitalianus
1132 1177 1280 1261 indigna

74 1292 159 1352 otus
179 1284 338 1353 aduersus
361 1286 570 1353 Anastasium
592 1287 633 1351 ob
655 1287 831 1372 periurium
854 1288 956 1353 multa
976 1289 1063 1354 mala
1084 1287 1280 1354 exercitibus

105 1395 273 1462 Anastasii
304 1402 337 1460 et
363 1397 508 1481 reliquae
534 1398 582 1462 rei
610 1397 759 1481 publicae
787 1397 1023 1466 demonstrauit
1050 1398 1201 1465 occidens
1229 1416 1279 1463 ra

103 1505 199 1589 piens
221 1506 321 1572 armis
343 1525 465 1573 exuens
487 1515 519 1571 et
539 1514 702 1592 postremo
724 1507 767 1572 ad
790 1508 927 1577 iniurias
955 1509 1026 1576 eius
1048 1528 1148 1574 unum
1171 1527 1279 1593 quem·

104 1634 166 1699 que
189 1615 327 1680 militum
348 1636 412 1681 uno
435 1636 530 1683 aereo
552 1637 681 1682 nummo
704 1616 858 1684 uendens.

188 1727 317 1792 Interea
344 1727 464 1808 Hunni,
497 1729 552 1811 qui
581 1726 729 1792 dicuntur
759 1728 871 1808 Sabor,
905 1734 1111 1794 banseuntcs
1134 1726 1273 1814 Caspiae
1294 1724 1397 1793 XIIII

31 1846 87 1895 'ro
104 1843 216 1919 portas
238 1835 423 1901 Armeniam
448 1845 480 1903 et
502 1836 743 1922 Cappadociam
766 1837 931 1903 Galatiam
960 1846 992 1904 ct
1013 1839 1149 1903 Pontum
1181 1836 1277 1922 depo

103 1946 205 2030 pulati
229 1955 303 2013 sunt
325 1948 371 2011 ita
393 1955 427 2012 ut
446 1948 638 2013 Euclraitam
660 1966 787 2031 quoquc
802 1966 906 2032 paene
920 1947 1145 2033 peruaderent.
1191 1946 1276 2014 unde

103 2063 136 2121 et
163 2057 290 2139 lugiens
319 2057 528 2124 Macedonius
557 2059 729 2142 opiscopus
770 2057 1002 2143 propemodum
1038 2057 1277 2143 periclitaturus

104 2166 249 2233 saluatus
272 2176 321 2233 est
348 2166 435 2252 apud
458 2168 619 2250 Gangras.
664 2188 726 2249 quo
756 2176 919 2254 comperto
941 2168 1135 2234 Anastasius
1164 2186 1276 2233 amare

103 2277 170 2341 illic
192 2296 264 2341 eum
287 2278 442 2344 custodiri
464 2279 640 2363 praecepit,
662 2278 794 2346 mittens
818 2286 852 2343 ut
873 2279 965 2345 aiunt
987 2279 1042 2362 qui
1065 2297 1138 2343 eum
1153 2275 1276 2344 occide·

48 2374 85 2452 '¹5
103 2394 182 2452 rent.
225 2386 393 2453 defunctus
423 2400 531 2454 nutem
559 2388 647 2473 apud
669 2389 820 2473 Gangras
848 2390 974 2473 positus
1003 2396 1054 2455 est
1082 2389 1116 2453 in
1137 2386 1277 2455 ecclesia

102 2497 204 2563 sancti
227 2499 378 2582 martyris
401 2497 551 2562 Callinici
580 2499 671 2564 iuxta
699 2499 853 2583 reliquias
883 2500 953 2566 eius
975 2500 1093 2566 multas
1117 2498 1276 2566 sanitates

101 2607 254 2673 efficiens.
300 2609 354 2691 qui
377 2627 447 2672 cum
471 2609 631 2674 exanimis
653 2608 781 2690 iaceret,
805 2630 904 2674 nranu
927 2610 1026 2674 lertrm
1048 2628 1084 2676 se
1107 2609 1274 2692 signaculo

102 2717 206 2782 crucis
228 2717 386 2800 signasse.
431 2717 621 2784 Theodorus
654 2725 762 2784 autern
796 2719 927 2802 quidam
959 2738 1000 2784 ex
1032 2718 1085 2784 bis
1117 2719 1173 2801 qui
1200 2736 1273 2783 cum

101 2834 263 2906 socrant,
288 2827 370 2892 uidit
392 2848 465 2894 eum
488 2829 522 2893 in
545 2829 667 2894 somnis
691 2829 753 2894 sibi
776 2828 935 2893 dicentem
960 2826 1083 2912 ‘excipe
1105 2834 1137 2892 et
1159 2826 1274 2893 abiens

52 2954 84 3007 20
99 2937 171 3020 lege
194 2936 369 3003 Anastasio
398 2945 430 3003 ct
458 2938 511 3003 dic
541 2938 609 3021 ‘ego
632 2938 761 3022 quidem
786 2938 869 3002 uado
892 2937 934 3002 ad
957 2944 1176 3021 patresuneos
1199 2957 1275 3021 quo

100 3067 170 3111 rum
192 3046 290 3112 fidem
314 3049 452 3131 seruam,
482 3068 547 3112 non
575 3048 710 3114 cessabo
734 3055 839 3112 autem
864 3048 1046 3113 increscens
1068 3046 1200 3113 domino
1222 3067 1274 3115 us·

100 3175 162 3239 que
191 3175 254 3237 quo
284 3158 397 3224 uenias
426 3165 458 3223 et
485 3157 638 3222 iudicium
668 3157 906 3241 ingrediamur!
957 3156 1070 3223 eodem
1093 3177 1179 3223 anno
1200 3156 1274 3223 Ale-

99 3265 257 3332 xandriae
283 3268 375 3332 multi
398 3269 458 3332 uiri
482 3276 514 3332 et
536 3269 687 3335 mulieres
716 3288 754 3334 ac
777 3268 870 3353 pueri
892 3269 1043 3334 atrociter
1065 3288 1086 3333 a
1107 3266 1273 3332 daemoni·

98 3375 159 3442 bus
182 3377 308 3443 obsessi
331 3386 462 3462 repente
485 3379 655 3444 latrabant.
700 3380 734 3444 in
757 3380 879 3445 somnis
901 3386 1009 3444 autem
1037 3376 1170 3462 quidam
1192 3375 1274 3442 uidit

49 3486 261 3569 loquendam
284 3487 444 3554 dicentem
467 3490 544 3572 (luia
565 3497 697 3574 propter
718 3489 1008 3555 anathematismos
1037 3487 1154 3573 synodi
1177 3485 1273 3553 Chal-

98 3595 290 3663 cedonensis
312 3598 481 3696 patiuntur
500 3599 564 3665 isti.

182 3706 343 3773 Vicesimo
366 3708 485 3775 deinde
512 3715 545 3774 ct
573 3709 709 3794 septimo
738 3710 865 3794 imperii
888 3707 1054 3774 Anastasii
1076 3727 1162 3773 anno
1183 3707 1265 3773 uidit
1286 3706 1349 3772 XV

96 3816 181 3882 idem
215 3818 390 3902 imperator
417 3819 451 3883 in
481 3818 554 3885 uisu
583 3819 686 3883 uirum
714 3820 887 3884 terribilem
917 3823 1099 3903 portantem
1128 3816 1271 3883 codicem

97 3929 152 4010 qui
188 3926 274 3992 bunc
312 3928 480 4013 aperiens,
514 3929 686 3995 inuenicns
718 3947 835 3994 nomen
875 3927 1079 4013 imperatoris
1120 3925 1198 3991 dicit
1240 3925 1271 3991 ei

48 4057 80 4108 ao
97 4035 181 4103 ‘ecce
210 4044 342 4123 propter
369 4040 488 4105 malam
511 4038 608 4104 fidem
631 4046 719 4103 tuam
742 4037 834 4103 delco
856 4034 1118 4120 quattuordecim’
1148 4041 1181 4100 et
1215 4032 1271 4101 de

96 4147 176 4211 lcuit
198 4166 263 4213 eos.
309 4150 554 4233 expergefactus
581 4156 690 4214 autem
720 4154 753 4213 et
781 4147 939 4212 aduocato
960 4144 1157 4211 Adamantio
1180 4162 1272 4229 prae·

95 4256 201 4341 posito
224 4257 306 4323 dixit
328 4261 358 4324 ei
381 4259 548 4325 uisionem.
596 4262 638 4325 ‘et
659 4259 727 4341 ego’
749 4257 795 4322 ait
817 4257 872 4324 illo
896 4256 974 4322 ‘uidi
995 4257 1076 4321 haec
1099 4257 1164 4323 ista
1178 4261 1272 4321 nocte

96 4367 172 4450 quia
194 4367 360 4435 assistenti
393 4367 473 4432 mihi
506 4368 642 4452 imperio
674 4376 728 4432 tuo
761 4387 877 4451 porcus
907 4387 1044 4452 magnus
1073 4367 1211 4432 ueniens
1239 4370 1272 4429 et

95 4572 400 4583 ———-.-

162 4727 296 4784 sdicitur
313 4729 354 4784 θ’
442 4733 474 4783 14
492 4728 673 4785 occideretD
765 4731 796 4782 18
814 4736 868 4798 quo
886 4735 920 4784 cu
937 4727 964 4782 Ι)
1072 4728 1106 4781 22
1122 4726 1214 4783 semet
1228 4724 1270 4783 θ’

96 4821 242 4876 rumano
311 4802 541 4878 28u1biurru⁹rD
609 4826 642 4878 ³2
660 4821 760 4878 urdene
778 4837 829 4877 cart.
847 4820 887 4877 θ’

1017 4924 1073 4977 23*
