2834 5394
159 263 221 325 566
646 277 739 324 mam
760 278 831 324 xxv

159 428 286 515 probati
310 428 456 495 monachi
480 436 554 495 suut
583 429 714 495 ostensi.
759 435 811 495 ast
831 429 941 493 Aaron
970 430 1143 514 ingressus
1178 431 1219 496 in
1244 431 1365 498 Arme

157 540 321 604 niacorum
355 539 466 605 thema
498 538 625 605 obsedit
648 539 818 605 Semaluos
850 540 1018 604 castellum
1052 541 1190 607 aestate
1226 549 1301 607 tota
1333 553 1365 608 et

159 649 362 735 Septembrio
394 669 504 716 mense
534 650 620 734 cepit
647 648 728 715 illud
749 649 782 713 iu
806 649 914 714 uerbo.
960 649 1095 716 miserat
1118 660 1243 717 autem
1267 652 1364 718 Ithu—

159 781 288 825 maman
317 761 350 825 in
373 760 484 826 Asiam
515 779 585 823 curn
616 760 851 846 quinquaginta
878 758 1008 826 milibus
1032 767 1064 825 et
1087 781 1282 831 occurrens
1306 764 1364 828 hli-

159 870 251 936 chael
273 869 526 935 Lachanodraeo
549 889 643 935 eursu
666 869 790 934 modico
813 889 871 935 suo
895 869 1071 935 debellauit
1095 891 1176 937 eum
1203 881 1242 939 et
1267 874 1392 958 iuguo

158 982 238 1047 lauit
268 982 398 1045 fratrem
427 980 637 1045 Ithnmamae.
683 980 796 1045 eodem
825 1000 952 1067 quoque
982 1000 1095 1047 meuse
1127 992 1286 1066 quartae
1316 985 1364 1049 iu·

159 1089 309 1156 dictionis
332 1094 475 1154 mortuus
499 1095 547 1156 est
562 1089 628 1155 Leo
652 1090 737 1156 lilius
754 1088 957 1156 Constantini
980 1090 1041 1155 hoe
1064 1091 1177 1157 modo.
1207 1113 1291 1158 cum
1315 1095 1362 1159 in·

159 1199 281 1267 saniret
303 1200 389 1264 eirca
410 1199 547 1285 lapides,
585 1199 681 1266 nimis
710 1199 876 1265 adamauit
898 1220 1049 1265 coronam
1072 1222 1229 1286 magnae
1255 1206 1362 1271 eccle

161 1311 231 1376 siae
267 1316 297 1375 et
336 1309 500 1395 accipiens
533 1310 674 1395 portauit
708 1329 790 1374 eam.
835 1317 867 1375 et
899 1312 1046 1376 exierunt
1079 1311 1292 1380 carbunculi
1326 1316 1360 1380 in

159 1420 265 1506 capite
288 1421 356 1487 eius
380 1428 411 1486 ct
433 1426 546 1503 captus
569 1441 589 1485 a
611 1419 724 1484 ualida
745 1420 833 1484 febre
855 1428 997 1487 mortuns
1020 1426 1078 1503 est,
1109 1440 1187 1486 cum
1216 1444 1361 1510 regnas·
1379 1436 1404 1485 to

159 1538 210 1599 set
231 1531 326 1597 annis
349 1530 499 1615 quinque,
523 1529 637 1596 diebus
661 1550 719 1596 sex
742 1530 895 1614 exeeptis.

60 1643 139 1711 VIIl
246 1642 340 1707 Anno
356 1640 397 1704 ab
414 1640 637 1706 incarnatione
652 1639 774 1705 domini
791 1639 1078 1725 septingentesimo
1094 1644 1362 1728 septuagesimo

159 1759 272 1837 quarto
287 1752 417 1817 Emere
439 1749 587 1835 piissima
610 1771 675 1815 una
693 1769 764 1813 eum
780 1750 920 1815 filiosuo
937 1749 1182 1817 Cousndrurmo
1199 1753 1361 1835 gloriose

158 1862 328 1946 imperium
359 1860 515 1925 diuinitus
545 1859 662 1945 accipit
690 1867 783 1925 sexto
811 1858 885 1927 idus
914 1860 1114 1945 Septembris
1147 1860 1357 1932 indictionis

158 1978 302 2056 quartae,
340 1970 492 2054 quatinus
521 1968 678 2033 mirabilis
707 1968 951 2054 praedicaretur
978 1970 1058 2036 deus
1088 1971 1189 2036 etiam
1225 1974 1266 2040 in
1292 1976 1357 2041 hoc
1376 1993 1402 2041 rs

158 2100 217 2166 per
238 2078 370 2144 uiduam
394 2078 545 2145 feminam
568 2085 600 2143 et
621 2097 754 2164 puerum
778 2079 959 2163 orphanum
982 2079 1190 2164 depositurus
1216 2085 1356 2152 inmen-

158 2209 226 2259 sam
255 2196 368 2255 contra
395 2210 431 2256 se
459 2188 661 2273 famulosque
683 2208 759 2253 suos
781 2189 979 2274 impietatem
1008 2196 1040 2256 et
1068 2189 1235 2260 aduersus
1273 2215 1355 2261 cun·

158 2307 227 2368 ctas
249 2299 405 2367 ecclesias
427 2304 546 2364 motam
568 2297 803 2385 impugnatoris
826 2299 879 2365 dci
902 2299 1107 2366 Constantini
1128 2304 1354 2384 tyrannidem

158 2420 193 2479 ut
220 2412 296 2478 olim
325 2410 447 2476 diaboli
478 2410 674 2496 piscatomm
705 2414 736 2474 et
758 2409 994 2475 illitteratorum
1018 2410 1217 2477 infirmitate.
1271 2423 1352 2502 post

158 2522 374 2609 quadraginta
401 2541 478 2588 uero
501 2519 572 2586 dies
595 2519 722 2606 imperii
745 2519 796 2586 sui
818 2539 890 2583 cum
914 2519 999 2586 filius
1022 2520 1090 2585 eius
1113 2519 1229 2587 decem
1257 2534 1352 2593 esset
1368 2538 1401 2589 ro

159 2652 325 2714 annorum,
364 2630 533 2697 consilium
576 2631 731 2696 facientes
768 2628 898 2716 quidam
942 2639 1125 2695 senatorum
1162 2633 1350 2703 uoluerunt

159 2740 294 2807 educere
323 2740 541 2826 Nicephorum
570 2759 777 2806 excaesarem
808 2745 840 2806 et
862 2740 895 2804 in
925 2739 1151 2824 imperatorem
1182 2749 1346 2812 statuere.

158 2872 229 2918 rrum
253 2857 359 2918 norom
383 2850 424 2916 orl
454 2850 600 2916 notitiam
630 2870 729 2916 causa
758 2850 911 2930 uenisset,
950 2849 1028 2914 tenti
1059 2858 1133 2915 sunt
1156 2848 1347 2935 Gregorius

158 2960 322 3047 logotheta
345 2962 456 3026 llmmi
479 2967 511 3027 ot
532 2960 659 3026 Bardas
682 2958 803 3024 dudum
824 2965 955 3045 praetor
969 2960 1233 3025 Armeniacorum
1253 2962 1342 3030 Con·

159 3070 383 3155 simillimosque
407 3070 519 3135 tricarii
542 3068 735 3155 Spatharius
758 3074 791 3133 et
812 3067 1007 3136 domesticus
1032 3070 1266 3155 excubitorum,
1309 3081 1342 3141 et
1359 3097 1392 3148 25

158 3176 421 3265 'l'lreoplqloctus
458 3178 615 3262 ltangabe
650 3177 852 3261 Drougarius
890 3177 1099 3246 duodecimae
1135 3181 1266 3246 insulae
1307 3192 1343 3251 et

160 3286 248 3357 umltl
271 3287 326 3354 alii
351 3308 431 3371 quos
454 3306 567 3353 craesos
589 3292 753 3354 attonsos
775 3287 809 3352 in
831 3286 971 3354 diuersis
994 3289 1072 3356 locis
1095 3290 1192 3356 exilio
1207 3291 1344 3378 relega-

159 3398 212 3467 uit.
264 3418 358 3485 porro
388 3396 447 3462 uiri
478 3396 527 3464 stri
556 3396 671 3464 iratres
701 3396 860 3465 Caesares
889 3417 928 3462 oc
965 3399 1184 3466 nobilissimos
1221 3407 1342 3473 tonsos

160 3506 337 3575 sirucrrlotio
360 3506 449 3590 fungi
472 3513 503 3572 et
524 3508 644 3593 populo
666 3507 921 3573 communionem
944 3508 978 3573 in
1007 3510 1182 3575 sestiuitate
1211 3509 1343 3580 Christi

160 3616 339 3687 natiuitatis
362 3616 527 3702 porrigere
550 3618 633 3702 fecit,
671 3618 705 3684 in
728 3637 793 3703 qua
813 3617 993 3703 procedens
1015 3619 1221 3704 imperatorio
1245 3642 1342 3692 more
1359 3640 1392 3692 eo

160 3726 286 3817 poliliuo
309 3745 379 3789 rum
403 3746 503 3810 poem
525 3728 633 3794 retulit
657 3728 814 3795 ecclesiae
836 3734 972 3793 stemma
994 3728 1080 3812 quod
1103 3730 1208 3797 fuerat
1230 3748 1341 3800 ama·

159 3838 220 3907 rito
243 3835 404 3903 sublatum
426 3836 641 3921 pulcherrime
673 3836 883 3905 fabrefactum
921 3845 953 3904 et
983 3839 1134 3922 pretiosis
1166 3838 1340 3924 lapidibus

226 4105 439 4179 ithuruamill
541 4120 716 4177 tnrchahel
743 4120 843 4176 mecon
871 4121 950 4176 eursu
976 4120 1003 4175 D
1105 4123 1290 4179 etheumane
1310 4127 1340 4182 D

158 4214 228 4273 strab
250 4212 272 4269 o
360 4217 389 4267 ll
407 4228 490 4285 super
509 4213 698 4285 septuagesimo
717 4217 814 4282 quarto
832 4211 896 4268 edd.
913 4213 1050 4268 nxxxrd
1135 4220 1163 4270 13
1182 4216 1289 4271 herrene
1307 4219 1338 4274 D

161 4303 280 4365 rrrob
351 4305 576 4363 inconfuso
647 4291 832 4361 mortania
902 4305 1090 4362 rnreomh
1161 4312 1337 4374 lantpero

159 4408 191 4456 ari
211 4397 448 4471 rlrmpuoaeruto
516 4404 546 4453 ³1
567 4387 602 4454 cl
620 4385 697 4453 cio
748 4395 850 4453 seul)
