2834 5394
74 268 77 273 -
158 235 222 298 532
640 246 732 294 amar
755 244 858 292 xx1111

157 406 441 467 transmcauarant
453 399 571 482 quique
586 406 756 464 tenuerant
772 417 874 482 usque
889 416 974 463 nuuc
988 394 1132 463 eandem
1148 394 1355 479 Hispaniam

157 518 192 577 et
213 518 467 596 properauerant
489 509 642 594 proeliari
662 508 766 574 nihilo
781 508 888 574 minus
909 514 1021 573 contra
1034 506 1199 571 Francos.
1233 505 1355 587 quibus

157 627 291 687 econtra
313 621 398 687 idern
421 640 493 685 cum
508 618 712 685 multitudiue
728 618 864 703 Pipinus
886 619 1044 684 resistens
1065 615 1194 682 occidit
1217 615 1353 701 quidem

160 732 339 819 principem
361 730 459 796 ctiam
481 748 601 795 eorum.
645 729 918 794 Habderachman
939 728 1027 794 filius
1049 726 1240 793 Muhauiac
1261 728 1351 812 prin·

159 843 301 928 cipatum
324 841 420 908 huius
442 840 575 906 tenebat
594 840 718 922 gentis,
742 839 902 904 interfecit
922 846 1031 904 autem
1053 839 1151 904 simul
1185 845 1222 904 et
1245 838 1379 903 multi-⁵

159 952 305 1018 tudinem
340 950 427 1015 baud
463 951 558 1015 facile
593 949 826 1015 numerabilem
868 950 959 1014 iuxta
988 948 1161 1014 Rodanum
1200 949 1349 1014 fluuirun.

160 1069 195 1129 ct
216 1061 424 1126 admirationi
447 1060 584 1127 habetur
612 1067 644 1126 et
672 1068 798 1125 amatur
826 1080 847 1125 a
873 1067 970 1143 gente
991 1080 1057 1124 nou
1079 1061 1189 1125 solum
1214 1070 1350 1144 propter

161 1170 221 1236 hoc
243 1169 301 1237 sed
323 1179 355 1236 et
376 1178 507 1255 propter
528 1172 595 1236 alia
615 1170 792 1254 praecipua
812 1178 907 1254 gesta
920 1177 953 1234 et
968 1170 1153 1255 praetio-itur
1168 1170 1266 1253 genti
1283 1189 1347 1235 non

161 1281 347 1365 ignobihter
373 1282 496 1366 primus
525 1282 672 1347 soluente
700 1281 824 1346 scilicet
851 1298 922 1344 eum
951 1301 972 1344 a
1001 1280 1143 1365 periurio
1171 1281 1211 1344 in
1234 1299 1346 1363 regem

160 1391 333 1458 commisso
367 1392 481 1458 eodem
514 1391 680 1476 Stephano
713 1391 768 1474 qui
801 1397 833 1455 et
863 1389 1001 1455 totondit
1032 1389 1244 1456 decessorem
1274 1391 1345 1456 eius
1362 1395 1385 1444 1⁰

161 1521 271 1586 regem
300 1509 333 1567 et
360 1503 393 1567 in
423 1501 616 1567 monasterio
645 1520 716 1565 curu
745 1500 868 1566 honore
890 1509 922 1567 et
943 1500 1054 1584 requie
1076 1500 1344 1584 circumscripsit.

162 1611 215 1679 hie
236 1612 373 1698 Pipinus
396 1611 477 1678 duos
499 1612 584 1678 filios
613 1609 727 1675 habuit
748 1610 902 1675 Kar-olum
931 1617 963 1674 et
990 1611 1252 1676 Karlomaunum
1282 1612 1345 1675 fra·

161 1730 243 1788 trem
267 1723 347 1789 cius.

113 1830 145 1894 X
251 1833 345 1897 Anno
368 1831 495 1916 imperii
518 1829 722 1897 Constantini
745 1831 838 1896 tertio
860 1831 1011 1915 apparuit
1033 1831 1160 1914 signum
1182 1830 1229 1896 ad
1243 1830 1345 1915 Aqui-

161 1942 270 2006 lonem
301 1947 334 2006 ct
361 1941 443 2006 cinis
472 1940 639 2006 descendit
667 1960 725 2025 per
753 1941 824 2005 loca
846 1940 1013 2025 factusque
1035 1948 1085 2006 est
1106 1948 1214 2007 terrae
1238 1950 1344 2008 motus
1361 1947 1384 1996 ¹⁵

163 2069 301 2133 magnus
322 2049 357 2114 in
372 2048 502 2134 Caspiis
516 2050 628 2132 portis.
658 2051 783 2117 occisus
804 2052 904 2116 etiam
925 2060 973 2117 est
988 2050 1083 2116 Gizid
1108 2051 1149 2116 ab
1166 2051 1342 2132 Arabibus,

162 2159 220 2244 qui
241 2159 381 2244 praefuit
402 2179 487 2225 anuo
516 2180 580 2224 uno
610 2167 760 2244 tenetque
783 2161 998 2246 principatum
1020 2161 1115 2226 Hizid
1139 2161 1269 2245 Lipsos.
1315 2164 1342 2227 ir

163 2270 311 2356 pecuniis
334 2269 441 2337 multis
464 2271 605 2354 erogatis
628 2271 767 2355 optinuit
786 2272 984 2337 Damascum
1006 2278 1038 2337 ct
1060 2271 1192 2337 dextras
1215 2273 1343 2357 accepit

165 2388 201 2447 ut
228 2381 472 2465 principaretur.
516 2402 611 2465 porro
641 2380 872 2447 Constantinus
894 2381 1096 2465 Septembrio
1123 2400 1237 2448 mense
1267 2381 1344 2447 duo·

164 2490 311 2557 decimae
333 2490 518 2558 indictionis
541 2490 742 2557 descendeus
764 2490 807 2556 ad
830 2498 938 2576 partos
954 2490 1168 2557 Chalcedonis
1184 2493 1345 2557 remeauit
1358 2499 1386 2549 2⁰

166 2601 209 2665 ad
232 2601 398 2667 Thraecas
420 2609 529 2686 partes
558 2621 629 2666 curn
651 2601 814 2667 Sisinnius
842 2608 971 2684 praetor
993 2602 1242 2667 Thracesioraur
1267 2614 1344 2668 ante

165 2731 225 2794 per
253 2709 402 2794 Abydum
432 2719 608 2777 remeasset
638 2718 863 2793 terrenumque
893 2711 981 2776 urbis
1010 2731 1134 2775 murum
1165 2711 1344 2779 obsideret.

165 2827 201 2884 at
222 2839 298 2884 uero
322 2821 455 2887 ueniens
484 2821 659 2904 imperator
685 2820 728 2886 ad
751 2819 879 2886 Charsii
908 2828 1033 2904 portam
1066 2821 1216 2886 discurrit
1239 2843 1346 2907 usque

167 2929 211 2996 ad
232 2930 373 2996 Auream
395 2938 520 3015 portam
544 2941 646 2998 scurct
667 2931 772 3015 ipsum
795 2931 898 2996 turbis
914 2939 1080 2996 ostentans
1104 2932 1274 2996 etiterum
1298 2954 1346 2998 rc·

168 3059 281 3105 uersus
314 3048 345 3104 ct
376 3047 483 3105 castra
515 3049 652 3106 metatus
686 3047 734 3106 cst
767 3040 853 3124 apud
876 3049 1023 3106 sanctum
1052 3042 1201 3105 hiumam.
1253 3043 1346 3110 ciues
1364 3055 1393 3102 aa

167 3157 275 3213 autem
298 3150 465 3231 angustari
488 3158 661 3233 coeperunt
683 3150 821 3217 annonis
850 3150 1082 3216 deficientibus.
1128 3152 1280 3234 quocirca
1303 3155 1346 3218 ab

167 3257 352 3323 Artauasdo
375 3259 474 3324 misso
496 3259 675 3326 Athanasio
708 3282 729 3325 a
751 3262 884 3326 secretis
908 3267 938 3325 et
960 3260 1143 3326 Artauasdo
1166 3260 1346 3328 domestico

168 3387 227 3435 suo
249 3366 292 3433 ad
314 3367 507 3435 deterendos
530 3377 675 3454 sumptus
699 3371 731 3434 in
760 3369 890 3454 scaphis
913 3370 1037 3436 inuenit
1065 3371 1124 3436 hos
1154 3373 1269 3437 classis
1295 3373 1348 3438 Ci-

237 3722 495 3792 2probauerantl)
547 3727 606 3776 bet
627 3725 656 3775 12
674 3723 800 3791 prppruus
807 3721 834 3776 1)
890 3727 1017 3776 tearum
1034 3721 1130 3776 omi)
1181 3721 1345 3775 habdrrrah·

168 3831 244 3870 meu·
255 3803 314 3870 hub
332 3817 456 3870 mahame
473 3832 519 3884 qur
536 3815 563 3869 I!
585 3824 611 3869 et
637 3815 737 3870 sirrrr'b'a
756 3814 794 3879 Ι),
819 3815 974 3869 emendarat
990 3832 1028 3870 ex
1045 3816 1190 3870 Anastasio
1211 3814 1346 3870 Gruterus

168 3908 354 3963 adnuitnre
372 3909 470 3977 haul)
591 3908 854 3961 iammrratrouel)
956 3909 1122 3962 biolueutei
1139 3908 1172 3962 D*
1266 3921 1344 3975 peru-

168 4000 254 4054 nob
342 4007 369 4054 lt
392 4003 492 4070 ienpht
510 4001 536 4055 b
631 4006 660 4054 td
678 4001 789 4069 magnus
806 4002 833 4054 r'u
848 4003 905 4069 liae
923 4018 994 4055 uera.
1013 4019 1064 4055 orn.
1085 4001 1111 4055 1>
1217 4005 1245 4053 tt
1266 3999 1344 4055 [haid

169 4095 267 4161 Lipsos
290 4095 313 4146 is
338 4094 548 4164 Bonpursr'aaus
570 4099 596 4146 et
616 4094 792 4148 Anastasius:
814 4082 887 4148 hisce
910 4093 982 4149 fdrui
1006 4093 1187 4148 habdrlmehc·
1209 4094 1235 4147 Is
1262 4096 1289 4148 l)
1319 4096 1345 4153 >t

168 4188 269 4241 ar'rm'lia
297 4186 411 4251 Ptsed
435 4186 461 4241 P
485 4206 502 4240 a
528 4205 610 4241 rrrarru
627 4186 764 4252 sacranda)
878 4192 908 4241 18
928 4187 1080 4256 erggatrtlb
1202 4191 1232 4241 21
1254 4190 1383 4253 bieru-¹

170 4280 229 4332 urus
245 4278 272 4332 l)
357 4284 388 4332 22
406 4298 425 4349 p
442 4270 568 4335 aaudiat)
670 4283 703 4334 20
721 4279 894 4349 reparanti)
975 4284 1006 4333 2ῑ
1026 4280 1060 4334 ab
1079 4281 1229 4336 Artauasdo
1248 4299 1299 4335 om.
1319 4285 1346 4337 D

169 4374 203 4422 28
221 4385 249 4422 ru
266 4371 387 4439 *scaphis
403 4373 503 4442 (fru‘tno
521 4374 602 4434 ubl)
654 4360 850 4443 crbyureteuhh
865 4372 892 4427 I)
