2834 5394
176 212 237 274 464
492 223 586 270 uranu
607 224 655 271 xx
677 223 750 272 cnr.
777 224 869 270 cxxi.
914 223 1007 270 nram
1029 221 1090 268 xxi

46 376 157 443 LXXI
265 377 358 441 Anno
381 376 508 462 imperii
529 375 731 442 Horaclonae
753 376 857 461 primo
879 373 967 459 capit
988 371 1138 438 Mauhias
1153 371 1355 443 Caesaream

175 487 382 554 Palaestinae
409 493 483 572 post
511 487 715 571 septennium
743 485 925 552 obsidionis
954 483 1024 549 eius
1053 490 1086 549 ct
1112 481 1232 547 occidit
1255 483 1292 546 iu
1314 500 1357 548 es

175 605 299 682 septem
322 598 412 662 milia
432 598 659 662 Romanorum.
704 595 817 661 eodem
845 616 931 660 anno
961 600 1094 661 senatus
1123 593 1270 677 reppulit
1292 591 1355 658 He·

175 711 339 774 racionam
368 728 433 772 una
461 727 532 772 cum
555 706 696 771 Martina
723 713 825 772 matre
856 706 943 771 illius
971 725 1009 769 ae
1032 704 1206 769 Valentino
1238 702 1356 786 lingua

174 819 333 884 Martinae
356 824 388 883 ot
409 836 491 883 naso
513 817 714 883 Heraclonac
735 816 882 882 abscisso
904 817 1017 899 eisque
1038 815 1073 879 in
1097 814 1230 880 exilium
1254 813 1385 879 desti-s

174 929 261 995 natis
290 927 333 992 ad
356 927 571 1012 principatum
594 926 804 994 Constantem
826 926 928 991 tilium
952 923 1166 1006 Constantini,
1197 929 1353 1008 nepotem

177 1039 320 1103 Heraclii
344 1037 525 1122 prouehnnt
547 1038 602 1122 qui
624 1037 797 1122 imperauit
818 1036 914 1102 annis
937 1036 1052 1119 uiginti
1075 1044 1107 1101 et
1128 1041 1265 1118 septem.

427 1352 574 1417 LIBER
605 1349 882 1418 VICESIMVS
916 1349 1102 1416 PRIMVS

139 1549 155 1614 I
261 1556 355 1621 Anno
371 1556 412 1621 ab
428 1555 651 1621 incarnatione
666 1554 788 1621 domini
804 1557 1038 1622 sexcentesimo
1054 1553 1216 1619 tricesimo
1232 1559 1352 1637 quarto

175 1664 353 1732 Cousrnss
381 1666 542 1751 imperare
571 1666 683 1751 coepit.
728 1686 799 1731 cum
828 1667 932 1750 primo
962 1665 1115 1730 uidelicet
1145 1662 1273 1748 imperii
1300 1663 1353 1728 sui
1374 1679 1401 1728 tc

177 1795 262 1840 auno
285 1795 422 1859 regnare
444 1775 614 1861 coepisset,
638 1775 765 1841 dicebat
785 1775 828 1842 ad
851 1777 1030 1860 Synclitum
1054 1774 1166 1858 ‘patris
1188 1774 1253 1839 mei
1268 1771 1355 1839 Con·

176 1885 310 1950 stautini
343 1887 398 1969 qui
430 1904 481 1950 me
512 1886 625 1969 genuit
654 1886 772 1970 quique
804 1886 837 1951 in
869 1886 937 1951 uita
969 1886 1092 1971 proprii
1114 1885 1271 1969 genitoris
1295 1885 1353 1949 aui

177 1993 300 2060 scilicet
322 1994 385 2060 mei
400 1995 542 2060 Heraclii
565 1996 735 2062 sufficienti
758 2016 830 2060 curn
852 2016 891 2062 eo
914 2004 1057 2080 tempore
1074 1995 1254 2080 imperauit,
1278 2002 1356 2080 post

178 2103 264 2168 hunc
284 2123 362 2169 uero
385 2105 483 2168 etiam
505 2105 601 2172 nimis
623 2105 715 2170 breui
738 2106 967 2173 suauissimam
997 2126 1087 2191 spem
1110 2106 1269 2171 Martinac
1292 2126 1353 2172 uo·

177 2232 294 2280 uercae
323 2216 426 2300 ipsius
455 2215 579 2281 inuidia
607 2215 780 2282 concidens
808 2217 877 2280 uita
904 2217 1044 2302 priuauit
1073 2223 1105 2281 ct
1133 2215 1194 2281 hoc
1216 2224 1352 2301 propter
1371 2230 1399 2278 15

177 2324 391 2392 Heraclonam
422 2327 475 2411 qui
505 2347 546 2393 ox
574 2347 614 2392 ea
643 2334 675 2393 et
696 2327 847 2393 Heraclio
876 2327 999 2392 nelarie
1030 2328 1131 2392 iactus
1154 2334 1212 2407 est,
1251 2347 1351 2410 quam

178 2436 317 2502 maxime
341 2445 464 2502 etcum
487 2445 562 2502 nato
585 2444 727 2504 uestrum
751 2457 822 2502 cum
845 2437 905 2502 deo
929 2436 1091 2502 decretum
1123 2438 1192 2501 iure
1221 2437 1263 2500 ab
1293 2439 1352 2500 im-

177 2548 267 2630 perio
290 2550 430 2632 reppulit
460 2568 500 2612 nc
529 2548 653 2613 uideret
682 2554 748 2612 tam
778 2567 916 2631 nequam
940 2549 1155 2612 Rornanorum
1179 2549 1353 2631 imperium

179 2655 275 2720 ualde
297 2657 433 2740 prouida
456 2677 526 2722 cum
550 2665 635 2724 esset
657 2659 862 2741 amplissima
884 2664 993 2723 uestra
1015 2665 1046 2723 ct
1068 2657 1204 2723 honesta
1228 2659 1355 2741 magni·

179 2765 315 2830 licentia.
361 2774 491 2852 propter
513 2768 598 2852 quod
621 2789 698 2851 rogo
721 2789 779 2833 uos
801 2767 922 2832 habere
949 2768 1152 2833 consiliarios
1175 2775 1206 2832 ct
1229 2768 1353 2852 peritos
1371 2780 1403 2830 20

180 2895 220 2940 ex
241 2878 401 2941 communi
425 2877 638 2943 subiectorum
668 2878 841 2962 obsequio!
885 2886 916 2943 et
944 2878 995 2944 his
1025 2878 1119 2943 dictis
1149 2877 1271 2943 dimisit
1302 2899 1352 2944 se·

182 2992 291 3050 uatum
315 2986 409 3053 (louis
432 2987 613 3071 dapsilibus
636 2988 721 3053 hunc
745 2987 918 3053 honorans,

263 3095 357 3159 Anno
380 3097 508 3180 imperii
532 3096 718 3164 Constantis
741 3099 882 3163 secundo
905 3099 1010 3182 coepit
1032 3099 1154 3163 Hamar
1177 3098 1351 3165 aedificare

180 3204 333 3288 templum
362 3205 395 3268 in
423 3206 626 3273 Hierusalem
656 3214 688 3273 et
714 3228 778 3271 non
808 3209 915 3273 stabat
950 3208 1009 3274 scd
1039 3209 1152 3274 ruebat
1181 3216 1350 3296 structura

181 3313 358 3380 sciscitanti
396 3322 502 3380 autem
538 3318 568 3382 ei
601 3339 731 3385 causam
766 3316 876 3384 dixere
911 3319 1024 3383 ludaei
1058 3317 1145 3401 ‘quia
1177 3320 1239 3383 nisi
1274 3339 1354 3385 crux
1374 3331 1406 3380 25

182 3444 265 3507 quae
288 3433 337 3491 est
360 3447 459 3511 supra
481 3429 632 3512 templum
655 3428 772 3493 montis
794 3429 953 3493 oliuarurn
976 3430 1114 3511 tollatur,
1145 3428 1231 3492 haud
1256 3430 1355 3495 stabit

183 3537 359 3601 structura'
403 3545 434 3602 et
456 3545 587 3622 propter
608 3539 692 3605 hauc
714 3560 845 3606 causam
870 3539 998 3605 sublata
1026 3547 1075 3605 est
1103 3559 1181 3603 crux
1213 3539 1301 3604 illinc
1325 3548 1357 3604 et

183 3647 228 3710 ita
250 3648 392 3713 constitit
414 3649 480 3713 illic
501 3649 693 3715 aediticium.
738 3657 868 3734 propter
890 3649 974 3714 hanc
1003 3650 1098 3714 etiam
1122 3668 1253 3714 causam
1277 3651 1357 3713 mul-

183 3764 232 3821 tas
256 3776 366 3823 cruces
390 3759 609 3843 deposuerunt
630 3760 664 3824 hi
687 3760 740 3843 qui
764 3760 899 3825 oderant
922 3758 1094 3826 Christum.

183 3912 287 3920 -
290 3914 410 3921 -----
415 3914 462 3920 -..-
466 3914 488 3921 .-

254 3995 263 4041 l
286 3990 454 4044 mulraureIl
557 3984 752 4060 stingum-Il
855 3995 869 4044 5
897 3989 1043 4044 ablcrloD
1147 3988 1358 4057 liconlltanlll

184 4084 397 4154 teutscm'ptum
425 4086 532 4138 nurnrc'
557 4087 617 4137 rnu-
636 4100 688 4151 xx3
714 4100 819 4137 moram
837 4100 922 4137 uranu
939 4099 1004 4150 xxm
1032 4085 1060 4135 iu
1086 4082 1119 4147 Ι),
1139 4082 1253 4144 (stitutio
1278 4083 1306 4134 in
1325 4080 1358 4137 Pr

189 4181 216 4228 10
235 4175 349 4245 coprtll
437 4182 464 4229 ll
494 4179 605 4246 oeprllet
629 4177 654 4233 D
725 4182 754 4231 13
780 4175 946 4231 luffrcrsentr
970 4174 996 4228 D
1101 4181 1131 4229 ll
1157 4176 1308 4229 luamllrmri
1324 4174 1358 4228 θ’

188 4272 216 4321 19
240 4269 424 4324 manrtrcentre
447 4270 473 4325 D
576 4275 609 4324 20
642 4271 878 4326 cenlrlrarrorrorel
901 4269 928 4322 1)
1039 4271 1071 4321 23
1098 4275 1170 4337 cepit
1194 4269 1308 4322 haumar
1336 4267 1359 4320 D

184 4363 217 4412 m
234 4346 349 4415 mimo
418 4368 448 4417 ns
469 4365 588 4418 iuuatur
605 4365 636 4418 o
689 4362 788 4417 non
868 4365 900 4416 na
919 4360 1110 4430 neporuentn
