2834 5394
169 312 234 386 388
392 340 396 347 ·
655 337 749 387 nram
770 336 873 384 xvrnr

171 495 206 554 et
225 488 280 554 ubi
303 488 389 554 tures
412 509 475 552 non
500 486 656 553 effodiunt
677 506 737 553 nec
759 488 913 553 furantur.
954 507 1031 572 ergo
1054 487 1095 553 de
1119 489 1170 553 his
1192 508 1275 572 quae
1297 489 1351 555 do

168 599 278 667 minus
301 598 430 678 tribuit,
459 598 575 664 demus
596 596 793 682 pauperibus
817 605 848 664 et
869 617 1101 682 congregemus
1124 598 1295 666 thesauros
1318 601 1349 665 in

168 709 260 776 eaelo
281 716 314 775 et
336 707 487 775 dominus
509 708 603 773 nobis
625 727 745 791 augere
769 705 955 792 dignabitur
978 709 1010 774 in
1033 707 1184 775 saeculo!

114 820 148 886 11
195 860 198 864 -
254 818 401 897 Quadam
425 824 531 884 autem
554 817 607 883 die
628 817 842 884 deambulans
876 839 934 902 per
957 819 1112 903 palatium
1134 817 1217 883 uidit
1239 819 1273 884 in
1295 840 1348 903 pa·

169 928 310 995 nimenta
326 927 439 994 domus
461 929 604 993 tabulam
620 947 832 993 marmoream
855 929 888 992 in
911 949 974 1012 qua
996 937 1165 993 craterus
1187 928 1378 995 dominicas

170 1038 296 1123 sculpta
317 1046 349 1103 et
370 1038 416 1102 ait
439 1036 546 1103 ‘cruce
568 1037 690 1102 domini
714 1037 814 1103 nostri
837 1039 972 1103 frontem
996 1047 1135 1103 nostram
1160 1046 1191 1103 et
1217 1045 1348 1123 pectora

172 1148 299 1213 munire
322 1148 475 1214 debemus
497 1154 529 1212 et
543 1166 618 1213 ecce
634 1168 705 1214 eam
721 1148 781 1214 sub
796 1148 935 1232 pedibus
950 1149 1192 1213 conculeamus.'
1215 1156 1247 1213 et
1263 1148 1348 1213 dieto

175 1257 270 1324 eitius
284 1257 379 1323 iussit
394 1277 466 1322 cam
481 1258 625 1323 tabulam
641 1258 759 1324 auferri
775 1256 967 1342 defossaque
989 1259 1098 1323 tabula
1122 1266 1218 1342 atque
1241 1266 1350 1323 erecta

171 1366 340 1433 inueniunt
361 1369 470 1433 subter
491 1375 524 1433 et
546 1368 644 1433 aliam
666 1368 727 1433 hoc
749 1367 875 1451 signum
899 1368 1083 1434 habentem.
1111 1367 1165 1452 qui
1188 1374 1220 1433 et
1241 1369 1347 1451 ipsam

169 1476 266 1545 iussit
286 1478 414 1543 antemi.
459 1499 523 1562 qua
544 1484 652 1542 amota
673 1478 839 1561 reperiunt
860 1485 892 1543 et
914 1479 1050 1543 tertiam.
1097 1477 1253 1561 iussuque
1276 1479 1346 1544 eius
1365 1484 1392 1533 ¹⁰

170 1606 241 1652 cum
264 1594 296 1653 et
318 1588 398 1653 haec
420 1588 533 1655 fuisset
555 1588 681 1670 ablata,
712 1586 880 1652 inueniunt
902 1608 1052 1672 uragnunr
1075 1587 1261 1653 thesaurum
1291 1588 1347 1653 ha·

169 1697 299 1763 bentem
322 1718 420 1780 supra
442 1697 529 1763 mille
555 1697 624 1762 auri
647 1698 842 1763 centenaria.
887 1698 1112 1780 sublatumque
1135 1717 1247 1762 aurum
1270 1719 1346 1783 pau-

168 1808 301 1892 peribus
320 1807 426 1871 adhue
447 1807 665 1872 abundantius
688 1827 783 1890 quam
806 1814 1019 1874 consueuerat
1040 1808 1185 1890 largitur.

100 1909 151 1974 ῙῘῙ
257 1917 380 1983 Narses
407 1936 533 2000 quoquc
554 1916 708 1999 patricius
731 1917 845 1981 Italiae
874 1936 945 1981 cnm
974 1918 1083 1983 multis
1112 1917 1273 1983 thesauris
1303 1919 1346 1983 ab

170 2025 267 2090 Italia
295 2024 338 2089 ad
366 2046 464 2109 supra
492 2032 701 2091 memoratam
729 2027 839 2092 urbem
868 2028 1010 2108 aduenit,
1047 2027 1157 2110 ibique
1185 2028 1219 2092 in
1249 2027 1346 2092 domo
1365 2031 1392 2080 ¹⁵

170 2152 230 2201 sua
252 2135 375 2200 occulte
396 2136 568 2202 cisternam
591 2156 742 2220 magnam
765 2135 860 2218 fodit,
890 2138 923 2202 in
951 2157 1015 2221 qua
1040 2137 1251 2201 multamilia
1273 2157 1346 2204 een·

169 2244 368 2310 teneriorum
396 2246 466 2310 auri
495 2246 686 2331 argentique
715 2246 873 2331 deposuit.
918 2247 1158 2330 interiectisque
1196 2247 1346 2314 omnibus

170 2353 308 2422 consciis
345 2376 409 2421 uno
437 2363 561 2422 tantum
596 2356 691 2422 modo
727 2358 796 2423 seni
824 2357 906 2423 baec
932 2357 1206 2438 proinramenturn
1235 2358 1276 2422 ab
1307 2377 1345 2423 ec

175 2463 310 2549 exigens
332 2466 578 2532 commendauit.
623 2466 772 2533 defuneto
799 2486 925 2551 quoque
951 2467 1088 2532 Narsete
1121 2466 1345 2550 supradictus

168 2594 268 2641 senex
298 2574 340 2641 ad
370 2576 533 2642 Tiberium
562 2576 735 2644 Caesarem
765 2576 899 2643 ueniens
933 2575 1014 2640 dixit
1043 2576 1087 2641 ‘si
1115 2575 1194 2669 mibi
1221 2577 1344 2661 aliquid
1362 2586 1394 2636 to

172 2683 313 2766 prodest,
337 2707 489 2770 magnam
511 2707 578 2752 rem
600 2688 658 2752 tibi
688 2686 811 2753 Cacsar
839 2686 963 2751 dieam'
1007 2686 1057 2750 cui
1093 2687 1147 2750 ille
1185 2686 1270 2750 ‘die'
1300 2688 1344 2752 ait

172 2791 267 2877 ‘quod
289 2796 349 2873 uis,
373 2795 516 2880 proderit
537 2797 621 2862 enim
644 2797 702 2861 tibi
725 2796 832 2881 siquid
854 2797 946 2862 nobis
961 2797 1160 2880 profuturum
1177 2816 1251 2862 esse
1273 2818 1344 2862 nar-

170 2903 313 2972 raueris.’
357 2905 560 2973 ‘thesaurum'
582 2906 686 2990 inquit
708 2906 872 2974 ‘Narsetis
894 2906 1090 2971 reconditum
1114 2907 1234 2990 habeo,
1259 2907 1344 2992 quod

168 3014 202 3078 in
226 3022 368 3081 extremo
390 3017 476 3081 uitae
495 3015 619 3100 positus
641 3016 747 3082 celare
769 3037 834 3082 non
857 3017 1007 3100 possum.’
1047 3024 1124 3081 tunc
1147 3016 1270 3084 Caesar
1290 3020 1344 3081 'ri-

167 3122 277 3189 berius
298 3127 431 3207 gauisus
454 3127 550 3191 mittit
571 3146 672 3210 usque
694 3125 736 3191 ad
758 3128 862 3191 locum
885 3147 1002 3210 pueros
1019 3147 1104 3207 suos,
1129 3126 1392 3210 praecedentem

168 3249 245 3297 uero
275 3252 352 3299 sene
381 3234 415 3299 hi
444 3243 595 3301 secuntur
624 3236 748 3302 attoniti
781 3236 1070 3321 perueniantesque
1099 3237 1140 3301 ad
1170 3238 1342 3303 cisternam

167 3340 417 3427 deopertamque
439 3344 677 3429 ingrediuntur,
702 3349 735 3412 in
759 3367 822 3429 qua
844 3354 966 3412 tanturn
990 3347 1059 3411 auri
1082 3349 1272 3431 argentique
1296 3368 1343 3413 re·

167 3460 291 3536 pertum
323 3462 372 3521 est
400 3461 435 3520 ut
462 3475 521 3538 per
548 3457 664 3522 multos
693 3455 762 3523 dies
793 3458 847 3522 uix
875 3477 896 3522 a
919 3456 1161 3538 deportantibus
1184 3458 1342 3541 potuisset

166 3564 327 3631 euacuari.
370 3584 453 3649 quae
475 3565 530 3631 ille
553 3586 658 3650 paene
681 3567 789 3632 omnia
811 3566 986 3634 secuudum
1011 3588 1102 3633 suum
1127 3588 1246 3631 morem
1271 3587 1342 3633 ero·

165 3673 297 3757 gatione
331 3674 480 3759 largiflua
512 3675 715 3761 dispensauit
747 3677 868 3762 egenis.
918 3677 1057 3761 denique
1087 3686 1117 3742 et
1146 3697 1217 3741 eum
1239 3679 1341 3742 Roma
1358 3687 1391 3738 oo

166 3785 366 3867 temporibus
388 3785 556 3857 Benedicti
586 3806 692 3872 papae
720 3788 923 3855 uastantibus
952 3787 1059 3851 omnia
1088 3806 1147 3869 per
1177 3788 1341 3852 circuitum

234 4097 249 4146 ²
269 4093 690 4165 demutpaupenbutetom.1)
743 4102 757 4148 7
776 4096 845 4151 eal)
903 4102 918 4150 8
936 4096 1118 4166 desudatisque
1128 4097 1248 4151 tabulam
1261 4103 1342 4167 atque

166 4190 283 4240 erectam
302 4186 335 4241 θ’
407 4193 437 4241 10
456 4188 553 4259 quel)
642 4193 671 4243 rt
690 4188 898 4244 Nattrirttaid.
919 4188 951 4244 lt
1033 4195 1062 4243 ts
1079 4207 1099 4259 p
1117 4196 1270 4245 iuramentis
1288 4189 1342 4244 DB

165 4276 201 4329 ab
218 4292 250 4331 eo
269 4279 402 4335 exrentl)
471 4285 504 4334 to
522 4280 638 4336 senoil)
687 4281 838 4351 tyberruD
888 4281 983 4351 ahqurt
1005 4282 1115 4351 pdetl)
1188 4287 1221 4337 22
1240 4282 1342 4352 qurtD

166 4371 198 4419 2³
217 4370 354 4437 rnqsndD
430 4376 462 4426 24
481 4373 641 4444 tyberrntD
719 4378 751 4427 2⁵
769 4374 912 4429 recedente
930 4373 984 4429 ΒΡ
1048 4380 1080 4429 27
1099 4391 1159 4431 aun
1177 4376 1220 4430 uei
1238 4384 1342 4445 argenti

165 4461 306 4530 reoptttI)
374 4466 406 4516 28
424 4447 597 4531 poturttdtd
665 4470 698 4522 29
716 4466 1037 4537 οτςιιιοηδ-Ιιφῆιιὶῦ
1106 4473 1136 4525 at
1157 4467 1317 4525 cneurtnD
