<?xml version="1.0" encoding="UTF-8"?>
<!DOCTYPE html PUBLIC "-//W3C//DTD XHTML 1.0 Transitional//EN"
    "http://www.w3.org/TR/xhtml1/DTD/xhtml1-transitional.dtd">
<html xmlns="http://www.w3.org/1999/xhtml" xml:lang="en" lang="en">
 <head>
  <title>
</title>
<meta http-equiv="Content-Type" content="text/html;charset=utf-8" />
  <meta name='ocr-system' content='tesseract 3.04.00' />
  <meta name='ocr-capabilities' content='ocr_page ocr_carea ocr_par ocr_line ocrx_word'/>
</head>
<body>
  <div class='ocr_page' id='page_1' title='image "./historiamiscell00sagagoog_0586.png"; bbox 0 0 2834 5394; ppageno 0'>
   <div class='ocr_carea' id='block_1_1' title="bbox 83 215 761 278">
    <p class='ocr_par' dir='ltr' id='par_1_1' title="bbox 83 215 761 278">
     <span class='ocr_line' id='line_1_1' title="bbox 83 215 761 278; baseline -0.006 0"><span class='ocrx_word' id='word_1_1' title='bbox 83 215 145 278; x_wconf 82' lang='lat'>572</span> <span class='ocrx_word' id='word_1_2' title='bbox 577 229 670 275; x_wconf 76' lang='lat' dir='ltr'>aanor</span> <span class='ocrx_word' id='word_1_3' title='bbox 692 227 761 274; x_wconf 83' lang='lat' dir='ltr'>xxv</span> 
     </span>
    </p>
   </div>
   <div class='ocr_carea' id='block_1_2' title="bbox 83 377 1316 3764">
    <p class='ocr_par' dir='ltr' id='par_1_2' title="bbox 83 377 1316 3764">
     <span class='ocr_line' id='line_1_2' title="bbox 83 377 1278 466; baseline -0.003 -18"><span class='ocrx_word' id='word_1_4' title='bbox 83 383 117 448; x_wconf 90' lang='lat' dir='ltr'>in</span> <span class='ocrx_word' id='word_1_5' title='bbox 139 381 234 448; x_wconf 83' lang='lat' dir='ltr'>nobis</span> <span class='ocrx_word' id='word_1_6' title='bbox 257 389 418 446; x_wconf 87' lang='lat' dir='ltr'>certarnen</span> <span class='ocrx_word' id='word_1_7' title='bbox 454 381 522 446; x_wconf 88' lang='lat' dir='ltr'>sino</span> <span class='ocrx_word' id='word_1_8' title='bbox 551 380 722 464; x_wconf 76' lang='lat' dir='ltr'>dissensio,</span> <span class='ocrx_word' id='word_1_9' title='bbox 757 386 792 445; x_wconf 90' lang='lat' dir='ltr'>ut</span> <span class='ocrx_word' id='word_1_10' title='bbox 818 398 885 464; x_wconf 86' lang='lat' dir='ltr'>pax</span> <span class='ocrx_word' id='word_1_11' title='bbox 915 377 969 444; x_wconf 90' lang='lat' dir='ltr'>dei</span> <span class='ocrx_word' id='word_1_12' title='bbox 1005 399 1100 464; x_wconf 87' lang='lat' dir='ltr'>quae</span> <span class='ocrx_word' id='word_1_13' title='bbox 1126 390 1278 466; x_wconf 74' lang='lat' dir='ltr'>exuperat</span> 
     </span>
     <span class='ocr_line' id='line_1_3' title="bbox 84 489 1280 574; baseline -0.003 -16"><span class='ocrx_word' id='word_1_14' title='bbox 84 513 210 558; x_wconf 85' lang='lat' dir='ltr'>ornnem</span> <span class='ocrx_word' id='word_1_15' title='bbox 239 512 379 573; x_wconf 86' lang='lat' dir='ltr'>sensum,</span> <span class='ocrx_word' id='word_1_16' title='bbox 409 491 531 556; x_wconf 87' lang='lat' dir='ltr'>muniat</span> <span class='ocrx_word' id='word_1_17' title='bbox 558 511 618 557; x_wconf 87' lang='lat' dir='ltr'>nos</span> <span class='ocrx_word' id='word_1_18' title='bbox 646 509 770 556; x_wconf 84' lang='lat' dir='ltr'>ornnes.</span> <span class='ocrx_word' id='word_1_19' title='bbox 815 496 847 555; x_wconf 87' lang='lat' dir='ltr'>et</span> <span class='ocrx_word' id='word_1_20' title='bbox 875 490 902 555; x_wconf 92' lang='lat' dir='ltr'>si</span> <span class='ocrx_word' id='word_1_21' title='bbox 939 489 1087 574; x_wconf 90' lang='lat' dir='ltr'>quidem</span> <span class='ocrx_word' id='word_1_22' title='bbox 1119 490 1280 557; x_wconf 88' lang='lat' dir='ltr'>iusserunt</span> 
     </span>
     <span class='ocr_line' id='line_1_4' title="bbox 84 599 1280 687; baseline -0.003 -18"><span class='ocrx_word' id='word_1_23' title='bbox 84 602 295 669; x_wconf 81' lang='lat' dir='ltr'>orthodoxiae</span> <span class='ocrx_word' id='word_1_24' title='bbox 317 608 583 687; x_wconf 82' lang='lat' dir='ltr'>propugnatores,</span> <span class='ocrx_word' id='word_1_25' title='bbox 607 601 818 685; x_wconf 86' lang='lat' dir='ltr'>imperatores</span> <span class='ocrx_word' id='word_1_26' title='bbox 839 599 998 665; x_wconf 87' lang='lat' dir='ltr'>uidelicet</span> <span class='ocrx_word' id='word_1_27' title='bbox 1023 602 1151 683; x_wconf 82' lang='lat' dir='ltr'>nostri,</span> <span class='ocrx_word' id='word_1_28' title='bbox 1178 610 1280 685; x_wconf 87' lang='lat' dir='ltr'>postu-</span> 
     </span>
     <span class='ocr_line' id='line_1_5' title="bbox 83 709 1281 796; baseline -0.001 -18"><span class='ocrx_word' id='word_1_29' title='bbox 83 714 196 780; x_wconf 86' lang='lat' dir='ltr'>lationi</span> <span class='ocrx_word' id='word_1_30' title='bbox 219 732 310 777; x_wconf 89' lang='lat' dir='ltr'>mcac</span> <span class='ocrx_word' id='word_1_31' title='bbox 332 731 485 792; x_wconf 85' lang='lat' dir='ltr'>annuere,</span> <span class='ocrx_word' id='word_1_32' title='bbox 508 711 673 778; x_wconf 88' lang='lat' dir='ltr'>consentio</span> <span class='ocrx_word' id='word_1_33' title='bbox 696 717 728 776; x_wconf 91' lang='lat' dir='ltr'>ot</span> <span class='ocrx_word' id='word_1_34' title='bbox 742 731 818 794; x_wconf 79' lang='lat' dir='ltr'>ego:</span> <span class='ocrx_word' id='word_1_35' title='bbox 842 709 892 777; x_wconf 88' lang='lat' dir='ltr'>sin</span> <span class='ocrx_word' id='word_1_36' title='bbox 907 717 1045 791; x_wconf 89' lang='lat' dir='ltr'>autem,</span> <span class='ocrx_word' id='word_1_37' title='bbox 1072 711 1281 796; x_wconf 85' lang='lat' dir='ltr'>impossibile</span> 
     </span>
     <span class='ocr_line' id='line_1_6' title="bbox 85 820 1305 903; baseline -0.004 -16"><span class='ocrx_word' id='word_1_38' title='bbox 85 822 164 888; x_wconf 85' lang='lat' dir='ltr'>milri</span> <span class='ocrx_word' id='word_1_39' title='bbox 187 831 235 889; x_wconf 86' lang='lat' dir='ltr'>est</span> <span class='ocrx_word' id='word_1_40' title='bbox 264 822 325 887; x_wconf 91' lang='lat' dir='ltr'>hoc</span> <span class='ocrx_word' id='word_1_41' title='bbox 347 821 467 903; x_wconf 86' lang='lat' dir='ltr'>tacere,</span> <span class='ocrx_word' id='word_1_42' title='bbox 497 842 538 887; x_wconf 92' lang='lat' dir='ltr'>ne</span> <span class='ocrx_word' id='word_1_43' title='bbox 562 821 702 887; x_wconf 75' lang='lat' dir='ltr'>subicim-</span> <span class='ocrx_word' id='word_1_44' title='bbox 723 820 922 886; x_wconf 86' lang='lat' dir='ltr'>anathemati</span> <span class='ocrx_word' id='word_1_45' title='bbox 961 827 994 885; x_wconf 90' lang='lat' dir='ltr'>et</span> <span class='ocrx_word' id='word_1_46' title='bbox 1021 821 1193 888; x_wconf 88' lang='lat' dir='ltr'>inueniar</span> <span class='ocrx_word' id='word_1_47' title='bbox 1215 837 1305 887; x_wconf 71' lang='lat' dir='ltr'>oon-s</span> 
     </span>
     <span class='ocr_line' id='line_1_7' title="bbox 85 929 1280 1016; baseline 0 -18"><span class='ocrx_word' id='word_1_48' title='bbox 85 933 254 999; x_wconf 85' lang='lat' dir='ltr'>demnatus</span> <span class='ocrx_word' id='word_1_49' title='bbox 277 933 310 997; x_wconf 90' lang='lat' dir='ltr'>in</span> <span class='ocrx_word' id='word_1_50' title='bbox 333 930 385 996; x_wconf 91' lang='lat' dir='ltr'>die</span> <span class='ocrx_word' id='word_1_51' title='bbox 408 931 529 996; x_wconf 90' lang='lat' dir='ltr'>domini</span> <span class='ocrx_word' id='word_1_52' title='bbox 552 932 653 996; x_wconf 83' lang='lat' dir='ltr'>nostri</span> <span class='ocrx_word' id='word_1_53' title='bbox 676 938 708 996; x_wconf 89' lang='lat' dir='ltr'>et</span> <span class='ocrx_word' id='word_1_54' title='bbox 729 929 871 997; x_wconf 89' lang='lat' dir='ltr'>iustitiae</span> <span class='ocrx_word' id='word_1_55' title='bbox 894 929 1037 1012; x_wconf 89' lang='lat' dir='ltr'>iudicis,</span> <span class='ocrx_word' id='word_1_56' title='bbox 1083 932 1145 996; x_wconf 92' lang='lat' dir='ltr'>ubi</span> <span class='ocrx_word' id='word_1_57' title='bbox 1180 953 1280 1016; x_wconf 86' lang='lat' dir='ltr'>neque</span> 
     </span>
     <span class='ocr_line' id='line_1_8' title="bbox 84 1040 1282 1127; baseline -0.002 -19"><span class='ocrx_word' id='word_1_58' title='bbox 84 1044 258 1127; x_wconf 88' lang='lat' dir='ltr'>imperator</span> <span class='ocrx_word' id='word_1_59' title='bbox 292 1061 397 1125; x_wconf 90' lang='lat' dir='ltr'>noque</span> <span class='ocrx_word' id='word_1_60' title='bbox 429 1041 580 1108; x_wconf 77' lang='lat' dir='ltr'>sacerdos</span> <span class='ocrx_word' id='word_1_61' title='bbox 615 1061 720 1125; x_wconf 90' lang='lat' dir='ltr'>neque</span> <span class='ocrx_word' id='word_1_62' title='bbox 755 1040 919 1125; x_wconf 91' lang='lat' dir='ltr'>principes</span> <span class='ocrx_word' id='word_1_63' title='bbox 957 1060 1077 1124; x_wconf 88' lang='lat' dir='ltr'>neque</span> <span class='ocrx_word' id='word_1_64' title='bbox 1111 1041 1282 1109; x_wconf 87' lang='lat' dir='ltr'>hominnm</span> 
     </span>
     <span class='ocr_line' id='line_1_9' title="bbox 83 1149 1282 1236; baseline 0.003 -21"><span class='ocrx_word' id='word_1_65' title='bbox 83 1149 251 1215; x_wconf 86' lang='lat' dir='ltr'>multitudo</span> <span class='ocrx_word' id='word_1_66' title='bbox 275 1152 392 1235; x_wconf 88' lang='lat' dir='ltr'>poterit</span> <span class='ocrx_word' id='word_1_67' title='bbox 414 1152 538 1236; x_wconf 88' lang='lat' dir='ltr'>eripere</span> <span class='ocrx_word' id='word_1_68' title='bbox 560 1171 621 1216; x_wconf 89' lang='lat' dir='ltr'>me.</span> <span class='ocrx_word' id='word_1_69' title='bbox 673 1160 705 1217; x_wconf 87' lang='lat' dir='ltr'>ct</span> <span class='ocrx_word' id='word_1_70' title='bbox 727 1149 879 1235; x_wconf 90' lang='lat' dir='ltr'>quicquid</span> <span class='ocrx_word' id='word_1_71' title='bbox 901 1150 1073 1234; x_wconf 75' lang='lat' dir='ltr'>placuerit</span> <span class='ocrx_word' id='word_1_72' title='bbox 1099 1154 1205 1218; x_wconf 89' lang='lat' dir='ltr'>nobis</span> <span class='ocrx_word' id='word_1_73' title='bbox 1228 1155 1282 1218; x_wconf 84' lang='lat' dir='ltr'>fra-</span> 
     </span>
     <span class='ocr_line' id='line_1_10' title="bbox 83 1259 1283 1348; baseline 0.002 -22"><span class='ocrx_word' id='word_1_74' title='bbox 83 1269 165 1343; x_wconf 84' lang='lat' dir='ltr'>tres,</span> <span class='ocrx_word' id='word_1_75' title='bbox 189 1260 264 1327; x_wconf 88' lang='lat' dir='ltr'>date</span> <span class='ocrx_word' id='word_1_76' title='bbox 287 1263 457 1347; x_wconf 85' lang='lat' dir='ltr'>apologiae</span> <span class='ocrx_word' id='word_1_77' title='bbox 479 1282 571 1326; x_wconf 88' lang='lat' dir='ltr'>meac</span> <span class='ocrx_word' id='word_1_78' title='bbox 599 1262 697 1326; x_wconf 89' lang='lat' dir='ltr'>immo</span> <span class='ocrx_word' id='word_1_79' title='bbox 719 1281 796 1327; x_wconf 90' lang='lat' dir='ltr'>nero</span> <span class='ocrx_word' id='word_1_80' title='bbox 819 1259 998 1327; x_wconf 90' lang='lat' dir='ltr'>adsertioni</span> <span class='ocrx_word' id='word_1_81' title='bbox 1023 1270 1192 1348; x_wconf 85' lang='lat' dir='ltr'>uestrae,</span> <span class='ocrx_word' id='word_1_82' title='bbox 1217 1264 1283 1329; x_wconf 89' lang='lat' dir='ltr'>red·</span> 
     </span>
     <span class='ocr_line' id='line_1_11' title="bbox 83 1371 1316 1457; baseline -0.006 -20"><span class='ocrx_word' id='word_1_83' title='bbox 83 1371 149 1438; x_wconf 90' lang='lat' dir='ltr'>dite</span> <span class='ocrx_word' id='word_1_84' title='bbox 172 1372 318 1457; x_wconf 90' lang='lat' dir='ltr'>petitioni</span> <span class='ocrx_word' id='word_1_85' title='bbox 341 1392 432 1437; x_wconf 87' lang='lat' dir='ltr'>orcae</span> <span class='ocrx_word' id='word_1_86' title='bbox 454 1371 664 1454; x_wconf 70' lang='lat' dir='ltr'>responsum!</span> <span class='ocrx_word' id='word_1_87' title='bbox 1298 1387 1316 1432; x_wconf 82' lang='lat' dir='ltr'>o</span> 
     </span>
     <span class='ocr_line' id='line_1_12' title="bbox 168 1480 1283 1566; baseline 0 -19"><span class='ocrx_word' id='word_1_88' title='bbox 168 1483 209 1547; x_wconf 87' lang='lat' dir='ltr'>Et</span> <span class='ocrx_word' id='word_1_89' title='bbox 231 1483 369 1548; x_wconf 86' lang='lat' dir='ltr'>libenter</span> <span class='ocrx_word' id='word_1_90' title='bbox 390 1481 562 1547; x_wconf 88' lang='lat' dir='ltr'>audierunt</span> <span class='ocrx_word' id='word_1_91' title='bbox 584 1500 695 1546; x_wconf 88' lang='lat' dir='ltr'>onmes</span> <span class='ocrx_word' id='word_1_92' title='bbox 730 1500 812 1566; x_wconf 88' lang='lat' dir='ltr'>quae</span> <span class='ocrx_word' id='word_1_93' title='bbox 840 1480 925 1544; x_wconf 89' lang='lat' dir='ltr'>dicta</span> <span class='ocrx_word' id='word_1_94' title='bbox 953 1487 1032 1545; x_wconf 91' lang='lat' dir='ltr'>sunt</span> <span class='ocrx_word' id='word_1_95' title='bbox 1075 1501 1283 1550; x_wconf 85' lang='lat' dir='ltr'>consensum</span> 
     </span>
     <span class='ocr_line' id='line_1_13' title="bbox 84 1589 1282 1679; baseline 0.003 -22"><span class='ocrx_word' id='word_1_96' title='bbox 84 1594 279 1678; x_wconf 85' lang='lat' dir='ltr'>praebentes</span> <span class='ocrx_word' id='word_1_97' title='bbox 302 1599 336 1657; x_wconf 92' lang='lat' dir='ltr'>ut</span> <span class='ocrx_word' id='word_1_98' title='bbox 357 1591 448 1657; x_wconf 86' lang='lat' dir='ltr'>fieret</span> <span class='ocrx_word' id='word_1_99' title='bbox 471 1590 624 1676; x_wconf 81' lang='lat' dir='ltr'>synodus.</span> <span class='ocrx_word' id='word_1_100' title='bbox 669 1596 703 1655; x_wconf 90' lang='lat' dir='ltr'>at</span> <span class='ocrx_word' id='word_1_101' title='bbox 723 1610 800 1656; x_wconf 90' lang='lat' dir='ltr'>uero</span> <span class='ocrx_word' id='word_1_102' title='bbox 823 1589 980 1656; x_wconf 82' lang='lat' dir='ltr'>Tarasius</span> <span class='ocrx_word' id='word_1_103' title='bbox 1003 1612 1132 1659; x_wconf 87' lang='lat' dir='ltr'>rursus</span> <span class='ocrx_word' id='word_1_104' title='bbox 1157 1594 1206 1659; x_wconf 85' lang='lat' dir='ltr'>ad</span> <span class='ocrx_word' id='word_1_105' title='bbox 1229 1616 1282 1679; x_wconf 84' lang='lat' dir='ltr'>po</span> 
     </span>
     <span class='ocr_line' id='line_1_14' title="bbox 85 1700 1283 1788; baseline 0.001 -20"><span class='ocrx_word' id='word_1_106' title='bbox 85 1704 195 1788; x_wconf 90' lang='lat' dir='ltr'>pulum</span> <span class='ocrx_word' id='word_1_107' title='bbox 230 1702 400 1785; x_wconf 81' lang='lat' dir='ltr'>disputans</span> <span class='ocrx_word' id='word_1_108' title='bbox 435 1702 481 1766; x_wconf 90' lang='lat' dir='ltr'>ait</span> <span class='ocrx_word' id='word_1_109' title='bbox 514 1702 599 1767; x_wconf 86' lang='lat' dir='ltr'>‘Leo</span> <span class='ocrx_word' id='word_1_110' title='bbox 632 1701 805 1785; x_wconf 87' lang='lat' dir='ltr'>imperator</span> <span class='ocrx_word' id='word_1_111' title='bbox 838 1700 996 1767; x_wconf 85' lang='lat' dir='ltr'>subuertit</span> <span class='ocrx_word' id='word_1_112' title='bbox 1029 1702 1217 1787; x_wconf 85' lang='lat' dir='ltr'>imagines</span> <span class='ocrx_word' id='word_1_113' title='bbox 1254 1714 1283 1770; x_wconf 90' lang='lat' dir='ltr'>et</span> 
     </span>
     <span class='ocr_line' id='line_1_15' title="bbox 84 1795 1281 1900; baseline 0.002 -24"><span class='ocrx_word' id='word_1_114' title='bbox 84 1795 382 1897; x_wconf 49' lang='lat' dir='ltr'>qnando&#39;synodns</span> <span class='ocrx_word' id='word_1_115' title='bbox 405 1812 569 1891; x_wconf 71' lang='lat' dir='ltr'>lanceat,</span> <span class='ocrx_word' id='word_1_116' title='bbox 599 1811 774 1878; x_wconf 85' lang='lat' dir='ltr'>subuersas</span> <span class='ocrx_word' id='word_1_117' title='bbox 806 1812 880 1876; x_wconf 91' lang='lat' dir='ltr'>illas</span> <span class='ocrx_word' id='word_1_118' title='bbox 909 1810 1044 1891; x_wconf 67' lang='lat' dir='ltr'>inuenit,</span> <span class='ocrx_word' id='word_1_119' title='bbox 1082 1821 1119 1878; x_wconf 89' lang='lat' dir='ltr'>et</span> <span class='ocrx_word' id='word_1_120' title='bbox 1144 1822 1281 1900; x_wconf 86' lang='lat' dir='ltr'>propter</span> 
     </span>
     <span class='ocr_line' id='line_1_16' title="bbox 84 1920 1316 2007; baseline 0.002 -21"><span class='ocrx_word' id='word_1_121' title='bbox 84 1922 169 2007; x_wconf 87' lang='lat' dir='ltr'>qnod</span> <span class='ocrx_word' id='word_1_122' title='bbox 191 1923 398 2006; x_wconf 86' lang='lat' dir='ltr'>imperatoria</span> <span class='ocrx_word' id='word_1_123' title='bbox 430 1942 528 1985; x_wconf 89' lang='lat' dir='ltr'>manu</span> <span class='ocrx_word' id='word_1_124' title='bbox 557 1921 733 1987; x_wconf 86' lang='lat' dir='ltr'>subuersae</span> <span class='ocrx_word' id='word_1_125' title='bbox 765 1927 849 2004; x_wconf 85' lang='lat' dir='ltr'>sunt,</span> <span class='ocrx_word' id='word_1_126' title='bbox 887 1920 1001 1986; x_wconf 86' lang='lat' dir='ltr'>iterum</span> <span class='ocrx_word' id='word_1_127' title='bbox 1036 1926 1278 2003; x_wconf 88' lang='lat' dir='ltr'>quaestionem</span> <span class='ocrx_word' id='word_1_128' title='bbox 1296 1943 1316 1990; x_wconf 71' lang='grc' dir='ltr'>ιε</span> 
     </span>
     <span class='ocr_line' id='line_1_17' title="bbox 83 2029 1278 2116; baseline 0.004 -22"><span class='ocrx_word' id='word_1_129' title='bbox 83 2029 226 2095; x_wconf 85' lang='lat' dir='ltr'>habebat</span> <span class='ocrx_word' id='word_1_130' title='bbox 247 2029 333 2094; x_wconf 87' lang='lat' dir='ltr'>idem</span> <span class='ocrx_word' id='word_1_131' title='bbox 356 2031 540 2114; x_wconf 86' lang='lat' dir='ltr'>capitulum,</span> <span class='ocrx_word' id='word_1_132' title='bbox 572 2031 723 2114; x_wconf 81' lang='lat' dir='ltr'>quoniam</span> <span class='ocrx_word' id='word_1_133' title='bbox 746 2032 912 2116; x_wconf 88' lang='lat' dir='ltr'>antiquam</span> <span class='ocrx_word' id='word_1_134' title='bbox 934 2032 1221 2101; x_wconf 85' lang='lat' dir='ltr'>consuetudinem</span> <span class='ocrx_word' id='word_1_135' title='bbox 1245 2038 1278 2099; x_wconf 92' lang='lat' dir='ltr'>in</span> 
     </span>
     <span class='ocr_line' id='line_1_18' title="bbox 84 2138 1277 2224; baseline 0.003 -18"><span class='ocrx_word' id='word_1_136' title='bbox 84 2140 220 2206; x_wconf 86' lang='lat' dir='ltr'>eeclesia</span> <span class='ocrx_word' id='word_1_137' title='bbox 242 2138 393 2203; x_wconf 79' lang='lat' dir='ltr'>traditam</span> <span class='ocrx_word' id='word_1_138' title='bbox 416 2148 704 2224; x_wconf 82' lang='lat' dir='ltr'>praesumpserunt</span> <span class='ocrx_word' id='word_1_139' title='bbox 731 2141 813 2207; x_wconf 84' lang='lat' dir='ltr'>sicot</span> <span class='ocrx_word' id='word_1_140' title='bbox 840 2141 888 2206; x_wconf 86' lang='lat' dir='ltr'>eis</span> <span class='ocrx_word' id='word_1_141' title='bbox 917 2140 1044 2205; x_wconf 88' lang='lat' dir='ltr'>libitum</span> <span class='ocrx_word' id='word_1_142' title='bbox 1066 2143 1135 2209; x_wconf 83' lang='lat' dir='ltr'>suit</span> <span class='ocrx_word' id='word_1_143' title='bbox 1169 2151 1277 2210; x_wconf 82' lang='lat' dir='ltr'>exter-</span> 
     </span>
     <span class='ocr_line' id='line_1_19' title="bbox 84 2249 1275 2336; baseline 0.005 -20"><span class='ocrx_word' id='word_1_144' title='bbox 84 2250 226 2316; x_wconf 68' lang='lat' dir='ltr'>minare.¹</span> <span class='ocrx_word' id='word_1_145' title='bbox 271 2249 327 2316; x_wconf 86' lang='lat' dir='ltr'>scd</span> <span class='ocrx_word' id='word_1_146' title='bbox 356 2251 477 2317; x_wconf 84' lang='lat' dir='ltr'>ueritas</span> <span class='ocrx_word' id='word_1_147' title='bbox 506 2249 559 2316; x_wconf 89' lang='lat' dir='ltr'>dei</span> <span class='ocrx_word' id='word_1_148' title='bbox 586 2259 622 2316; x_wconf 90' lang='lat' dir='ltr'>ut</span> <span class='ocrx_word' id='word_1_149' title='bbox 650 2251 826 2336; x_wconf 83' lang='lat' dir='ltr'>apostolice</span> <span class='ocrx_word' id='word_1_150' title='bbox 855 2249 999 2316; x_wconf 84' lang='lat' dir='ltr'>dicamus</span> <span class='ocrx_word' id='word_1_151' title='bbox 1028 2271 1098 2316; x_wconf 92' lang='lat' dir='ltr'>non</span> <span class='ocrx_word' id='word_1_152' title='bbox 1124 2262 1181 2321; x_wconf 89' lang='lat' dir='ltr'>est</span> <span class='ocrx_word' id='word_1_153' title='bbox 1203 2257 1275 2321; x_wconf 84' lang='lat' dir='ltr'>alli-</span> 
     </span>
     <span class='ocr_line' id='line_1_20' title="bbox 83 2360 1272 2445; baseline 0.004 -19"><span class='ocrx_word' id='word_1_154' title='bbox 83 2370 170 2445; x_wconf 85' lang='lat' dir='ltr'>gata.</span> <span class='ocrx_word' id='word_1_155' title='bbox 215 2361 323 2444; x_wconf 88' lang='lat' dir='ltr'>itaquo</span> <span class='ocrx_word' id='word_1_156' title='bbox 352 2367 466 2426; x_wconf 89' lang='lat' dir='ltr'>octauo</span> <span class='ocrx_word' id='word_1_157' title='bbox 495 2360 655 2428; x_wconf 84' lang='lat' dir='ltr'>kalendas</span> <span class='ocrx_word' id='word_1_158' title='bbox 678 2362 848 2426; x_wconf 86' lang='lat' dir='ltr'>Ianuarias</span> <span class='ocrx_word' id='word_1_159' title='bbox 878 2361 982 2444; x_wconf 90' lang='lat' dir='ltr'>ipsius</span> <span class='ocrx_word' id='word_1_160' title='bbox 1011 2367 1157 2429; x_wconf 84' lang='lat' dir='ltr'>octauae</span> <span class='ocrx_word' id='word_1_161' title='bbox 1186 2365 1272 2431; x_wconf 90' lang='lat' dir='ltr'>indi·</span> 
     </span>
     <span class='ocr_line' id='line_1_21' title="bbox 84 2471 1313 2557; baseline 0.001 -21"><span class='ocrx_word' id='word_1_162' title='bbox 84 2471 199 2536; x_wconf 86' lang='lat' dir='ltr'>ctionis</span> <span class='ocrx_word' id='word_1_163' title='bbox 223 2480 427 2538; x_wconf 86' lang='lat' dir='ltr'>consecratos</span> <span class='ocrx_word' id='word_1_164' title='bbox 451 2479 500 2538; x_wconf 89' lang='lat' dir='ltr'>est</span> <span class='ocrx_word' id='word_1_165' title='bbox 522 2472 626 2538; x_wconf 84' lang='lat' dir='ltr'>almus</span> <span class='ocrx_word' id='word_1_166' title='bbox 648 2478 741 2557; x_wconf 89' lang='lat' dir='ltr'>pater</span> <span class='ocrx_word' id='word_1_167' title='bbox 762 2477 871 2537; x_wconf 87' lang='lat' dir='ltr'>noster·</span> <span class='ocrx_word' id='word_1_168' title='bbox 893 2471 1049 2536; x_wconf 75' lang='lat' dir='ltr'>Tar-acius</span> <span class='ocrx_word' id='word_1_169' title='bbox 1071 2474 1313 2555; x_wconf 75' lang='lat' dir='ltr'>patriarchato</span> 
     </span>
     <span class='ocr_line' id='line_1_22' title="bbox 84 2579 1268 2666; baseline 0.006 -21"><span class='ocrx_word' id='word_1_170' title='bbox 84 2579 470 2664; x_wconf 68' lang='lat' dir='ltr'>constantinopolitanus,</span> <span class='ocrx_word' id='word_1_171' title='bbox 506 2582 560 2666; x_wconf 88' lang='lat' dir='ltr'>qui</span> <span class='ocrx_word' id='word_1_172' title='bbox 589 2582 697 2648; x_wconf 88' lang='lat' dir='ltr'>missis</span> <span class='ocrx_word' id='word_1_173' title='bbox 719 2583 852 2645; x_wconf 84' lang='lat' dir='ltr'>Romam</span> <span class='ocrx_word' id='word_1_174' title='bbox 882 2579 1046 2664; x_wconf 80' lang='lat' dir='ltr'>synodicis</span> <span class='ocrx_word' id='word_1_175' title='bbox 1076 2582 1152 2651; x_wconf 85' lang='lat' dir='ltr'>suis</span> <span class='ocrx_word' id='word_1_176' title='bbox 1176 2592 1211 2651; x_wconf 89' lang='lat' dir='ltr'>et</span> <span class='ocrx_word' id='word_1_177' title='bbox 1233 2587 1268 2651; x_wconf 94' lang='lat' dir='ltr'>li·</span> 
     </span>
     <span class='ocr_line' id='line_1_23' title="bbox 84 2688 1267 2777; baseline 0.006 -23"><span class='ocrx_word' id='word_1_178' title='bbox 84 2689 169 2754; x_wconf 90' lang='lat' dir='ltr'>bello</span> <span class='ocrx_word' id='word_1_179' title='bbox 199 2688 275 2755; x_wconf 87' lang='lat' dir='ltr'>fidoi</span> <span class='ocrx_word' id='word_1_180' title='bbox 302 2711 381 2756; x_wconf 87' lang='lat' dir='ltr'>suae</span> <span class='ocrx_word' id='word_1_181' title='bbox 412 2699 559 2777; x_wconf 86' lang='lat' dir='ltr'>receptus</span> <span class='ocrx_word' id='word_1_182' title='bbox 582 2698 631 2758; x_wconf 84' lang='lat' dir='ltr'>est</span> <span class='ocrx_word' id='word_1_183' title='bbox 653 2690 694 2756; x_wconf 90' lang='lat' dir='ltr'>ab</span> <span class='ocrx_word' id='word_1_184' title='bbox 717 2690 884 2755; x_wconf 86' lang='lat' dir='ltr'>Hadriano</span> <span class='ocrx_word' id='word_1_185' title='bbox 906 2711 1003 2775; x_wconf 89' lang='lat' dir='ltr'>papa.</span> <span class='ocrx_word' id='word_1_186' title='bbox 1047 2693 1187 2761; x_wconf 88' lang='lat' dir='ltr'>mittens</span> <span class='ocrx_word' id='word_1_187' title='bbox 1211 2716 1267 2760; x_wconf 88' lang='lat' dir='ltr'>an·</span> 
     </span>
     <span class='ocr_line' id='line_1_24' title="bbox 83 2799 1266 2885; baseline 0.008 -22"><span class='ocrx_word' id='word_1_188' title='bbox 83 2805 148 2864; x_wconf 88' lang='lat' dir='ltr'>tem</span> <span class='ocrx_word' id='word_1_189' title='bbox 171 2805 202 2864; x_wconf 90' lang='lat' dir='ltr'>et</span> <span class='ocrx_word' id='word_1_190' title='bbox 223 2799 412 2885; x_wconf 86' lang='lat' dir='ltr'>imperatrix</span> <span class='ocrx_word' id='word_1_191' title='bbox 433 2802 526 2885; x_wconf 91' lang='lat' dir='ltr'>petiit</span> <span class='ocrx_word' id='word_1_192' title='bbox 560 2808 596 2867; x_wconf 89' lang='lat' dir='ltr'>ut</span> <span class='ocrx_word' id='word_1_193' title='bbox 624 2802 747 2866; x_wconf 85' lang='lat' dir='ltr'>litteras</span> <span class='ocrx_word' id='word_1_194' title='bbox 775 2820 850 2866; x_wconf 85' lang='lat' dir='ltr'>snas</span> <span class='ocrx_word' id='word_1_195' title='bbox 880 2801 1018 2865; x_wconf 86' lang='lat' dir='ltr'>mitteret</span> <span class='ocrx_word' id='word_1_196' title='bbox 1047 2806 1080 2865; x_wconf 88' lang='lat' dir='ltr'>et</span> <span class='ocrx_word' id='word_1_197' title='bbox 1108 2802 1266 2872; x_wconf 87' lang='lat' dir='ltr'>homines</span> 
     </span>
     <span class='ocr_line' id='line_1_25' title="bbox 85 2909 1265 2997; baseline 0.005 -24"><span class='ocrx_word' id='word_1_198' title='bbox 85 2910 139 2993; x_wconf 90' lang='lat' dir='ltr'>qui</span> <span class='ocrx_word' id='word_1_199' title='bbox 162 2909 384 2976; x_wconf 89' lang='lat' dir='ltr'>inuenirentnr</span> <span class='ocrx_word' id='word_1_200' title='bbox 406 2911 438 2975; x_wconf 93' lang='lat' dir='ltr'>in</span> <span class='ocrx_word' id='word_1_201' title='bbox 462 2911 596 2997; x_wconf 87' lang='lat' dir='ltr'>synodo.</span> <span class='ocrx_word' id='word_1_202' title='bbox 640 2912 694 2995; x_wconf 92' lang='lat' dir='ltr'>qni</span> <span class='ocrx_word' id='word_1_203' title='bbox 723 2909 841 2975; x_wconf 81' lang='lat' dir='ltr'>direxit</span> <span class='ocrx_word' id='word_1_204' title='bbox 862 2911 990 2975; x_wconf 89' lang='lat' dir='ltr'>Petrum</span> <span class='ocrx_word' id='word_1_205' title='bbox 1019 2911 1265 2979; x_wconf 89' lang='lat' dir='ltr'>uicedominnm</span> 
     </span>
     <span class='ocr_line' id='line_1_26' title="bbox 85 3021 1309 3104; baseline 0 -20"><span class='ocrx_word' id='word_1_206' title='bbox 85 3021 240 3084; x_wconf 88' lang='lat' dir='ltr'>ecclesiae</span> <span class='ocrx_word' id='word_1_207' title='bbox 263 3039 340 3084; x_wconf 85' lang='lat' dir='ltr'>suae</span> <span class='ocrx_word' id='word_1_208' title='bbox 363 3027 395 3084; x_wconf 87' lang='lat' dir='ltr'>ct</span> <span class='ocrx_word' id='word_1_209' title='bbox 416 3022 544 3085; x_wconf 87' lang='lat' dir='ltr'>Petrum</span> <span class='ocrx_word' id='word_1_210' title='bbox 568 3021 790 3104; x_wconf 84' lang='lat' dir='ltr'>Hogumenum</span> <span class='ocrx_word' id='word_1_211' title='bbox 815 3023 918 3086; x_wconf 75' lang='lat' dir='ltr'>salicti</span> <span class='ocrx_word' id='word_1_212' title='bbox 941 3021 1057 3103; x_wconf 85' lang='lat' dir='ltr'>Sabae,</span> <span class='ocrx_word' id='word_1_213' title='bbox 1089 3023 1181 3090; x_wconf 89' lang='lat' dir='ltr'>uiros</span> <span class='ocrx_word' id='word_1_214' title='bbox 1205 3023 1264 3090; x_wconf 90' lang='lat' dir='ltr'>ho·</span> <span class='ocrx_word' id='word_1_215' title='bbox 1279 3034 1309 3084; x_wconf 71' lang='lat' dir='ltr'>aa</span> 
     </span>
     <span class='ocr_line' id='line_1_27' title="bbox 83 3128 1263 3200; baseline 0.007 -8"><span class='ocrx_word' id='word_1_216' title='bbox 83 3128 246 3192; x_wconf 89' lang='lat' dir='ltr'>norabilcs</span> <span class='ocrx_word' id='word_1_217' title='bbox 279 3147 316 3191; x_wconf 90' lang='lat' dir='ltr'>ao</span> <span class='ocrx_word' id='word_1_218' title='bbox 348 3129 435 3192; x_wconf 90' lang='lat' dir='ltr'>omni</span> <span class='ocrx_word' id='word_1_219' title='bbox 467 3129 585 3194; x_wconf 87' lang='lat' dir='ltr'>uirtute</span> <span class='ocrx_word' id='word_1_220' title='bbox 619 3129 802 3196; x_wconf 86' lang='lat' dir='ltr'>adornatos.</span> <span class='ocrx_word' id='word_1_221' title='bbox 847 3131 935 3196; x_wconf 85' lang='lat' dir='ltr'>misit</span> <span class='ocrx_word' id='word_1_222' title='bbox 967 3137 1073 3194; x_wconf 88' lang='lat' dir='ltr'>autern</span> <span class='ocrx_word' id='word_1_223' title='bbox 1107 3142 1139 3196; x_wconf 90' lang='lat' dir='ltr'>et</span> <span class='ocrx_word' id='word_1_224' title='bbox 1169 3134 1263 3200; x_wconf 81' lang='lat' dir='ltr'>Anti-</span> 
     </span>
     <span class='ocr_line' id='line_1_28' title="bbox 84 3234 1261 3327; baseline 0.008 -27"><span class='ocrx_word' id='word_1_225' title='bbox 84 3234 210 3300; x_wconf 90' lang='lat' dir='ltr'>ochiam</span> <span class='ocrx_word' id='word_1_226' title='bbox 234 3243 265 3300; x_wconf 88' lang='lat' dir='ltr'>et</span> <span class='ocrx_word' id='word_1_227' title='bbox 287 3237 519 3302; x_wconf 80' lang='lat' dir='ltr'>Alexandriani</span> <span class='ocrx_word' id='word_1_228' title='bbox 541 3245 606 3303; x_wconf 89' lang='lat' dir='ltr'>tam</span> <span class='ocrx_word' id='word_1_229' title='bbox 629 3240 819 3323; x_wconf 83' lang='lat' dir='ltr'>imperatrix</span> <span class='ocrx_word' id='word_1_230' title='bbox 840 3261 936 3322; x_wconf 86' lang='lat' dir='ltr'>quam</span> <span class='ocrx_word' id='word_1_231' title='bbox 959 3240 1155 3327; x_wconf 88' lang='lat' dir='ltr'>patriarcha.</span> <span class='ocrx_word' id='word_1_232' title='bbox 1203 3245 1261 3310; x_wconf 88' lang='lat' dir='ltr'>ad-</span> 
     </span>
     <span class='ocr_line' id='line_1_29' title="bbox 83 3345 1261 3433; baseline 0.008 -22"><span class='ocrx_word' id='word_1_233' title='bbox 83 3345 146 3411; x_wconf 90' lang='lat' dir='ltr'>huc</span> <span class='ocrx_word' id='word_1_234' title='bbox 173 3366 313 3430; x_wconf 88' lang='lat' dir='ltr'>namque</span> <span class='ocrx_word' id='word_1_235' title='bbox 340 3367 406 3432; x_wconf 86' lang='lat' dir='ltr'>pax</span> <span class='ocrx_word' id='word_1_236' title='bbox 434 3367 516 3433; x_wconf 88' lang='lat' dir='ltr'>quae</span> <span class='ocrx_word' id='word_1_237' title='bbox 546 3348 630 3414; x_wconf 86' lang='lat' dir='ltr'>tacta</span> <span class='ocrx_word' id='word_1_238' title='bbox 659 3349 762 3414; x_wconf 86' lang='lat' dir='ltr'>tuerat</span> <span class='ocrx_word' id='word_1_239' title='bbox 789 3369 859 3414; x_wconf 89' lang='lat' dir='ltr'>com</span> <span class='ocrx_word' id='word_1_240' title='bbox 882 3350 1054 3430; x_wconf 83' lang='lat' dir='ltr'>Arabibus,</span> <span class='ocrx_word' id='word_1_241' title='bbox 1093 3371 1157 3416; x_wconf 92' lang='lat' dir='ltr'>non</span> <span class='ocrx_word' id='word_1_242' title='bbox 1190 3364 1261 3420; x_wconf 87' lang='lat' dir='ltr'>erat</span> 
     </span>
     <span class='ocr_line' id='line_1_30' title="bbox 84 3456 1260 3545; baseline 0.004 -21"><span class='ocrx_word' id='word_1_243' title='bbox 84 3458 197 3524; x_wconf 87' lang='lat' dir='ltr'>soluta.</span> <span class='ocrx_word' id='word_1_244' title='bbox 243 3467 274 3522; x_wconf 88' lang='lat' dir='ltr'>ct</span> <span class='ocrx_word' id='word_1_245' title='bbox 303 3456 463 3523; x_wconf 84' lang='lat' dir='ltr'>duxerunt</span> <span class='ocrx_word' id='word_1_246' title='bbox 491 3459 532 3524; x_wconf 87' lang='lat' dir='ltr'>ab</span> <span class='ocrx_word' id='word_1_247' title='bbox 555 3459 727 3525; x_wconf 77' lang='lat' dir='ltr'>Antiochia</span> <span class='ocrx_word' id='word_1_248' title='bbox 749 3458 879 3544; x_wconf 89' lang='lat' dir='ltr'>quidem</span> <span class='ocrx_word' id='word_1_249' title='bbox 902 3460 1079 3525; x_wconf 86' lang='lat' dir='ltr'>Iohannem</span> <span class='ocrx_word' id='word_1_250' title='bbox 1102 3482 1260 3545; x_wconf 83' lang='lat' dir='ltr'>magnum</span> 
     </span>
     <span class='ocr_line' id='line_1_31' title="bbox 83 3569 1309 3659; baseline -0.001 -26"><span class='ocrx_word' id='word_1_251' title='bbox 83 3573 180 3652; x_wconf 85' lang='lat' dir='ltr'>atque</span> <span class='ocrx_word' id='word_1_252' title='bbox 200 3569 358 3634; x_wconf 78' lang='lat' dir='ltr'>famosum</span> <span class='ocrx_word' id='word_1_253' title='bbox 386 3569 485 3635; x_wconf 88' lang='lat' dir='ltr'>uerbo</span> <span class='ocrx_word' id='word_1_254' title='bbox 513 3578 545 3635; x_wconf 89' lang='lat' dir='ltr'>et</span> <span class='ocrx_word' id='word_1_255' title='bbox 566 3589 664 3656; x_wconf 85' lang='lat' dir='ltr'>opere</span> <span class='ocrx_word' id='word_1_256' title='bbox 686 3569 866 3636; x_wconf 78' lang='lat' dir='ltr'>sanctitatis</span> <span class='ocrx_word' id='word_1_257' title='bbox 889 3571 1078 3656; x_wconf 86' lang='lat' dir='ltr'>participem</span> <span class='ocrx_word' id='word_1_258' title='bbox 1103 3573 1157 3655; x_wconf 87' lang='lat' dir='ltr'>qui</span> <span class='ocrx_word' id='word_1_259' title='bbox 1181 3596 1260 3659; x_wconf 86' lang='lat' dir='ltr'>syn·</span> <span class='ocrx_word' id='word_1_260' title='bbox 1277 3586 1309 3636; x_wconf 76' lang='lat' dir='ltr'>to</span> 
     </span>
     <span class='ocr_line' id='line_1_32' title="bbox 84 3679 1259 3764; baseline 0.004 -21"><span class='ocrx_word' id='word_1_261' title='bbox 84 3680 184 3744; x_wconf 87' lang='lat' dir='ltr'>collus</span> <span class='ocrx_word' id='word_1_262' title='bbox 214 3679 405 3744; x_wconf 75' lang='lat' dir='ltr'>Antiochcni</span> <span class='ocrx_word' id='word_1_263' title='bbox 435 3680 639 3764; x_wconf 88' lang='lat' dir='ltr'>patriarchae</span> <span class='ocrx_word' id='word_1_264' title='bbox 667 3679 726 3745; x_wconf 87' lang='lat' dir='ltr'>fuit</span> <span class='ocrx_word' id='word_1_265' title='bbox 753 3686 785 3744; x_wconf 86' lang='lat' dir='ltr'>et</span> <span class='ocrx_word' id='word_1_266' title='bbox 812 3679 968 3744; x_wconf 86' lang='lat' dir='ltr'>Thomam</span> <span class='ocrx_word' id='word_1_267' title='bbox 998 3679 1259 3748; x_wconf 80' lang='lat' dir='ltr'>Alexandrinum</span> 
     </span>
    </p>
   </div>
   <div class='ocr_carea' id='block_1_3' title="bbox 82 3977 1260 4429">
    <p class='ocr_par' dir='ltr' id='par_1_3' title="bbox 82 3977 1260 4429">
     <span class='ocr_line' id='line_1_33' title="bbox 151 3977 1260 4061; baseline 0.005 -18"><span class='ocrx_word' id='word_1_268' title='bbox 151 3993 166 4043; x_wconf 87' lang='lat'><strong>3</strong></span> <span class='ocrx_word' id='word_1_269' title='bbox 185 3989 357 4045; x_wconf 79' lang='lat' dir='ltr'>orthodoxrel</span> <span class='ocrx_word' id='word_1_270' title='bbox 381 3991 407 4051; x_wconf 83' lang='grc' dir='ltr'>Ι)</span> <span class='ocrx_word' id='word_1_271' title='bbox 509 3995 524 4044; x_wconf 88' lang='grc'>5</span> <span class='ocrx_word' id='word_1_272' title='bbox 543 4005 664 4045; x_wconf 86' lang='lat' dir='ltr'>rnnenrer</span> <span class='ocrx_word' id='word_1_273' title='bbox 690 3977 885 4061; x_wconf 77' lang='lat' dir='ltr'>condiplnatui</span> <span class='ocrx_word' id='word_1_274' title='bbox 900 3989 928 4045; x_wconf 79' lang='lat' dir='ltr'>b</span> <span class='ocrx_word' id='word_1_275' title='bbox 1030 3994 1045 4045; x_wconf 82' lang='lat'>9</span> <span class='ocrx_word' id='word_1_276' title='bbox 1064 3989 1214 4045; x_wconf 77' lang='lat' dir='ltr'>assertionis</span> <span class='ocrx_word' id='word_1_277' title='bbox 1231 3994 1260 4048; x_wconf 82' lang='lat' dir='ltr'>I)</span> 
     </span>
     <span class='ocr_line' id='line_1_34' title="bbox 85 4082 1260 4154; baseline 0.005 -19"><span class='ocrx_word' id='word_1_278' title='bbox 85 4085 115 4135; x_wconf 90' lang='grc'>10</span> <span class='ocrx_word' id='word_1_279' title='bbox 133 4082 280 4150; x_wconf 78' lang='lat' dir='ltr'>petronii)</span> <span class='ocrx_word' id='word_1_280' title='bbox 385 4089 414 4136; x_wconf 83' lang='lat'>12</span> <span class='ocrx_word' id='word_1_281' title='bbox 432 4083 616 4153; x_wconf 81' lang='lat' dir='ltr'>prouenteill</span> <span class='ocrx_word' id='word_1_282' title='bbox 720 4089 749 4138; x_wconf 85' lang='grc'>15</span> <span class='ocrx_word' id='word_1_283' title='bbox 775 4086 913 4154; x_wconf 79' lang='lat' dir='ltr'>questione</span> <span class='ocrx_word' id='word_1_284' title='bbox 930 4082 956 4136; x_wconf 85' lang='lat' dir='ltr'><em>D</em></span> <span class='ocrx_word' id='word_1_285' title='bbox 1061 4088 1090 4137; x_wconf 86' lang='grc'>11</span> <span class='ocrx_word' id='word_1_286' title='bbox 1110 4091 1210 4138; x_wconf 87' lang='lat' dir='ltr'>ecclam</span> <span class='ocrx_word' id='word_1_287' title='bbox 1230 4087 1260 4141; x_wconf 82' lang='lat' dir='ltr'><em>D</em></span> 
     </span>
     <span class='ocr_line' id='line_1_35' title="bbox 86 4155 1256 4232; baseline 0.006 -6"><span class='ocrx_word' id='word_1_288' title='bbox 86 4177 115 4227; x_wconf 83' lang='lat' dir='ltr'>ta</span> <span class='ocrx_word' id='word_1_289' title='bbox 134 4176 160 4228; x_wconf 85' lang='lat' dir='ltr'>kl</span> <span class='ocrx_word' id='word_1_290' title='bbox 188 4155 232 4230; x_wconf 82' lang='lat' dir='ltr'>rari</span> <span class='ocrx_word' id='word_1_291' title='bbox 258 4175 285 4230; x_wconf 87' lang='grc' dir='ltr'>Ι)</span> <span class='ocrx_word' id='word_1_292' title='bbox 388 4182 420 4230; x_wconf 78' lang='lat'>22</span> <span class='ocrx_word' id='word_1_293' title='bbox 448 4177 559 4231; x_wconf 77' lang='lat' dir='ltr'>adriano</span> <span class='ocrx_word' id='word_1_294' title='bbox 584 4175 610 4229; x_wconf 85' lang='lat' dir='ltr'><em>D</em></span> <span class='ocrx_word' id='word_1_295' title='bbox 710 4182 743 4231; x_wconf 80' lang='grc'>11</span> <span class='ocrx_word' id='word_1_296' title='bbox 779 4177 889 4232; x_wconf 86' lang='lat' dir='ltr'>Petrum</span> <span class='ocrx_word' id='word_1_297' title='bbox 920 4176 1025 4231; x_wconf 67' lang='lat' dir='ltr'>aab</span> <span class='ocrx_word' id='word_1_298' title='bbox 1128 4181 1159 4229; x_wconf 86' lang='grc'>15</span> <span class='ocrx_word' id='word_1_299' title='bbox 1186 4178 1256 4232; x_wconf 87' lang='lat' dir='ltr'>beu-</span> 
     </span>
     <span class='ocr_line' id='line_1_36' title="bbox 82 4251 1257 4338; baseline 0.004 -18"><span class='ocrx_word' id='word_1_300' title='bbox 82 4251 197 4332; x_wconf 72' lang='lat' dir='ltr'>gument</span> <span class='ocrx_word' id='word_1_301' title='bbox 217 4267 244 4322; x_wconf 85' lang='lat' dir='ltr'>o</span> <span class='ocrx_word' id='word_1_302' title='bbox 313 4268 418 4324; x_wconf 71' lang='lat' dir='ltr'>sabab</span> <span class='ocrx_word' id='word_1_303' title='bbox 504 4274 536 4324; x_wconf 85' lang='lat' dir='ltr'>ao</span> <span class='ocrx_word' id='word_1_304' title='bbox 555 4270 657 4338; x_wconf 60' lang='lat' dir='ltr'>aarum</span> <span class='ocrx_word' id='word_1_305' title='bbox 676 4269 833 4325; x_wconf 70' lang='lat' dir='ltr'>eduxerunt</span> <span class='ocrx_word' id='word_1_306' title='bbox 850 4270 876 4324; x_wconf 85' lang='lat' dir='ltr'>o</span> <span class='ocrx_word' id='word_1_307' title='bbox 962 4272 995 4323; x_wconf 83' lang='lat' dir='ltr'>ao</span> <span class='ocrx_word' id='word_1_308' title='bbox 1013 4269 1141 4324; x_wconf 72' lang='lat' dir='ltr'>uersor&gt;</span> <span class='ocrx_word' id='word_1_309' title='bbox 1201 4271 1257 4325; x_wconf 80' lang='lat' dir='ltr'>on-</span> 
     </span>
     <span class='ocr_line' id='line_1_37' title="bbox 83 4357 523 4429; baseline 0.018 -20"><span class='ocrx_word' id='word_1_310' title='bbox 83 4357 166 4411; x_wconf 84' lang='lat' dir='ltr'>cellul</span> <span class='ocrx_word' id='word_1_311' title='bbox 179 4358 207 4411; x_wconf 84' lang='lat' dir='ltr'><em>D</em></span> <span class='ocrx_word' id='word_1_312' title='bbox 275 4364 304 4414; x_wconf 84' lang='grc'>31</span> <span class='ocrx_word' id='word_1_313' title='bbox 324 4361 480 4429; x_wconf 82' lang='lat' dir='ltr'>patriarcha</span> <span class='ocrx_word' id='word_1_314' title='bbox 497 4361 523 4417; x_wconf 85' lang='grc' dir='ltr'>Ι)</span> 
     </span>
    </p>
   </div>
   <div class='ocr_carea' id='block_1_4' title="bbox 0 0 1425 5394">
    <p class='ocr_par' dir='ltr' id='par_1_4' title="bbox 0 0 1425 5394">
     <span class='ocr_line' id='line_1_38' title="bbox 0 0 1425 5394; baseline 0 0"><span class='ocrx_word' id='word_1_315' title='bbox 0 0 1425 5394; x_wconf 95' lang='lat' dir='ltr'> </span> 
     </span>
    </p>
   </div>
  </div>
 </body>
</html>
