2834 5394
509 687 582 735 osu.
605 685 863 734 xxxnr-xxxvn
1206 672 1269 735 607

97 843 243 909 issimum
265 842 299 905 in
321 840 541 907 defensionem
563 831 720 905 ueritatis.
764 837 935 923 disputatis
963 838 1048 903 enim
1078 837 1270 904 conuenien-

98 953 183 1018 tibus
206 950 247 1016 de
268 951 332 1016 tide
355 950 503 1035 plebibus
524 950 647 1033 regiam
669 948 840 1033 repedauit
861 947 903 1013 ad
923 949 1036 1014 urbem
1051 956 1084 1014 et
1105 949 1270 1030 sapienter

98 1063 244 1144 cogitans
279 1061 396 1126 multos
423 1061 591 1126 rebellium
618 1080 677 1144 por
704 1078 824 1142 paucas
852 1059 968 1142 plagas
997 1058 1151 1124 deterruit
1171 1058 1270 1123 exilio

98 1191 224 1256 quoque
246 1170 410 1255 deportari
430 1170 515 1237 filios
537 1169 756 1250 Constantini,
785 1168 839 1253 qui
861 1169 962 1235 oculis
984 1169 1088 1234 orbati
1110 1188 1183 1234 esse
1204 1185 1271 1231 ccr-

67 1283 259 1347 enebantur
288 1282 322 1345 in
350 1280 538 1365 Aphusiam.
582 1300 680 1345 unum
711 1298 789 1344 uero
808 1297 860 1354 ,ex
895 1277 1116 1344 seductoribus
1151 1278 1268 1344 falsum

99 1393 265 1458 eremitam
281 1392 407 1456 Nicolai
430 1390 631 1456 exacionitae
652 1389 791 1454 malefici
812 1389 943 1470 socium,
967 1389 1022 1472 qui
1044 1389 1169 1453 iconam
1193 1408 1271 1454 san·

98 1503 260 1568 ctissimae
289 1501 342 1566 dei
370 1500 542 1584 genetricis
571 1498 765 1582 deposuerat
791 1506 824 1564 ct
859 1497 1132 1565 dehonestauerat
1158 1498 1272 1581 lingua

98 1613 203 1678 recisa
234 1612 412 1692 mutilauit,
447 1610 503 1695 qui
532 1616 564 1674 ct
591 1615 734 1674 mortuus
763 1615 814 1674 est
841 1627 974 1692 corpore
1001 1617 1032 1674 et
1053 1609 1173 1674 anima.
1217 1609 1270 1677 bis

98 1730 204 1787 autern
220 1723 377 1805 collegam
391 1721 560 1785 Nicolaum
583 1718 854 1803 repromittentem
877 1737 912 1784 se
933 1719 1163 1802 paenitentiam
1185 1731 1271 1785 actu·
1359 1781 1362 1788 .

53 1842 81 1890 ¹0
98 1853 167 1896 rum
190 1851 296 1896 coram
319 1831 468 1896 omnibus
489 1829 682 1914 publicauit,
712 1828 915 1893 confitentem
937 1848 1064 1913 quoquc
1086 1850 1146 1896 sua
1166 1831 1271 1915 ipsius

98 1942 185 2006 mala
205 1939 339 2005 tradidit
360 1941 450 2005 illum
471 1941 505 2004 in
528 1940 723 2005 monasterio
746 1937 989 2005 custodiendum
1012 1959 1053 2004 ne
1075 1940 1177 2005 libera
1198 1960 1271 2006 cou-

98 2052 281 2119 uersatione
303 2050 395 2115 libitu
417 2051 546 2136 proprio
569 2049 763 2115 abuteretur.
793 2049 923 2133 populis
944 2055 1051 2115 autem
1075 2069 1183 2115 coram
1198 2069 1271 2116 con-

98 2163 171 2226 cilio
200 2162 235 2225 in
256 2161 436 2244 Magnaura
458 2160 666 2226 concionatus
689 2158 735 2244 pii
765 2165 799 2225 et
825 2157 1001 2225 secundum
1030 2158 1125 2224 deum
1154 2180 1270 2228 sensus

99 2272 148 2336 sui
172 2269 325 2353 dogmata
345 2269 575 2335 manifestauit.
613 2277 646 2334 at
667 2288 744 2334 uero
760 2268 964 2352 Athingauos
979 2270 1148 2354 publicans
1170 2271 1269 2336 exilio

53 2380 230 2446 retradidit
251 2400 310 2466 per
331 2381 471 2445 Leonem
492 2387 672 2464 praetorem
687 2379 910 2446 Orientalium.

182 2492 281 2556 Porro
309 2491 454 2573 Augusto
481 2509 593 2556 mense
624 2490 755 2574 quintae
784 2488 969 2556 indictionis
991 2489 1131 2555 Thebitb
1154 2499 1265 2558 contra
1275 2489 1396 2559 XXX

97 2600 301 2666 Christianos
331 2601 505 2667 exercitum
533 2600 650 2679 mouit,
683 2619 756 2664 cum
785 2619 847 2684 quo
870 2600 937 2665 Leo
959 2600 1080 2665 bellurn
1101 2602 1269 2671 conterens
1353 2651 1356 2657 -

97 2711 299 2774 orientalium
328 2717 457 2795 praetor
489 2716 698 2794 prosperatus
727 2716 777 2776 est
804 2709 868 2774 duo
897 2709 988 2774 milia
1013 2710 1209 2778 interficiens
1238 2719 1271 2778 et

98 2838 197 2902 equos
220 2818 497 2903 comprehendens
512 2826 544 2884 et
564 2839 665 2884 arma.
694 2817 902 2883 Muhammad
917 2825 1023 2883 autem
1046 2821 1169 2903 primus
1183 2821 1269 2889 tilius

49 2943 80 2993 to
97 2930 204 2992 Aaron
227 2936 342 2994 tenens
362 2929 576 3013 principatum
598 2926 705 3010 gentis
726 2927 805 2992 inito
821 2926 905 2992 bello
928 2929 961 2994 in
978 2928 1121 2995 interiori
1137 2930 1271 2997 Perside

97 3058 167 3103 cum
191 3037 354 3103 Habdalla
375 3039 473 3104 fratre
495 3058 553 3103 suo
583 3043 754 3122 superatus
776 3044 834 3103 est.
879 3043 912 3103 et
940 3037 1065 3122 lugiens
1092 3039 1126 3104 in
1156 3041 1270 3126 Bagda

96 3149 180 3213 hanc
212 3149 359 3232 optinuit.
416 3150 611 3214 Damascum
654 3166 731 3212 uero
768 3147 852 3214 alius
886 3154 1043 3232 tyrannus
1083 3149 1198 3215 babuit
1238 3157 1271 3216 et

95 3261 276 3343 Aegyptum
307 3267 338 3324 et
366 3258 505 3323 Africam
535 3257 599 3323 duo
627 3257 737 3342 partiti
766 3266 841 3324 sunt
878 3266 909 3322 et
936 3260 1155 3326 Palaestinam
1184 3261 1270 3329 alius

96 3369 232 3435 lobonis
255 3389 343 3435 morc
366 3368 521 3453 depastus
543 3375 603 3435 est.

49 3497 79 3545 ab
181 3479 274 3543 Anno
301 3479 430 3563 imperii
458 3478 626 3545 Michaelis
655 3477 797 3545 secundo
820 3477 969 3545 Orunnus
998 3480 1173 3564 Bulgarum
1203 3479 1271 3547 dux

96 3608 155 3671 per
175 3590 411 3671 Dargamerum
438 3609 497 3674 pro
519 3607 601 3672 pace
628 3609 740 3655 rursus
762 3587 804 3653 ad
829 3588 1019 3655 Michaelem
1042 3592 1268 3676 imperatorem

96 3698 290 3781 legationem
313 3698 409 3779 misit,
433 3718 594 3781 quaerens
616 3698 749 3764 foedera
771 3718 853 3782 quae
869 3699 929 3765 sub
945 3699 1129 3767 Theodosio
1144 3700 1272 3766 Hadra·

97 3808 219 3892 mytino
242 3813 275 3872 et
296 3808 458 3872 Germano
479 3808 666 3892 patriarcha
680 3810 877 3893 repromissa
891 3811 1019 3875 lucrant
1034 3809 1197 3876 (lormcsio
1214 3811 1267 3894 qui

96 3936 155 4001 per
175 3916 255 3982 illud
278 3923 405 4001 tempus
426 3918 599 4001 Bulgariae
620 3917 769 3984 dominus
791 3918 987 4000 habebatur,
1010 3938 1093 4001 quae
1115 3921 1271 3986 terminos

48 4045 79 4095 ao
97 4026 261 4092 habebant
288 4027 474 4094 Ameleonis
502 4026 698 4096 Thracensis
727 4029 920 4094 uestimenta
953 4048 1081 4113 quoque
1115 4048 1173 4095 seu
1201 4047 1270 4094 coo·

96 4139 205 4202 cineas
227 4137 329 4220 pelles
352 4157 454 4221 usque
476 4135 518 4202 ad
546 4138 682 4222 pretium
711 4139 947 4222 quinquaginta
968 4140 1122 4205 librarum
1146 4139 1215 4204 auri
1238 4147 1272 4206 et

95 4268 193 4332 super
215 4247 297 4312 haec
318 4247 470 4330 profugos
492 4247 659 4332 utriusque
682 4248 784 4332 partis
816 4248 858 4313 ad
886 4251 1074 4316 alterutrum
1101 4247 1212 4330 reddi,
1240 4249 1269 4314 si

163 4526 369 4596 theremrth
438 4539 633 4595 exacronrteI)
723 4546 748 4593 11
769 4542 930 4596 monasteria
957 4541 991 4596 θ’
1087 4518 1214 4595 talioni
1242 4540 1269 4596 b

100 4639 127 4686 tt
146 4639 175 4687 at
191 4632 363 4702 bruganolD
431 4637 464 4687 20
482 4633 593 4687 aronD
643 4619 836 4688 auturicio
886 4616 1079 4703 phaleltrndD
1156 4638 1188 4688 lb
1206 4620 1269 4688 crd-

95 4725 145 4780 nnl
159 4705 317 4794 uulgariull
402 4730 434 4780 at
452 4725 546 4799 iqdera
563 4724 590 4780 b
658 4725 817 4781 adramium
835 4725 862 4781 D
947 4731 980 4781 ab
997 4728 1117 4796 uulgaris
1134 4726 1161 4782 b
1235 4731 1268 4782 30

94 4818 255 4887 thracensib3
276 4819 302 4869 u
