2834 5394
212 276 253 339 60
505 284 520 317 ·
724 291 814 337 nram
835 288 876 336 ιιι

210 442 302 507 milia
329 441 472 526 peditum
500 449 533 507 et
562 448 713 524 quattuor
740 443 832 507 milia
858 442 1018 525 equitum,
1054 442 1172 526 uiginti
1206 442 1371 528 elephanti.

210 551 406 635 <Celtiberos
425 552 555 627 milites,
577 571 673 635 quam
696 553 833 636 primam
854 560 1021 618 externam
1043 572 1176 617 manum
1190 554 1324 619 Romani
1339 556 1366 621 in

210 664 326 730 eastris
347 661 469 728 babere
490 670 674 746 coeperunt,
707 662 810 746 pretio
839 663 1029 729 sollicitatos
1056 664 1098 728 ab
1120 663 1263 730 hostiurn
1285 664 1363 731 soor

209 781 275 839 tate
297 774 331 839 in
354 794 414 839 sua
434 780 542 839 eastra
571 772 740 838 duxerunt.
783 774 994 858 Sempronius
1016 772 1183 841 Graeebus
1211 773 1360 858 prooonud

208 885 251 950 ab
279 884 406 968 bospite
435 905 494 949 suo
521 884 651 947 Lueano
681 882 820 964 quodam
850 884 884 947 in
911 883 1049 950 insidias
1077 881 1230 950 induetus
1257 878 1396 950 oeeisus⁶

209 994 286 1078 est.)
329 994 505 1058 Centenius
526 993 651 1057 Penula
672 994 817 1058 eenturio
838 993 969 1059 decerni
992 994 1057 1059 sibi
1077 995 1162 1059 ultro
1184 995 1303 1060 bellum
1321 992 1362 1059 ad

207 1126 323 1171 uersus
337 1103 554 1169 Hannibalem
570 1103 663 1186 petiit
685 1122 707 1167 a
727 1123 791 1184 quo
809 1123 880 1168 eum
896 1112 967 1169 oeto
981 1104 1114 1171 milibus
1130 1105 1278 1187 militum,
1299 1122 1364 1189 quos

206 1215 241 1280 in
263 1215 365 1279 aeiem
388 1212 555 1293 eduxerat,
577 1231 693 1278 caesus
714 1222 773 1278 est.

125 1316 189 1382 XII
296 1325 373 1389 Post
401 1323 481 1389 haee
510 1322 644 1389 Gnaeus
671 1324 806 1390 Fuluius
837 1332 966 1407 praetor
992 1323 1035 1388 ab
1062 1323 1249 1390 Hannibale
1276 1324 1368 1391 uum

208 1436 329 1501 amisso
351 1435 494 1500 exereitu
516 1434 573 1498 uix
595 1435 710 1499 euasit.
754 1453 840 1498 anuo
863 1442 977 1517 quarto
998 1442 1170 1519 postquam
1193 1435 1236 1501 ad
1250 1435 1370 1502 Italian
1405 1441 1408 1470 ⁷

206 1545 371 1611 Hannibal
404 1545 493 1610 uenit
516 1545 663 1611 Gnaeum
690 1544 840 1608 Fuluium
868 1546 1101 1628 proconsulem,
1136 1544 1185 1609 XI
1212 1554 1373 1631 praeterea

207 1656 354 1721 tribunos
388 1663 420 1721 et
447 1654 540 1719 xvll
567 1654 658 1718 milia
686 1654 822 1719 militum
851 1654 1020 1720 interierit.
1064 1654 1236 1721 llareellus
1269 1655 1374 1722 eonsul

206 1784 277 1830 eum
299 1765 483 1831 Hannibale
505 1764 592 1849 apud
614 1765 731 1829 Nolam
754 1783 812 1848 per
834 1762 974 1830 triduum
996 1765 1182 1830 continuum
1203 1764 1374 1832 dimieanit

206 1877 310 1960 primo
333 1875 387 1940 die
409 1876 479 1959 pari
503 1894 614 1958 pugna
642 1873 822 1940 discessum
850 1882 914 1955 est,
948 1877 1095 1958 sequenti
1123 1876 1228 1942 uictus
1256 1877 1375 1960 consul,

206 1986 300 2050 tertio
323 1985 425 2049 uietor
446 1983 522 2048 l'Ill
543 1985 635 2049 milia
663 1983 803 2049 bostium
831 1985 1000 2065 interfecit,
1031 1986 1137 2070 ipsum
1160 1986 1376 2053 Hannibalern

206 2113 276 2159 eum
307 2094 442 2178 reliquis
470 2095 579 2176 lugere
609 2094 642 2158 in
670 2104 777 2160 eastra
803 2096 967 2180 compulit.
1010 2093 1176 2161 Hannibal
1197 2098 1318 2165 multas
1337 2099 1378 2163 ui·

205 2205 324 2269 uitates
353 2205 569 2268 Romanorum
607 2224 666 2289 per
693 2205 845 2289 Apuliam
874 2204 1059 2270 Calabriam
1086 2205 1302 2291 Brittiamque
1329 2226 1379 2273 oe·

204 2314 345 2399 oupauit.
390 2334 453 2396 quo
487 2321 631 2398 tempore
664 2316 764 2379 etiam
797 2335 855 2380 rer
887 2314 1097 2381 Macedoniae
1131 2315 1305 2402 Philippus
1336 2316 1378 2383 ad

205 2445 278 2490 eum
300 2425 425 2509 legatos
448 2424 536 2491 misit
558 2426 747 2508 promittens
769 2425 894 2490 auxilia
915 2432 1026 2490 eontm
1048 2427 1210 2492 Romanos
1234 2427 1298 2493 snb
1318 2427 1380 2493 bae

205 2536 392 2602 condicione
425 2542 461 2600 ut
492 2533 608 2601 deletis
640 2535 796 2600 Romanis
830 2534 900 2618 ipse
933 2555 1060 2619 quoque
1092 2543 1206 2601 eontra
1235 2535 1379 2605 Graeeos

205 2646 247 2710 ab
269 2645 453 2711 Hannibale
476 2646 599 2711 auxilia
622 2646 790 2730 aoeiperet.
834 2645 939 2729 eaptis
968 2646 1067 2727 igitur
1094 2645 1211 2729 legatis
1233 2646 1379 2732 Philippi

205 2762 236 2819 et
265 2774 300 2821 re
328 2756 457 2837 cognita
478 2755 615 2820 Romani
643 2755 678 2819 in
700 2753 922 2820 llaeedoniam
945 2754 1087 2820 llaroum
1110 2756 1276 2822 Valerium
1299 2757 1380 2823 Lae

205 2863 315 2928 uinum
339 2864 386 2928 ire
407 2864 581 2945 iusserunt,
605 2865 638 2928 in
661 2864 846 2929 Sardiniam
869 2866 977 2929 Titum
1000 2865 1154 2930 Manlium
1178 2868 1378 2948 Torquatum

203 2996 263 3061 pro
285 2975 425 3039 consule.
469 2995 546 3039 nam
567 2973 664 3039 etiam
687 2991 727 3038 ea
749 2974 921 3039 sollicitata
942 2975 984 3039 ab
1006 2974 1191 3041 Hannibale
1212 2977 1377 3044 Romanos

204 3084 402 3149 deseruerat.
446 3084 493 3148 ita
523 3103 588 3148 nno
620 3089 763 3168 tempore
796 3091 945 3166 quattuor
975 3084 1056 3150 locis
1085 3087 1308 3170 pugnabatur:
1341 3090 1375 3154 in

203 3193 299 3257 Italia
331 3200 445 3258 eontra
477 3194 703 3275 Hannibalem,
737 3195 771 3258 in
804 3194 965 3279 Hispania
997 3202 1109 3260 eontra
1140 3196 1272 3262 fratrem
1305 3198 1376 3264 eius

203 3301 452 3385 Hasdrubalem,
487 3304 520 3367 in
553 3303 744 3369 llaeedonia
777 3311 889 3369 eontra
922 3303 1122 3389 Philippum,
1156 3307 1190 3369 in
1222 3306 1378 3373 Sardinia

203 3419 316 3478 eontra
337 3411 459 3478 Sardos
482 3418 513 3478 et
535 3413 672 3478 alterum
693 3412 931 3480 Hasdrubalem
954 3413 1267 3498 Carthaginiensem.
1311 3418 1379 3484 isa

203 3524 278 3588 Tito
293 3523 414 3587 blanlio
437 3524 628 3606 proconsule
651 3524 706 3607 qui
728 3522 770 3588 ad
793 3522 978 3590 Sardiniam
1000 3524 1120 3590 missus
1141 3525 1255 3607 luerat,
1277 3527 1375 3594 uiuus

202 3764 317 3820 laan
386 3764 564 3819 leeltmerol
571 3765 596 3819 Β
678 3771 842 3835 aceperunt
859 3763 886 3819 Β
953 3764 1196 3834 lSrmpromulD
1264 3767 1378 3822 burdu-

203 3858 321 3913 catull)
401 3856 578 3912 dCenturrul
592 3859 691 3927 pqnnla
709 3860 736 3914 B
820 3856 983 3911 “lmrlrtrbul
998 3858 1110 3911 mrlrtum
1130 3858 1156 3911 Β
1239 3863 1332 3915 Baete
1349 3862 1378 3916 Β

203 3956 218 4001 tl
236 3952 308 4006 bunc
328 3950 355 4004 Β
422 3951 505 4018 grrerrl
523 3950 575 4004 BIl
635 3958 725 4022 preter
742 3952 777 4017 D,
794 3951 891 4006 deiude
909 3951 943 4004 ab
961 3968 1011 4003 orn.
1030 3949 1076 4017 D¹,
1094 3951 1192 4005 deirrds
1203 3952 1377 4008 hannibalem

203 4041 229 4096 Β
301 4043 843 4112 lbanno—ttlcompulrtom.ll(1b
930 4043 1057 4112 mgna
1133 4044 1377 4100 ttx—v'nmrhtnm

207 4134 231 4187 Β
319 4140 348 4189 15
366 4134 422 4189 vni
438 4136 598 4190 boltmmB
687 4135 1071 4205 ttbntuaq.1>.·bntuotB
1160 4141 1190 4192 ra
1209 4139 1331 4207 promrlrt
1349 4138 1377 4193 Β

203 4230 231 4279 ‘ll
254 4227 369 4296 capul)
455 4232 487 4281 ²2
505 4229 622 4283 lemnum
642 4229 677 4296 Β,
693 4228 765 4283 lemd
781 4229 807 4283 Ι)
884 4233 916 4282 23
934 4229 1052 4283 mallium
1071 4230 1124 4285 BD
1208 4234 1240 4285 24
1259 4246 1375 4300 procon-

202 4318 282 4373 sulem
304 4318 329 4372 B
414 4324 447 4375 26
471 4322 574 4389 ripama
591 4320 618 4375 Β
703 4325 736 4376 28
754 4322 866 4376 aliterd
883 4322 948 4386 [uid.
965 4324 1055 4391 secuse
1072 4328 1096 4385 a)
1114 4321 1158 4387 Β,
1182 4322 1280 4378 deiude
1296 4338 1376 4379 annr·

202 4414 289 4469 belem
310 4412 334 4465 Β
402 4416 435 4465 29
452 4414 541 4467 mallio
561 4412 614 4468 ΒΒ
