2834 5394
571 720 644 768 can.
668 720 841 767 vlu-vum
1256 706 1296 767 79

223 872 299 935 luno
319 870 362 935 ab
384 870 464 937 turbe
486 869 618 937 condita
638 869 872 941 sexcentesimo
893 870 992 935 Lucio
1014 870 1138 936 Licinio
1161 872 1294 938 Lucullo
1315 873 1408 940 Vllll

165 978 222 1045 lnlo
235 980 391 1046 Postumio
413 980 531 1046 Albino
553 979 740 1047 consulibus
763 999 834 1045 cum
857 999 969 1046 omnes
990 981 1153 1048 Romanos
1175 982 1290 1067 ingens

163 1088 356 1156 Celtiberorum
388 1098 492 1156 metus
520 1090 697 1157 inuasisset
723 1098 755 1154 et
777 1110 817 1156 ex
839 1089 989 1156 omnibus
1021 1111 1086 1155 nou
1118 1098 1206 1157 esset
1236 1093 1291 1176 qui

159 1200 193 1265 in
208 1200 233 1267 in
251 1200 412 1284 Hispania
432 1200 484 1264 uel
505 1199 600 1266 miles
622 1201 674 1265 uel
696 1201 822 1285 legatus
845 1198 989 1279 auderet,
1018 1200 1152 1266 Publius
1182 1201 1290 1286 Scipio

136 1310 195 1395 tqui
210 1318 273 1395 post
291 1310 465 1376 Africanus
487 1309 564 1389 erit,
597 1310 679 1374 ultro
709 1329 744 1377 se
768 1311 976 1375 militaturum
999 1310 1033 1374 in
1055 1310 1216 1396 Hispania
1237 1332 1291 1397 op

155 1421 205 1485 tulit
234 1440 302 1485 eum
330 1427 440 1486 tamen
468 1421 500 1486 in
522 1418 746 1485 Macedoniam
775 1426 861 1486 sorte
890 1420 954 1484 iam
988 1418 1163 1504 deputatus
1195 1428 1289 1487 esset

153 1530 233 1615 mque
252 1530 413 1616 protectus
435 1530 470 1595 iu
491 1529 683 1614 Hispaniam
706 1550 843 1613 magnas
871 1536 996 1612 strages
1022 1530 1165 1613 gentium
1194 1529 1291 1613 dedit,

152 1641 255 1725 saepius
276 1641 375 1705 etiam
398 1639 510 1707 militis
531 1660 627 1723 quam
649 1639 741 1706 ducis
764 1661 842 1706 usus
864 1640 978 1705 cilicio.
1022 1660 1097 1706 narn
1127 1648 1158 1706 et
1180 1640 1292 1706 barba·

152 1770 202 1815 run
231 1757 457 1837 prouocantem
494 1749 703 1833 singulariter
738 1768 931 1833 congressus
967 1748 1092 1815 occidit.
1157 1751 1290 1835 Sergius

121 1865 231 1925 tlauteu
244 1860 351 1927 anua
372 1868 501 1944 praetor
521 1879 543 1924 a
556 1860 721 1926 Lusitanis
742 1880 860 1943 magno
882 1860 1006 1944 proelio
1028 1860 1131 1926 uictus
1153 1867 1203 1926 est
1224 1863 1291 1926 uni-

155 1989 283 2055 uersoque
303 1970 448 2037 exercitu
468 1970 589 2037 amisso
617 1971 688 2055 ipse
715 1989 788 2035 cum
810 1969 924 2054 paucis
947 1971 1002 2035 uix
1024 1971 1155 2054 elapsus
1178 1973 1289 2037 euasit

151 2080 303 2165 insequenti
325 2101 412 2147 anno
435 2081 553 2147 Lucius
574 2080 746 2148 Mummius
768 2082 801 2147 in
823 2079 993 2147 Lusitania
1019 2079 1103 2145 bene
1124 2081 1291 2164 pugnauit.

152 2189 293 2259 Hareellus
315 2200 431 2276 postea
451 2191 564 2257 consul
586 2209 638 2258 res
659 2190 780 2256 ibidem
802 2210 958 2276 prospere
978 2190 1090 2275 gessit.

212 2300 345 2381 (Eodem
378 2312 522 2386 ternpore
543 2300 698 2367 Messalla
729 2320 843 2368 censor
871 2302 995 2386 primus
1024 2301 1183 2366 theatrum
1213 2300 1291 2385 lapi·

122 2408 223 2477 tom
249 2414 281 2478 in
309 2412 390 2477 urbc
418 2413 560 2478 construi
582 2412 716 2479 censuit.
761 2411 846 2496 quod
879 2431 920 2477 ne
952 2419 1027 2476 tunc
1059 2410 1150 2477 tieret
1181 2411 1289 2496 Scipio

151 2519 246 2589 b'aica
263 2523 462 2607 grauissima
482 2522 627 2588 oratione
655 2521 779 2588 obstitit
807 2521 919 2588 dicans
946 2521 1201 2589 inimicissimum
1231 2522 1290 2587 lroc

150 2629 200 2697 lore
227 2632 372 2698 bellatori
405 2632 523 2717 populo
556 2632 599 2699 ad
630 2632 833 2698 nutriendam
867 2630 1026 2699 desidiam
1057 2632 1290 2716 lasciuiamque

148 2749 345 2822 commentum,
368 2741 514 2826 adeoque
535 2742 635 2807 mouit
657 2750 804 2809 senatum
826 2751 939 2808 utnon
955 2745 1058 2809 solum
1073 2742 1169 2808 uendi
1183 2743 1291 2808 onmia

149 2848 249 2918 tleatro
269 2861 459 2937 comparata
480 2853 610 2919 iusserit
637 2852 694 2918 sed
717 2854 813 2919 etiam
837 2853 993 2920 subsellia
1015 2853 1100 2918 ludis
1122 2853 1198 2936 poni
1220 2874 1290 2938 pro

115 2957 271 3044 ”libuerit
294 2969 330 3027 ut
351 2981 455 3046 neque
477 2963 591 3028 urbani
614 2982 718 3047 neque
734 2965 788 3047 qui
804 2984 825 3026 a
840 2963 917 3029 toris
932 2964 1019 3028 mille
1034 2964 1186 3047 passibus
1200 2963 1290 3029 abes-

148 3080 202 3137 sent
220 3071 368 3139 sedentes
390 3071 484 3139 ludos
500 3080 690 3158 spectarent,
713 3094 754 3139 ne
770 3072 922 3138 tortitudo
938 3073 1063 3138 illorum
1080 3075 1288 3140 mollesceret.

209 3182 307 3265 lgitur
329 3183 364 3247 in
384 3183 547 3268 Hispania
568 3185 702 3267 Sergius
724 3183 831 3249 Galba
859 3192 987 3268 praetor
1008 3185 1181 3251 Lusitanos
1208 3187 1289 3250 citra

146 3289 245 3373 Tagum
267 3292 387 3359 flumen
410 3292 594 3360 habitantes
617 3313 687 3358 oum
711 3295 909 3361 uoluntarios
931 3295 964 3359 in
988 3295 1183 3362 deditionem
1205 3315 1289 3360 rece

146 3398 233 3482 sisset,
260 3422 319 3488 per
340 3404 446 3470 scelus
469 3403 636 3469 interfecit.
681 3404 837 3470 simulans
866 3406 952 3470 eninr
980 3404 1021 3470 (la
1049 3405 1225 3471 commodis
1253 3424 1288 3470 se

112 3504 266 3577 ¹⁵aetrnum
299 3513 367 3577 loro
399 3532 437 3578 ac
470 3514 705 3599 circumpositis
735 3514 890 3581 militibus
920 3522 1050 3581 cunctos
1080 3515 1219 3581 inermos
1242 3517 1287 3581 in·

146 3628 296 3706 cautosque
329 3624 512 3707 prostrauit.
557 3643 640 3707 quae
673 3644 725 3689 res
759 3631 873 3707 postea
905 3625 1077 3692 uniuersae
1109 3626 1287 3710 Hispaniae

146 3733 799 3818 11111111111111111111111111
821 3735 953 3800 maximi
975 3736 1127 3803 tumultus
1149 3738 1216 3802 luit.

208 3842 325 3908 Eodem
355 3851 499 3928 tempore
527 3845 648 3909 Tuccia
675 3843 766 3928 uirgo
796 3844 914 3910 Vestae
941 3846 1136 3929 arguebatur
1163 3847 1286 3914 incesti.

146 3954 169 4010 tt
183 3950 231 4017 illa
257 3972 396 4037 purgare
419 3973 454 4020 se
477 3955 675 4037 argumentis
703 3954 880 4038 dedignata
901 3955 1090 4021 mortalibus
1117 3956 1160 4020 ad
1192 3957 1287 4022 'libe

146 4105 235 4124 s·—

195 4203 328 4257 lcondrta
349 4220 400 4258 om.
421 4203 459 4261 ll.
487 4203 583 4257 deinde
600 4204 688 4258 dc·B
790 4206 898 4259 trlulo
917 4222 967 4259 om.
986 4206 1040 4260 BI)
1108 4204 1190 4258 altino
1211 4204 1289 4259 ΒΜ)

145 4292 359 4351 teltbrnbsrorum
378 4295 405 4349 B
490 4297 670 4365 bhrlpamam
692 4296 715 4350 11
778 4298 920 4352 obtust
1006 4297 1287 4352 tmachedonramll

144 4384 246 4456 inagna
263 4388 387 4458 stragell
457 4395 485 4443 11
505 4391 587 4443 amulo
605 4392 643 4441 11⁴
717 4394 745 4443 12
764 4391 912 4455 1111111),
931 4390 1097 4445 nummrulP
1166 4394 1286 4447 131111-

143 4476 214 4533 edun
232 4482 270 4536 13⁴
343 4486 477 4547 ts-eas
496 4482 531 4552 (>
551 4482 591 4536 D:
608 4482 728 4537 Tertrum
746 4483 842 4538 demde
859 4484 957 4537 bellum
976 4486 1089 4552 contrat
1105 4484 1287 4551 carthaginem

142 4566 268 4642 inteprtur·
281 4574 504 4630 sexcentebmod
518 4578 522 4644 Ι
537 4576 622 4629 altaro
634 4592 704 4631 anno
718 4577 752 4631 ab
760 4577 827 4631 urbe
837 4576 958 4631 coudrta·
972 4577 1070 4631 Lucro·
1083 4577 1186 4630 mailro·
1200 4572 1204 4640 Ι
1224 4591 1285 4631 cen·

141 4660 253 4722 furno&
269 4685 360 4724 marco
379 4669 468 4724 mailro
487 4669 640 4724 consulibus
650 4695 655 4705 ·
675 4685 746 4724 anno
781 4669 790 4722 l
807 4686 892 4737 pnmo
918 4671 1058 4739 postquam
1076 4669 1218 4725 secuudum
1236 4686 1286 4738 pu-

140 4770 207 4814 mun
222 4764 386 4817 transactum
404 4764 460 4817 elt-
489 4764 536 4831 thr
553 4762 666 4832 profecti
684 4763 911 4830 carthagruemB
988 4768 1018 4816 11
1042 4764 1152 4818 mellala
1169 4769 1195 4818 1)
1257 4767 1283 4816 tl

139 4844 233 4924 laterna.
253 4854 279 4910 1)
375 4860 405 4910 21
426 4856 598 4911 notescerent
619 4856 642 4910 l)
738 4861 831 4919 1511]
852 4870 869 4908 a
887 4856 912 4910 b
