<?xml version="1.0" encoding="UTF-8"?>
<!DOCTYPE html PUBLIC "-//W3C//DTD XHTML 1.0 Transitional//EN"
    "http://www.w3.org/TR/xhtml1/DTD/xhtml1-transitional.dtd">
<html xmlns="http://www.w3.org/1999/xhtml" xml:lang="en" lang="en">
 <head>
  <title>
</title>
<meta http-equiv="Content-Type" content="text/html;charset=utf-8" />
  <meta name='ocr-system' content='tesseract 3.04.00' />
  <meta name='ocr-capabilities' content='ocr_page ocr_carea ocr_par ocr_line ocrx_word'/>
</head>
<body>
  <div class='ocr_page' id='page_1' title='image "./historiamiscell00sagagoog_0501.png"; bbox 0 0 2834 5394; ppageno 0'>
   <div class='ocr_carea' id='block_1_1' title="bbox 290 686 1256 748">
    <p class='ocr_par' dir='ltr' id='par_1_1' title="bbox 290 686 1256 748">
     <span class='ocr_line' id='line_1_1' title="bbox 290 686 1256 748; baseline 0.006 -7"><span class='ocrx_word' id='word_1_1' title='bbox 290 693 363 742; x_wconf 74' lang='lat' dir='ltr'><strong>car.</strong></span> <span class='ocrx_word' id='word_1_2' title='bbox 386 695 499 741; x_wconf 81' lang='lat' dir='ltr'>xxxv·</span> <span class='ocrx_word' id='word_1_3' title='bbox 516 695 648 742; x_wconf 84' lang='lat' dir='ltr'><strong>xxxvn.</strong></span> <span class='ocrx_word' id='word_1_4' title='bbox 693 697 786 744; x_wconf 81' lang='lat' dir='ltr'><strong>maur</strong></span> <span class='ocrx_word' id='word_1_5' title='bbox 807 697 883 744; x_wconf 84' lang='lat' dir='ltr'><strong>xxm</strong></span> <span class='ocrx_word' id='word_1_6' title='bbox 904 697 978 746; x_wconf 76' lang='lat' dir='ltr'><strong>our.</strong></span> <span class='ocrx_word' id='word_1_7' title='bbox 1002 698 1076 746; x_wconf 91' lang='lat'>1-11</span> <span class='ocrx_word' id='word_1_8' title='bbox 1194 686 1256 748; x_wconf 82' lang='grc'><strong>487</strong></span> 
     </span>
    </p>
   </div>
   <div class='ocr_carea' id='block_1_2' title="bbox 34 846 1413 2033">
    <p class='ocr_par' dir='ltr' id='par_1_2' title="bbox 34 846 1413 2033">
     <span class='ocr_line' id='line_1_2' title="bbox 84 846 1257 937; baseline 0.003 -24"><span class='ocrx_word' id='word_1_9' title='bbox 84 849 180 913; x_wconf 91' lang='lat' dir='ltr'><strong>niens</strong></span> <span class='ocrx_word' id='word_1_10' title='bbox 202 851 309 911; x_wconf 90' lang='lat' dir='ltr'><strong>autem</strong></span> <span class='ocrx_word' id='word_1_11' title='bbox 332 852 364 912; x_wconf 91' lang='lat' dir='ltr'><strong>et</strong></span> <span class='ocrx_word' id='word_1_12' title='bbox 384 846 489 931; x_wconf 92' lang='lat' dir='ltr'><strong>ipsum</strong></span> <span class='ocrx_word' id='word_1_13' title='bbox 523 852 654 937; x_wconf 85' lang='lat' dir='ltr'><strong>propter</strong></span> <span class='ocrx_word' id='word_1_14' title='bbox 686 847 743 913; x_wconf 90' lang='lat' dir='ltr'><strong>illa</strong></span> <span class='ocrx_word' id='word_1_15' title='bbox 774 866 857 932; x_wconf 88' lang='lat' dir='ltr'><strong>quae</strong></span> <span class='ocrx_word' id='word_1_16' title='bbox 889 849 979 917; x_wconf 86' lang='lat' dir='ltr'><strong>iussa</strong></span> <span class='ocrx_word' id='word_1_17' title='bbox 1012 857 1087 917; x_wconf 89' lang='lat' dir='ltr'><strong>sunt</strong></span> <span class='ocrx_word' id='word_1_18' title='bbox 1121 851 1257 936; x_wconf 89' lang='lat' dir='ltr'><strong>patrioie</strong></span> 
     </span>
     <span class='ocr_line' id='line_1_3' title="bbox 85 955 1312 1043; baseline 0.002 -19"><span class='ocrx_word' id='word_1_19' title='bbox 85 957 252 1043; x_wconf 85' lang='lat' dir='ltr'><strong>Stephano</strong></span> <span class='ocrx_word' id='word_1_20' title='bbox 274 956 356 1020; x_wconf 89' lang='lat' dir='ltr'><strong>Rulo</strong></span> <span class='ocrx_word' id='word_1_21' title='bbox 378 955 539 1021; x_wconf 86' lang='lat' dir='ltr'><strong>turbatum</strong></span> <span class='ocrx_word' id='word_1_22' title='bbox 562 957 737 1041; x_wconf 80' lang='lat' dir='ltr'>persuadet</span> <span class='ocrx_word' id='word_1_23' title='bbox 764 958 795 1024; x_wconf 92' lang='lat' dir='ltr'><strong>ei</strong></span> <span class='ocrx_word' id='word_1_24' title='bbox 824 957 1021 1025; x_wconf 75' lang='lat' dir='ltr'><strong>descendere</strong></span> <span class='ocrx_word' id='word_1_25' title='bbox 1049 959 1093 1026; x_wconf 89' lang='lat' dir='ltr'><strong>ad</strong></span> <span class='ocrx_word' id='word_1_26' title='bbox 1122 961 1258 1028; x_wconf 88' lang='lat' dir='ltr'><strong>luterem</strong></span> <span class='ocrx_word' id='word_1_27' title='bbox 1307 1004 1312 1009; x_wconf 92' lang='lat'><em>-</em></span> 
     </span>
     <span class='ocr_line' id='line_1_4' title="bbox 86 1066 1258 1152; baseline 0.003 -18"><span class='ocrx_word' id='word_1_28' title='bbox 86 1077 117 1135; x_wconf 89' lang='lat' dir='ltr'><strong>et</strong></span> <span class='ocrx_word' id='word_1_29' title='bbox 138 1070 281 1133; x_wconf 87' lang='lat' dir='ltr'><strong>clamare</strong></span> <span class='ocrx_word' id='word_1_30' title='bbox 304 1066 351 1133; x_wconf 88' lang='lat' dir='ltr'><strong>sic</strong></span> <span class='ocrx_word' id='word_1_31' title='bbox 374 1066 466 1131; x_wconf 82' lang='lat' dir='ltr'><strong>‘haec</strong></span> <span class='ocrx_word' id='word_1_32' title='bbox 487 1066 558 1133; x_wconf 91' lang='lat' dir='ltr'><strong>dies</strong></span> <span class='ocrx_word' id='word_1_33' title='bbox 581 1088 676 1152; x_wconf 90' lang='lat' dir='ltr'><strong>quam</strong></span> <span class='ocrx_word' id='word_1_34' title='bbox 699 1068 775 1134; x_wconf 88' lang='lat' dir='ltr'><strong>lecit</strong></span> <span class='ocrx_word' id='word_1_35' title='bbox 797 1068 965 1135; x_wconf 66' lang='lat' dir='ltr'><strong>dominus!</strong></span> <span class='ocrx_word' id='word_1_36' title='bbox 1008 1071 1163 1137; x_wconf 89' lang='lat' dir='ltr'><strong>uniuersa</strong></span> <span class='ocrx_word' id='word_1_37' title='bbox 1179 1090 1258 1138; x_wconf 89' lang='lat' dir='ltr'><strong>uero</strong></span> 
     </span>
     <span class='ocr_line' id='line_1_5' title="bbox 86 1176 1260 1248; baseline 0.003 -4"><span class='ocrx_word' id='word_1_38' title='bbox 86 1177 254 1244; x_wconf 91' lang='lat' dir='ltr'><strong>multitudo</strong></span> <span class='ocrx_word' id='word_1_39' title='bbox 269 1177 459 1242; x_wconf 89' lang='lat' dir='ltr'><strong>leuauemnt</strong></span> <span class='ocrx_word' id='word_1_40' title='bbox 474 1195 584 1242; x_wconf 89' lang='lat' dir='ltr'><strong>uocem</strong></span> <span class='ocrx_word' id='word_1_41' title='bbox 608 1176 813 1243; x_wconf 84' lang='lat' dir='ltr'><strong>‘effodiantur</strong></span> <span class='ocrx_word' id='word_1_42' title='bbox 834 1199 911 1246; x_wconf 89' lang='lat' dir='ltr'><strong>ossa</strong></span> <span class='ocrx_word' id='word_1_43' title='bbox 932 1179 1122 1247; x_wconf 68' lang='lat' dir='ltr'><strong>Iustiniani!</strong></span> <span class='ocrx_word' id='word_1_44' title='bbox 1165 1181 1260 1248; x_wconf 86' lang='lat' dir='ltr'><strong>etita</strong></span> 
     </span>
     <span class='ocr_line' id='line_1_6' title="bbox 52 1287 1413 1375; baseline 0.004 -21"><span class='ocrx_word' id='word_1_45' title='bbox 52 1291 118 1354; x_wconf 79' lang='lat' dir='ltr'><strong>sin</strong></span> <span class='ocrx_word' id='word_1_46' title='bbox 140 1287 399 1374; x_wconf 81' lang='lat' dir='ltr'><strong>hippodromium</strong></span> <span class='ocrx_word' id='word_1_47' title='bbox 422 1287 525 1352; x_wconf 91' lang='lat' dir='ltr'><strong>omnis</strong></span> <span class='ocrx_word' id='word_1_48' title='bbox 547 1289 685 1353; x_wconf 83' lang='lat' dir='ltr'><strong>cucurrit</strong></span> <span class='ocrx_word' id='word_1_49' title='bbox 704 1291 854 1375; x_wconf 91' lang='lat' dir='ltr'><strong>populus.</strong></span> <span class='ocrx_word' id='word_1_50' title='bbox 887 1308 1023 1372; x_wconf 89' lang='lat' dir='ltr'><strong>cumque</strong></span> <span class='ocrx_word' id='word_1_51' title='bbox 1045 1289 1118 1358; x_wconf 90' lang='lat' dir='ltr'><strong>dies</strong></span> <span class='ocrx_word' id='word_1_52' title='bbox 1139 1290 1226 1357; x_wconf 86' lang='lat' dir='ltr'><strong>lacta</strong></span> <span class='ocrx_word' id='word_1_53' title='bbox 1247 1289 1413 1359; x_wconf 85' lang='lat' dir='ltr'>XXXVII</span> 
     </span>
     <span class='ocr_line' id='line_1_7' title="bbox 86 1397 1258 1487; baseline 0.004 -23"><span class='ocrx_word' id='word_1_54' title='bbox 86 1401 208 1480; x_wconf 87' lang='lat' dir='ltr'><strong>luisset,</strong></span> <span class='ocrx_word' id='word_1_55' title='bbox 232 1397 371 1463; x_wconf 88' lang='lat' dir='ltr'><strong>educunt</strong></span> <span class='ocrx_word' id='word_1_56' title='bbox 392 1397 607 1463; x_wconf 91' lang='lat' dir='ltr'><strong>Iustinianum</strong></span> <span class='ocrx_word' id='word_1_57' title='bbox 629 1399 662 1463; x_wconf 93' lang='lat' dir='ltr'><strong>in</strong></span> <span class='ocrx_word' id='word_1_58' title='bbox 690 1397 959 1482; x_wconf 87' lang='lat' dir='ltr'><strong>hippodromium,</strong></span> <span class='ocrx_word' id='word_1_59' title='bbox 987 1418 1133 1484; x_wconf 90' lang='lat' dir='ltr'><strong>nasoque</strong></span> <span class='ocrx_word' id='word_1_60' title='bbox 1153 1400 1258 1487; x_wconf 91' lang='lat' dir='ltr'><strong>ipsius</strong></span> 
     </span>
     <span class='ocr_line' id='line_1_8' title="bbox 86 1507 1259 1595; baseline 0.003 -20"><span class='ocrx_word' id='word_1_61' title='bbox 86 1518 117 1575; x_wconf 87' lang='lat' dir='ltr'><strong>et</strong></span> <span class='ocrx_word' id='word_1_62' title='bbox 139 1510 250 1592; x_wconf 86' lang='lat' dir='ltr'><strong>lingua</strong></span> <span class='ocrx_word' id='word_1_63' title='bbox 272 1508 376 1573; x_wconf 85' lang='lat' dir='ltr'><strong>recisa</strong></span> <span class='ocrx_word' id='word_1_64' title='bbox 397 1508 524 1573; x_wconf 83' lang='lat' dir='ltr'><strong>exulem</strong></span> <span class='ocrx_word' id='word_1_65' title='bbox 547 1509 669 1573; x_wconf 84' lang='lat' dir='ltr'><strong>iaciunt</strong></span> <span class='ocrx_word' id='word_1_66' title='bbox 690 1508 778 1593; x_wconf 90' lang='lat' dir='ltr'><strong>apud</strong></span> <span class='ocrx_word' id='word_1_67' title='bbox 800 1507 1010 1576; x_wconf 82' lang='lat' dir='ltr'><strong>Chersonam.</strong></span> <span class='ocrx_word' id='word_1_68' title='bbox 1053 1530 1150 1595; x_wconf 89' lang='lat' dir='ltr'><strong>porro</strong></span> <span class='ocrx_word' id='word_1_69' title='bbox 1173 1530 1259 1579; x_wconf 90' lang='lat' dir='ltr'><strong>com·</strong></span> 
     </span>
     <span class='ocr_line' id='line_1_9' title="bbox 86 1616 1259 1706; baseline 0.004 -22"><span class='ocrx_word' id='word_1_70' title='bbox 86 1619 279 1706; x_wconf 90' lang='lat' dir='ltr'><strong>prehensum</strong></span> <span class='ocrx_word' id='word_1_71' title='bbox 303 1618 397 1682; x_wconf 87' lang='lat' dir='ltr'><strong>turba</strong></span> <span class='ocrx_word' id='word_1_72' title='bbox 412 1616 613 1683; x_wconf 77' lang='lat' dir='ltr'><strong>Theodotum</strong></span> <span class='ocrx_word' id='word_1_73' title='bbox 635 1618 828 1683; x_wconf 89' lang='lat' dir='ltr'><strong>monachum</strong></span> <span class='ocrx_word' id='word_1_74' title='bbox 851 1624 883 1684; x_wconf 90' lang='lat' dir='ltr'><strong>et</strong></span> <span class='ocrx_word' id='word_1_75' title='bbox 903 1620 1090 1702; x_wconf 80' lang='lat' dir='ltr'><strong>generalem</strong></span> <span class='ocrx_word' id='word_1_76' title='bbox 1112 1620 1259 1705; x_wconf 82' lang='lat' dir='ltr'><strong>logothe-</strong></span> 
     </span>
     <span class='ocr_line' id='line_1_10' title="bbox 85 1727 1277 1820; baseline 0.003 -26"><span class='ocrx_word' id='word_1_77' title='bbox 85 1739 150 1794; x_wconf 83' lang='lat' dir='ltr'><strong>tam</strong></span> <span class='ocrx_word' id='word_1_78' title='bbox 179 1736 275 1812; x_wconf 86' lang='lat' dir='ltr'><strong>atquc</strong></span> <span class='ocrx_word' id='word_1_79' title='bbox 303 1727 503 1812; x_wconf 86' lang='lat' dir='ltr'><strong>Stephanum</strong></span> <span class='ocrx_word' id='word_1_80' title='bbox 525 1729 748 1793; x_wconf 80' lang='lat' dir='ltr'><strong>saccellarium</strong></span> <span class='ocrx_word' id='word_1_81' title='bbox 771 1729 903 1794; x_wconf 89' lang='lat' dir='ltr'><strong>Persam</strong></span> <span class='ocrx_word' id='word_1_82' title='bbox 925 1729 1121 1814; x_wconf 84' lang='lat' dir='ltr'><strong>funibusque</strong></span> <span class='ocrx_word' id='word_1_83' title='bbox 1142 1736 1277 1820; x_wconf 30' lang='lat' dir='ltr'><strong>retror·</strong></span> 
     </span>
     <span class='ocr_line' id='line_1_11' title="bbox 34 1836 1257 1923; baseline 0.003 -20"><span class='ocrx_word' id='word_1_84' title='bbox 34 1856 65 1904; x_wconf 79' lang='lat' dir='ltr'><strong>lo</strong></span> <span class='ocrx_word' id='word_1_85' title='bbox 86 1861 156 1907; x_wconf 92' lang='lat' dir='ltr'><strong>sum</strong></span> <span class='ocrx_word' id='word_1_86' title='bbox 178 1839 238 1904; x_wconf 92' lang='lat' dir='ltr'><strong>hos</strong></span> <span class='ocrx_word' id='word_1_87' title='bbox 260 1837 377 1920; x_wconf 87' lang='lat' dir='ltr'><strong>ligatos</strong></span> <span class='ocrx_word' id='word_1_88' title='bbox 399 1838 531 1903; x_wconf 89' lang='lat' dir='ltr'><strong>trahunt</strong></span> <span class='ocrx_word' id='word_1_89' title='bbox 558 1858 617 1923; x_wconf 90' lang='lat' dir='ltr'><strong>per</strong></span> <span class='ocrx_word' id='word_1_90' title='bbox 645 1836 786 1903; x_wconf 89' lang='lat' dir='ltr'><strong>mediam</strong></span> <span class='ocrx_word' id='word_1_91' title='bbox 815 1839 957 1923; x_wconf 80' lang='lat' dir='ltr'><strong>plateam</strong></span> <span class='ocrx_word' id='word_1_92' title='bbox 986 1846 1018 1906; x_wconf 87' lang='lat' dir='ltr'><strong>et</strong></span> <span class='ocrx_word' id='word_1_93' title='bbox 1047 1838 1091 1905; x_wconf 87' lang='lat' dir='ltr'><strong>ad</strong></span> <span class='ocrx_word' id='word_1_94' title='bbox 1113 1843 1257 1907; x_wconf 84' lang='lat' dir='ltr'><strong>Taurum</strong></span> 
     </span>
     <span class='ocr_line' id='line_1_12' title="bbox 84 1946 1256 2033; baseline 0.003 -19"><span class='ocrx_word' id='word_1_95' title='bbox 84 1949 195 2014; x_wconf 91' lang='lat' dir='ltr'><strong>ductos</strong></span> <span class='ocrx_word' id='word_1_96' title='bbox 216 1946 436 2013; x_wconf 89' lang='lat' dir='ltr'><strong>incenderunt.</strong></span> <span class='ocrx_word' id='word_1_97' title='bbox 481 1957 513 2013; x_wconf 90' lang='lat' dir='ltr'><strong>et</strong></span> <span class='ocrx_word' id='word_1_98' title='bbox 527 1949 573 2012; x_wconf 90' lang='lat' dir='ltr'><strong>ita</strong></span> <span class='ocrx_word' id='word_1_99' title='bbox 588 1948 756 2013; x_wconf 85' lang='lat' dir='ltr'><strong>Leontium</strong></span> <span class='ocrx_word' id='word_1_100' title='bbox 780 1949 1005 2033; x_wconf 87' lang='lat' dir='ltr'><strong>imperatorem</strong></span> <span class='ocrx_word' id='word_1_101' title='bbox 1029 1949 1256 2017; x_wconf 87' lang='lat' dir='ltr'><strong>laudauerunt.</strong></span> 
     </span>
    </p>
   </div>
   <div class='ocr_carea' id='block_1_3' title="bbox 300 2303 1050 2372">
    <p class='ocr_par' dir='ltr' id='par_1_3' title="bbox 300 2303 1050 2372">
     <span class='ocr_line' id='line_1_13' title="bbox 300 2303 1050 2372; baseline 0.003 -2"><span class='ocrx_word' id='word_1_102' title='bbox 300 2306 444 2370; x_wconf 84' lang='lat' dir='ltr'>LIBER</span> <span class='ocrx_word' id='word_1_103' title='bbox 473 2303 748 2370; x_wconf 78' lang='lat' dir='ltr'>VICESIMVS</span> <span class='ocrx_word' id='word_1_104' title='bbox 777 2303 1050 2372; x_wconf 78' lang='lat' dir='ltr'>SECVNDVS</span> 
     </span>
    </p>
   </div>
   <div class='ocr_carea' id='block_1_4' title="bbox 36 2500 1315 4350">
    <p class='ocr_par' dir='ltr' id='par_1_4' title="bbox 36 2500 1315 4350">
     <span class='ocr_line' id='line_1_14' title="bbox 168 2500 1299 2591; baseline -0.007 -17"><span class='ocrx_word' id='word_1_105' title='bbox 168 2511 261 2575; x_wconf 80' lang='lat' dir='ltr'><strong>Anne</strong></span> <span class='ocrx_word' id='word_1_106' title='bbox 297 2509 339 2572; x_wconf 92' lang='lat' dir='ltr'><strong>ab</strong></span> <span class='ocrx_word' id='word_1_107' title='bbox 376 2507 597 2572; x_wconf 86' lang='lat' dir='ltr'><strong>incarnatione</strong></span> <span class='ocrx_word' id='word_1_108' title='bbox 634 2507 756 2573; x_wconf 92' lang='lat' dir='ltr'><strong>domini</strong></span> <span class='ocrx_word' id='word_1_109' title='bbox 793 2509 1028 2574; x_wconf 80' lang='lat' dir='ltr'><strong>sexcentesimo</strong></span> <span class='ocrx_word' id='word_1_110' title='bbox 1065 2500 1299 2591; x_wconf 84' lang='lat' dir='ltr'><strong>octogesimel</strong></span> 
     </span>
     <span class='ocr_line' id='line_1_15' title="bbox 84 2617 1259 2703; baseline -0.003 -17"><span class='ocrx_word' id='word_1_111' title='bbox 84 2629 197 2686; x_wconf 90' lang='lat' dir='ltr'><strong>octauo</strong></span> <span class='ocrx_word' id='word_1_112' title='bbox 217 2621 389 2683; x_wconf 86' lang='lat' dir='ltr'><strong>Lnonmvs</strong></span> <span class='ocrx_word' id='word_1_113' title='bbox 411 2618 548 2703; x_wconf 89' lang='lat' dir='ltr'><strong>imperat</strong></span> <span class='ocrx_word' id='word_1_114' title='bbox 568 2619 733 2682; x_wconf 90' lang='lat' dir='ltr'><strong>Romanis.</strong></span> <span class='ocrx_word' id='word_1_115' title='bbox 764 2619 861 2701; x_wconf 85' lang='lat' dir='ltr'><strong>igitur</strong></span> <span class='ocrx_word' id='word_1_116' title='bbox 883 2636 953 2682; x_wconf 91' lang='lat' dir='ltr'><strong>oum</strong></span> <span class='ocrx_word' id='word_1_117' title='bbox 976 2636 1112 2703; x_wconf 87' lang='lat' dir='ltr'><strong>regnare</strong></span> <span class='ocrx_word' id='word_1_118' title='bbox 1133 2617 1259 2703; x_wconf 89' lang='lat' dir='ltr'><strong>coepis-</strong></span> 
     </span>
     <span class='ocr_line' id='line_1_16' title="bbox 37 2726 1215 2812; baseline -0.003 -18"><span class='ocrx_word' id='word_1_119' title='bbox 37 2745 67 2794; x_wconf 85' lang='lat'><strong>15</strong></span> <span class='ocrx_word' id='word_1_120' title='bbox 85 2739 142 2811; x_wconf 83' lang='lat' dir='ltr'><strong>set,</strong></span> <span class='ocrx_word' id='word_1_121' title='bbox 167 2728 309 2811; x_wconf 89' lang='lat' dir='ltr'><strong>undique</strong></span> <span class='ocrx_word' id='word_1_122' title='bbox 331 2727 464 2812; x_wconf 85' lang='lat' dir='ltr'><strong>pacifice</strong></span> <span class='ocrx_word' id='word_1_123' title='bbox 487 2727 605 2792; x_wconf 86' lang='lat' dir='ltr'><strong>mansit</strong></span> <span class='ocrx_word' id='word_1_124' title='bbox 626 2726 794 2809; x_wconf 90' lang='lat' dir='ltr'><strong>tribusque</strong></span> <span class='ocrx_word' id='word_1_125' title='bbox 815 2727 911 2792; x_wconf 86' lang='lat' dir='ltr'><strong>annis</strong></span> <span class='ocrx_word' id='word_1_126' title='bbox 933 2728 1102 2811; x_wconf 90' lang='lat' dir='ltr'><strong>imperium</strong></span> <span class='ocrx_word' id='word_1_127' title='bbox 1123 2726 1215 2792; x_wconf 85' lang='lat' dir='ltr'><strong>rexit.</strong></span> 
     </span>
     <span class='ocr_line' id='line_1_17' title="bbox 169 2834 1259 2920; baseline -0.002 -17"><span class='ocrx_word' id='word_1_128' title='bbox 169 2841 263 2903; x_wconf 85' lang='lat' dir='ltr'><strong>Anno</strong></span> <span class='ocrx_word' id='word_1_129' title='bbox 286 2836 412 2920; x_wconf 85' lang='lat' dir='ltr'><strong>imperii</strong></span> <span class='ocrx_word' id='word_1_130' title='bbox 436 2836 564 2900; x_wconf 88' lang='lat' dir='ltr'><strong>Leontii</strong></span> <span class='ocrx_word' id='word_1_131' title='bbox 592 2835 733 2902; x_wconf 88' lang='lat' dir='ltr'><strong>secundo</strong></span> <span class='ocrx_word' id='word_1_132' title='bbox 760 2836 861 2900; x_wconf 88' lang='lat' dir='ltr'><strong>mouit</strong></span> <span class='ocrx_word' id='word_1_133' title='bbox 889 2837 1064 2901; x_wconf 84' lang='lat' dir='ltr'><strong>exercitum</strong></span> <span class='ocrx_word' id='word_1_134' title='bbox 1086 2834 1259 2902; x_wconf 88' lang='lat' dir='ltr'><strong>Senalidus</strong></span> 
     </span>
     <span class='ocr_line' id='line_1_18' title="bbox 84 2944 1261 3028; baseline -0.003 -17"><span class='ocrx_word' id='word_1_135' title='bbox 84 2958 194 3012; x_wconf 87' lang='lat' dir='ltr'><strong>contra</strong></span> <span class='ocrx_word' id='word_1_136' title='bbox 222 2946 411 3011; x_wconf 87' lang='lat' dir='ltr'><strong>Romaniam</strong></span> <span class='ocrx_word' id='word_1_137' title='bbox 446 2952 477 3010; x_wconf 90' lang='lat' dir='ltr'><strong>et</strong></span> <span class='ocrx_word' id='word_1_138' title='bbox 506 2945 614 3010; x_wconf 87' lang='lat' dir='ltr'><strong>multis</strong></span> <span class='ocrx_word' id='word_1_139' title='bbox 642 2944 747 3009; x_wconf 91' lang='lat' dir='ltr'><strong>ductis</strong></span> <span class='ocrx_word' id='word_1_140' title='bbox 776 2944 913 3028; x_wconf 91' lang='lat' dir='ltr'><strong>captiuis</strong></span> <span class='ocrx_word' id='word_1_141' title='bbox 935 2963 1085 3011; x_wconf 91' lang='lat' dir='ltr'><strong>reuersus</strong></span> <span class='ocrx_word' id='word_1_142' title='bbox 1107 2951 1157 3011; x_wconf 90' lang='lat' dir='ltr'><strong>est</strong></span> <span class='ocrx_word' id='word_1_143' title='bbox 1177 2944 1261 3011; x_wconf 87' lang='lat' dir='ltr'><strong>sedi·</strong></span> 
     </span>
     <span class='ocr_line' id='line_1_19' title="bbox 83 3053 1260 3142; baseline -0.002 -19"><span class='ocrx_word' id='word_1_144' title='bbox 83 3060 235 3142; x_wconf 87' lang='lat' dir='ltr'><strong>tioneque</strong></span> <span class='ocrx_word' id='word_1_145' title='bbox 269 3057 402 3138; x_wconf 81' lang='lat' dir='ltr'><strong>Sergius</strong></span> <span class='ocrx_word' id='word_1_146' title='bbox 434 3054 593 3119; x_wconf 86' lang='lat' dir='ltr'><strong>concitata</strong></span> <span class='ocrx_word' id='word_1_147' title='bbox 626 3054 780 3138; x_wconf 78' lang='lat' dir='ltr'><strong>patricius</strong></span> <span class='ocrx_word' id='word_1_148' title='bbox 812 3054 950 3119; x_wconf 86' lang='lat' dir='ltr'><strong>Laziaae</strong></span> <span class='ocrx_word' id='word_1_149' title='bbox 982 3053 1066 3118; x_wconf 89' lang='lat' dir='ltr'><strong>hanc</strong></span> <span class='ocrx_word' id='word_1_150' title='bbox 1097 3054 1260 3121; x_wconf 81' lang='lat' dir='ltr'><strong>Arabibus</strong></span> 
     </span>
     <span class='ocr_line' id='line_1_20' title="bbox 84 3152 536 3234; baseline -0.007 0"><span class='ocrx_word' id='word_1_151' title='bbox 84 3168 236 3234; x_wconf 88' lang='lat' dir='ltr'><strong>subdidit.</strong></span> <span class='ocrx_word' id='word_1_152' title='bbox 534 3152 536 3156; x_wconf 10' lang='grc' dir='ltr'><em>Α</em></span> 
     </span>
     <span class='ocr_line' id='line_1_21' title="bbox 36 3272 1259 3358; baseline -0.005 -14"><span class='ocrx_word' id='word_1_153' title='bbox 36 3296 67 3344; x_wconf 81' lang='lat'><strong>20</strong></span> <span class='ocrx_word' id='word_1_154' title='bbox 169 3279 263 3341; x_wconf 85' lang='lat' dir='ltr'><strong>Anno</strong></span> <span class='ocrx_word' id='word_1_155' title='bbox 286 3295 362 3341; x_wconf 89' lang='lat' dir='ltr'><strong>nero</strong></span> <span class='ocrx_word' id='word_1_156' title='bbox 385 3274 514 3358; x_wconf 84' lang='lat' dir='ltr'><strong>imperii</strong></span> <span class='ocrx_word' id='word_1_157' title='bbox 537 3274 662 3338; x_wconf 82' lang='lat' dir='ltr'><strong>Leontii</strong></span> <span class='ocrx_word' id='word_1_158' title='bbox 691 3275 785 3338; x_wconf 89' lang='lat' dir='ltr'><strong>tertio</strong></span> <span class='ocrx_word' id='word_1_159' title='bbox 816 3273 886 3338; x_wconf 89' lang='lat' dir='ltr'><strong>acie</strong></span> <span class='ocrx_word' id='word_1_160' title='bbox 908 3272 1033 3341; x_wconf 85' lang='lat' dir='ltr'><strong>Arabes</strong></span> <span class='ocrx_word' id='word_1_161' title='bbox 1060 3274 1095 3340; x_wconf 89' lang='lat' dir='ltr'><strong>in</strong></span> <span class='ocrx_word' id='word_1_162' title='bbox 1117 3274 1259 3339; x_wconf 80' lang='lat' dir='ltr'><strong>Africam</strong></span> 
     </span>
     <span class='ocr_line' id='line_1_22' title="bbox 85 3384 1260 3470; baseline -0.003 -18"><span class='ocrx_word' id='word_1_163' title='bbox 85 3396 172 3452; x_wconf 87' lang='lat' dir='ltr'><strong>mota</strong></span> <span class='ocrx_word' id='word_1_164' title='bbox 201 3387 285 3451; x_wconf 88' lang='lat' dir='ltr'><strong>hano</strong></span> <span class='ocrx_word' id='word_1_165' title='bbox 314 3385 521 3470; x_wconf 89' lang='lat' dir='ltr'><strong>optinuerunt</strong></span> <span class='ocrx_word' id='word_1_166' title='bbox 549 3392 581 3448; x_wconf 91' lang='lat' dir='ltr'><strong>et</strong></span> <span class='ocrx_word' id='word_1_167' title='bbox 609 3403 649 3449; x_wconf 83' lang='lat' dir='ltr'><strong>ex</strong></span> <span class='ocrx_word' id='word_1_168' title='bbox 677 3384 807 3468; x_wconf 88' lang='lat' dir='ltr'><strong>proprio</strong></span> <span class='ocrx_word' id='word_1_169' title='bbox 836 3385 979 3450; x_wconf 83' lang='lat' dir='ltr'><strong>exercitu</strong></span> <span class='ocrx_word' id='word_1_170' title='bbox 1007 3391 1134 3450; x_wconf 83' lang='lat' dir='ltr'><strong>taxatos</strong></span> <span class='ocrx_word' id='word_1_171' title='bbox 1163 3385 1198 3448; x_wconf 92' lang='lat' dir='ltr'><strong>iu</strong></span> <span class='ocrx_word' id='word_1_172' title='bbox 1220 3402 1260 3449; x_wconf 88' lang='lat' dir='ltr'><strong>ea</strong></span> 
     </span>
     <span class='ocr_line' id='line_1_23' title="bbox 85 3494 1260 3581; baseline -0.003 -19"><span class='ocrx_word' id='word_1_173' title='bbox 85 3497 240 3581; x_wconf 86' lang='lat' dir='ltr'><strong>quosdam</strong></span> <span class='ocrx_word' id='word_1_174' title='bbox 271 3496 514 3561; x_wconf 86' lang='lat' dir='ltr'><strong>constituerunt.</strong></span> <span class='ocrx_word' id='word_1_175' title='bbox 558 3494 675 3577; x_wconf 90' lang='lat' dir='ltr'><strong>quibus</strong></span> <span class='ocrx_word' id='word_1_176' title='bbox 706 3495 877 3578; x_wconf 90' lang='lat' dir='ltr'><strong>compertis</strong></span> <span class='ocrx_word' id='word_1_177' title='bbox 905 3494 1058 3559; x_wconf 89' lang='lat' dir='ltr'><strong>Leontius</strong></span> <span class='ocrx_word' id='word_1_178' title='bbox 1088 3494 1184 3559; x_wconf 91' lang='lat' dir='ltr'><strong>mittit</strong></span> <span class='ocrx_word' id='word_1_179' title='bbox 1212 3495 1260 3559; x_wconf 87' lang='lat' dir='ltr'><strong>Io·</strong></span> 
     </span>
     <span class='ocr_line' id='line_1_24' title="bbox 84 3603 1261 3691; baseline -0.001 -19"><span class='ocrx_word' id='word_1_180' title='bbox 84 3609 223 3674; x_wconf 89' lang='lat' dir='ltr'><strong>hannem</strong></span> <span class='ocrx_word' id='word_1_181' title='bbox 247 3606 416 3691; x_wconf 89' lang='lat' dir='ltr'><strong>patricium</strong></span> <span class='ocrx_word' id='word_1_182' title='bbox 439 3606 542 3669; x_wconf 89' lang='lat' dir='ltr'><strong>uirum</strong></span> <span class='ocrx_word' id='word_1_183' title='bbox 566 3603 717 3669; x_wconf 89' lang='lat' dir='ltr'><strong>idoneum</strong></span> <span class='ocrx_word' id='word_1_184' title='bbox 739 3622 810 3668; x_wconf 91' lang='lat' dir='ltr'><strong>cum</strong></span> <span class='ocrx_word' id='word_1_185' title='bbox 833 3604 981 3671; x_wconf 89' lang='lat' dir='ltr'><strong>omnibus</strong></span> <span class='ocrx_word' id='word_1_186' title='bbox 995 3605 1158 3672; x_wconf 88' lang='lat' dir='ltr'><strong>Romaicis</strong></span> <span class='ocrx_word' id='word_1_187' title='bbox 1180 3605 1261 3671; x_wconf 91' lang='lat' dir='ltr'><strong>clas·</strong></span> 
     </span>
     <span class='ocr_line' id='line_1_25' title="bbox 85 3713 1260 3802; baseline -0.004 -19"><span class='ocrx_word' id='word_1_188' title='bbox 85 3719 185 3785; x_wconf 92' lang='lat' dir='ltr'><strong>sibus.</strong></span> <span class='ocrx_word' id='word_1_189' title='bbox 236 3719 291 3802; x_wconf 89' lang='lat' dir='ltr'><strong>qui</strong></span> <span class='ocrx_word' id='word_1_190' title='bbox 324 3736 394 3780; x_wconf 88' lang='lat' dir='ltr'><strong>cum</strong></span> <span class='ocrx_word' id='word_1_191' title='bbox 428 3713 658 3798; x_wconf 78' lang='lat' dir='ltr'><strong>Carthaginem</strong></span> <span class='ocrx_word' id='word_1_192' title='bbox 692 3714 895 3797; x_wconf 89' lang='lat' dir='ltr'><strong>peruenisset</strong></span> <span class='ocrx_word' id='word_1_193' title='bbox 927 3721 960 3779; x_wconf 88' lang='lat' dir='ltr'><strong>et</strong></span> <span class='ocrx_word' id='word_1_194' title='bbox 991 3713 1075 3779; x_wconf 92' lang='lat' dir='ltr'><strong>bello</strong></span> <span class='ocrx_word' id='word_1_195' title='bbox 1112 3720 1260 3780; x_wconf 85' lang='lat' dir='ltr'><strong>catenam</strong></span> 
     </span>
     <span class='ocr_line' id='line_1_26' title="bbox 36 3823 1261 3913; baseline -0.007 -16"><span class='ocrx_word' id='word_1_196' title='bbox 36 3845 67 3897; x_wconf 76' lang='lat'><strong>25</strong></span> <span class='ocrx_word' id='word_1_197' title='bbox 84 3836 195 3913; x_wconf 89' lang='lat' dir='ltr'><strong>portus</strong></span> <span class='ocrx_word' id='word_1_198' title='bbox 219 3828 288 3893; x_wconf 91' lang='lat' dir='ltr'><strong>eius</strong></span> <span class='ocrx_word' id='word_1_199' title='bbox 311 3825 492 3910; x_wconf 88' lang='lat' dir='ltr'><strong>aperuisset</strong></span> <span class='ocrx_word' id='word_1_200' title='bbox 506 3823 716 3906; x_wconf 86' lang='lat' dir='ltr'><strong>inimicosque</strong></span> <span class='ocrx_word' id='word_1_201' title='bbox 740 3824 773 3887; x_wconf 92' lang='lat' dir='ltr'><strong>in</strong></span> <span class='ocrx_word' id='word_1_202' title='bbox 796 3823 903 3906; x_wconf 87' lang='lat' dir='ltr'><strong>lugam</strong></span> <span class='ocrx_word' id='word_1_203' title='bbox 928 3824 1087 3906; x_wconf 88' lang='lat' dir='ltr'><strong>uertisset,</strong></span> <span class='ocrx_word' id='word_1_204' title='bbox 1110 3824 1170 3890; x_wconf 92' lang='lat' dir='ltr'><strong>hos</strong></span> <span class='ocrx_word' id='word_1_205' title='bbox 1186 3823 1261 3889; x_wconf 88' lang='lat' dir='ltr'><strong>uiri·</strong></span> 
     </span>
     <span class='ocr_line' id='line_1_27' title="bbox 84 3932 1261 4016; baseline -0.005 -13"><span class='ocrx_word' id='word_1_206' title='bbox 84 3940 156 4003; x_wconf 91' lang='lat' dir='ltr'><strong>liter</strong></span> <span class='ocrx_word' id='word_1_207' title='bbox 180 3939 341 4003; x_wconf 88' lang='lat' dir='ltr'><strong>insecutus</strong></span> <span class='ocrx_word' id='word_1_208' title='bbox 363 3935 517 4000; x_wconf 87' lang='lat' dir='ltr'><strong>uniuersa</strong></span> <span class='ocrx_word' id='word_1_209' title='bbox 537 3932 688 3997; x_wconf 88' lang='lat' dir='ltr'><strong>liberauit</strong></span> <span class='ocrx_word' id='word_1_210' title='bbox 709 3933 837 3997; x_wconf 84' lang='lat' dir='ltr'><strong>Africae</strong></span> <span class='ocrx_word' id='word_1_211' title='bbox 864 3941 972 3998; x_wconf 88' lang='lat' dir='ltr'><strong>castra</strong></span> <span class='ocrx_word' id='word_1_212' title='bbox 994 3933 1175 4016; x_wconf 81' lang='lat' dir='ltr'><strong>relictisque</strong></span> <span class='ocrx_word' id='word_1_213' title='bbox 1188 3953 1261 4016; x_wconf 93' lang='lat' dir='ltr'><strong>pro·</strong></span> 
     </span>
     <span class='ocr_line' id='line_1_28' title="bbox 84 4041 1259 4132; baseline -0.004 -20"><span class='ocrx_word' id='word_1_214' title='bbox 84 4048 164 4132; x_wconf 91' lang='lat' dir='ltr'><strong>priis</strong></span> <span class='ocrx_word' id='word_1_215' title='bbox 187 4045 449 4112; x_wconf 87' lang='lat' dir='ltr'><strong>obseruatoribus</strong></span> <span class='ocrx_word' id='word_1_216' title='bbox 478 4045 559 4108; x_wconf 87' lang='lat' dir='ltr'><strong>haec</strong></span> <span class='ocrx_word' id='word_1_217' title='bbox 587 4043 761 4126; x_wconf 87' lang='lat' dir='ltr'><strong>imperator</strong></span> <span class='ocrx_word' id='word_1_218' title='bbox 784 4043 945 4125; x_wconf 74' lang='lat' dir='ltr'><strong>suggessit</strong></span> <span class='ocrx_word' id='word_1_219' title='bbox 976 4041 1160 4125; x_wconf 87' lang='lat' dir='ltr'><strong>ibidemque</strong></span> <span class='ocrx_word' id='word_1_220' title='bbox 1189 4041 1259 4107; x_wconf 91' lang='lat' dir='ltr'><strong>hie·</strong></span> 
     </span>
     <span class='ocr_line' id='line_1_29' title="bbox 85 4152 756 4239; baseline -0.006 -19"><span class='ocrx_word' id='word_1_221' title='bbox 85 4158 186 4221; x_wconf 90' lang='lat' dir='ltr'><strong>mauit</strong></span> <span class='ocrx_word' id='word_1_222' title='bbox 207 4158 382 4222; x_wconf 89' lang='lat' dir='ltr'><strong>iussionem</strong></span> <span class='ocrx_word' id='word_1_223' title='bbox 405 4154 620 4239; x_wconf 89' lang='lat' dir='ltr'><strong>praestolatus</strong></span> <span class='ocrx_word' id='word_1_224' title='bbox 642 4152 684 4215; x_wconf 91' lang='lat' dir='ltr'><strong>ab</strong></span> <span class='ocrx_word' id='word_1_225' title='bbox 708 4172 756 4216; x_wconf 88' lang='lat' dir='ltr'><strong>eo.</strong></span> 
     </span>
     <span class='ocr_line' id='line_1_30' title="bbox 170 4261 1315 4350; baseline -0.003 -20"><span class='ocrx_word' id='word_1_226' title='bbox 170 4267 211 4330; x_wconf 80' lang='lat' dir='ltr'><strong>At</strong></span> <span class='ocrx_word' id='word_1_227' title='bbox 235 4286 311 4331; x_wconf 87' lang='lat' dir='ltr'><strong>ucro</strong></span> <span class='ocrx_word' id='word_1_228' title='bbox 340 4262 598 4350; x_wconf 86' lang='lat' dir='ltr'><strong>protosymbolus</strong></span> <span class='ocrx_word' id='word_1_229' title='bbox 626 4261 678 4328; x_wconf 90' lang='lat' dir='ltr'><strong>his</strong></span> <span class='ocrx_word' id='word_1_230' title='bbox 707 4261 878 4346; x_wconf 88' lang='lat' dir='ltr'><strong>compertis</strong></span> <span class='ocrx_word' id='word_1_231' title='bbox 907 4261 1070 4345; x_wconf 90' lang='lat' dir='ltr'><strong>copiosum</strong></span> <span class='ocrx_word' id='word_1_232' title='bbox 1095 4267 1127 4327; x_wconf 86' lang='lat' dir='ltr'><strong>et</strong></span> <span class='ocrx_word' id='word_1_233' title='bbox 1148 4268 1261 4345; x_wconf 90' lang='lat' dir='ltr'><strong>poten·</strong></span> <span class='ocrx_word' id='word_1_234' title='bbox 1282 4263 1315 4327; x_wconf 91' lang='lat'><strong>11</strong></span> 
     </span>
    </p>
   </div>
   <div class='ocr_carea' id='block_1_5' title="bbox 90 4507 207 4514">
    <p class='ocr_par' dir='ltr' id='par_1_5' title="bbox 90 4507 207 4514">
     <span class='ocr_line' id='line_1_31' title="bbox 90 4507 207 4514; baseline 0 -1"><span class='ocrx_word' id='word_1_235' title='bbox 90 4507 207 4514; x_wconf 79' lang='lat'><em>——.-</em></span> 
     </span>
    </p>
   </div>
   <div class='ocr_carea' id='block_1_6' title="bbox 87 4615 1263 4900">
    <p class='ocr_par' dir='ltr' id='par_1_6' title="bbox 87 4615 1263 4900">
     <span class='ocr_line' id='line_1_32' title="bbox 156 4615 1261 4711; baseline -0.005 -15"><span class='ocrx_word' id='word_1_236' title='bbox 156 4651 254 4698; x_wconf 71' lang='lat' dir='ltr'><strong>butero</strong></span> <span class='ocrx_word' id='word_1_237' title='bbox 273 4644 368 4698; x_wconf 75' lang='lat' dir='ltr'><strong>onnD</strong></span> <span class='ocrx_word' id='word_1_238' title='bbox 420 4648 480 4696; x_wconf 74' lang='lat' dir='ltr'><strong>bet</strong></span> <span class='ocrx_word' id='word_1_239' title='bbox 498 4648 513 4697; x_wconf 88' lang='grc'>6</span> <span class='ocrx_word' id='word_1_240' title='bbox 531 4617 753 4711; x_wconf 83' lang='lat' dir='ltr'><strong>yppodromrdll</strong></span> <span class='ocrx_word' id='word_1_241' title='bbox 817 4615 1003 4693; x_wconf 77' lang='lat' dir='ltr'><strong>leerlondll</strong></span> <span class='ocrx_word' id='word_1_242' title='bbox 1101 4640 1128 4689; x_wconf 93' lang='lat' dir='ltr'><strong>ll</strong></span> <span class='ocrx_word' id='word_1_243' title='bbox 1152 4636 1261 4691; x_wconf 74' lang='lat' dir='ltr'><strong>nxrnrd</strong></span> 
     </span>
     <span class='ocr_line' id='line_1_33' title="bbox 87 4724 1262 4821; baseline -0.005 -30"><span class='ocrx_word' id='word_1_244' title='bbox 87 4745 136 4791; x_wconf 70' lang='lat' dir='ltr'><strong>nris</strong></span> <span class='ocrx_word' id='word_1_245' title='bbox 150 4724 193 4791; x_wconf 81' lang='lat' dir='ltr'><strong>-r¹m</strong></span> <span class='ocrx_word' id='word_1_246' title='bbox 207 4754 324 4790; x_wconf 72' lang='lat' dir='ltr'><strong>ruciam</strong></span> <span class='ocrx_word' id='word_1_247' title='bbox 342 4738 403 4790; x_wconf 78' lang='lat' dir='ltr'><strong>prii·</strong></span> <span class='ocrx_word' id='word_1_248' title='bbox 416 4753 493 4789; x_wconf 82' lang='lat' dir='ltr'><strong>xxn·</strong></span> <span class='ocrx_word' id='word_1_249' title='bbox 511 4734 692 4821; x_wconf 68' lang='lat' dir='ltr'><strong>subscriptum</strong></span> <span class='ocrx_word' id='word_1_250' title='bbox 719 4733 745 4786; x_wconf 81' lang='lat' dir='ltr'><strong>iu</strong></span> <span class='ocrx_word' id='word_1_251' title='bbox 774 4731 799 4785; x_wconf 84' lang='lat' dir='ltr'><strong>ll</strong></span> <span class='ocrx_word' id='word_1_252' title='bbox 911 4735 941 4784; x_wconf 81' lang='lat' dir='ltr'><strong>lt</strong></span> <span class='ocrx_word' id='word_1_253' title='bbox 968 4730 1079 4819; x_wconf 68' lang='lat' dir='ltr'><strong>pctauo]</strong></span> <span class='ocrx_word' id='word_1_254' title='bbox 1105 4730 1217 4799; x_wconf 76' lang='lat' dir='ltr'><strong>septime</strong></span> <span class='ocrx_word' id='word_1_255' title='bbox 1236 4729 1262 4785; x_wconf 82' lang='grc' dir='ltr'><strong>Ι)</strong></span> 
     </span>
     <span class='ocr_line' id='line_1_34' title="bbox 88 4821 1263 4900; baseline -0.006 -16"><span class='ocrx_word' id='word_1_256' title='bbox 88 4832 198 4900; x_wconf 80' lang='lat' dir='ltr'><strong>ceprllds</strong></span> <span class='ocrx_word' id='word_1_257' title='bbox 216 4830 242 4884; x_wconf 85' lang='lat' dir='ltr'><strong>I)</strong></span> <span class='ocrx_word' id='word_1_258' title='bbox 309 4835 342 4883; x_wconf 76' lang='lat'><strong>20</strong></span> <span class='ocrx_word' id='word_1_259' title='bbox 360 4846 424 4885; x_wconf 87' lang='lat' dir='ltr'><strong>uero</strong></span> <span class='ocrx_word' id='word_1_260' title='bbox 443 4846 493 4882; x_wconf 77' lang='lat' dir='ltr'><strong>om¹</strong></span> <span class='ocrx_word' id='word_1_261' title='bbox 512 4828 546 4883; x_wconf 74' lang='lat' dir='ltr'><strong>u</strong></span> <span class='ocrx_word' id='word_1_262' title='bbox 599 4825 738 4880; x_wconf 78' lang='lat' dir='ltr'><strong>affrical)</strong></span> <span class='ocrx_word' id='word_1_263' title='bbox 790 4829 822 4878; x_wconf 75' lang='lat'><strong>24</strong></span> <span class='ocrx_word' id='word_1_264' title='bbox 841 4823 1026 4893; x_wconf 80' lang='lat' dir='ltr'><strong>kartaginel)</strong></span> <span class='ocrx_word' id='word_1_265' title='bbox 1067 4821 1263 4877; x_wconf 70' lang='lat' dir='ltr'><strong>teutona</strong></span> 
     </span>
    </p>
   </div>
   <div class='ocr_carea' id='block_1_7' title="bbox 0 0 1434 5394">
    <p class='ocr_par' dir='ltr' id='par_1_7' title="bbox 0 0 1434 5394">
     <span class='ocr_line' id='line_1_35' title="bbox 0 0 1434 5394; baseline 0 0"><span class='ocrx_word' id='word_1_266' title='bbox 0 0 1434 5394; x_wconf 95' lang='lat' dir='ltr'><strong> </strong></span> 
     </span>
    </p>
   </div>
  </div>
 </body>
</html>
