2834 5394
545 681 618 730 err.
640 681 835 730 xvi-xvmr
1210 668 1272 732 399

101 832 194 917 prius
216 832 368 917 aequalia
388 833 503 899 Turdis
526 833 597 916 ipse
620 835 829 918 persolueret.
875 853 986 900 uerum
1010 834 1183 902 Mauricius
1211 833 1272 901 boc

100 948 264 1026 comperto
286 943 464 1008 Romanum
497 943 648 1026 prouehit
679 949 861 1026 praetorem
895 950 928 1009 et
957 945 991 1009 iu
1014 944 1169 1011 Suauiam
1201 964 1272 1010 cum

100 1057 270 1135 potentatu
303 1054 499 1120 transmittit.
543 1072 679 1137 eumque
711 1055 914 1136 peruenisset
942 1057 1105 1121 Romanus
1132 1053 1273 1121 Lazioen

101 1169 135 1228 et
156 1162 199 1228 ad
220 1161 342 1229 Phasin
364 1162 496 1228 fluuium
519 1164 720 1244 accessisset,
750 1164 782 1228 in
805 1163 979 1229 Albaniam
1008 1165 1183 1232 exereitum
1205 1185 1273 1230 mo·

66 1272 157 1340 suit.
201 1273 288 1339 Bara
309 1279 415 1338 autem
437 1274 573 1340 audiens
595 1274 775 1338 Romanum
797 1274 973 1357 profectum
1001 1294 1069 1341 rem
1092 1274 1270 1341 deridebat.

98 1382 251 1465 cupiebat
272 1384 369 1449 etiam
391 1385 568 1449 Romanam
591 1383 693 1449 aciem
716 1405 814 1449 mauu
836 1402 963 1467 capere.
1007 1406 1071 1450 nou
1101 1387 1187 1452 enim
1215 1386 1272 1452 ad·

99 1491 165 1557 buc
187 1492 344 1560 aduersus
365 1495 528 1560 Romanos
550 1493 669 1559 bellum
698 1493 825 1559 inierat.
870 1501 904 1559 at
927 1513 1003 1560 uero
1026 1497 1190 1563 Romanus
1211 1498 1272 1562 Rc-

98 1623 229 1667 manam
252 1603 485 1669 multitudinem
517 1606 682 1688 separauit
713 1624 778 1669 uon
811 1604 957 1689 probatis
990 1623 1091 1688 penes
1125 1606 1271 1674 sarcinas

100 1712 275 1795 derelictis,
319 1711 427 1778 decem
451 1714 542 1778 milia
563 1715 659 1779 etiam
683 1732 790 1780 secum
821 1714 985 1798 accipiens
1012 1715 1171 1783 aduersus
1200 1717 1278 1808 bar-1

52 1838 84 1887 ro
101 1823 198 1891 baros
230 1824 425 1908 properabat
457 1833 489 1888 et
521 1823 584 1888 duo
618 1824 707 1889 milia
739 1822 932 1908 praecedere
964 1824 1053 1888 iubet
1085 1825 1270 1891 exercitum.

100 1934 156 2018 qui
185 1935 353 1998 uenientes
383 1933 511 1997 obuiam
542 1932 593 1999 his
622 1935 677 2017 qui
706 1941 966 2018 praecesserant,
1004 1934 1121 2000 Persas
1150 1934 1210 2002 hos
1238 1936 1271 2001 iu

99 2052 192 2127 terga
213 2051 342 2109 uertunt
363 2049 396 2107 et
417 2062 528 2109 omues
551 2044 745 2107 interimunt.
791 2044 875 2108 laeta
897 2045 1017 2128 quippe
1040 2044 1117 2128 luga
1132 2051 1164 2110 et
1177 2062 1272 2129 prae·

99 2154 210 2238 cipitio
240 2153 301 2218 sibi
333 2153 481 2218 obstante
508 2154 649 2218 conclusi
679 2173 791 2219 omues
819 2154 1018 2219 interierunt.
1063 2161 1116 2220 ast
1136 2155 1271 2220 Romani

100 2284 202 2347 usquo
224 2262 266 2328 ad
297 2263 506 2327 barbarorum
530 2263 648 2327 uallum
672 2270 829 2328 uenerunt
850 2265 896 2328 ita
918 2270 953 2328 ut
973 2264 1059 2329 Bara
1088 2283 1185 2349 super
1213 2265 1273 2330 boo
1375 2315 1379 2329 .

52 2388 85 2438 to
100 2374 351 2459 obstupesceret.
396 2372 481 2457 quod
504 2372 640 2438 audieus
662 2374 837 2455 Romanus,
860 2375 1005 2440 animare
1027 2375 1133 2459 eoepit
1154 2376 1274 2442 exerci-

101 2491 168 2549 tum
190 2491 221 2548 et
243 2483 430 2568 proeliaturi
453 2491 609 2565 parantur
635 2482 669 2547 irr
698 2503 812 2568 campo
835 2484 1003 2550 Albaniae,
1048 2486 1135 2551 Bara
1165 2492 1272 2551 autem

99 2593 263 2659 nitebatur
285 2593 404 2657 bellum
427 2592 535 2672 iurari,
561 2593 730 2659 frustratus
753 2601 862 2659 tamen
885 2595 1019 2661 consilio
1042 2603 1100 2661 est.
1132 2596 1270 2663 surrexit

99 2703 184 2768 euim
208 2704 371 2769 Romanus
395 2710 427 2767 et
448 2703 671 2786 comprimisse
692 2703 877 2787 parabatur.
924 2723 994 2767 cum
1024 2710 1129 2768 autem
1163 2704 1195 2769 in
1225 2706 1272 2769 ui·

99 2832 168 2878 eeru
191 2813 357 2878 conflictus
380 2813 557 2895 agitaretur
588 2818 619 2875 ot
648 2813 739 2875 mrdti
769 2812 977 2877 barbarorum
1007 2812 1104 2878 occisi
1126 2813 1271 2896 tuissent,

50 2938 83 2988 ²0
101 2924 242 2989 maximia
272 2923 307 2986 tit
335 2924 488 2987 Romanis
521 2921 664 2985 uictoria.
709 2909 925 3005 dispoliantur
954 2922 1051 3004 igitur
1079 2922 1209 2987 barbari
1240 2929 1272 2989 et

101 3035 266 3119 sepultura
288 3040 435 3097 carentes
459 3031 640 3097 efficiuntur
662 3030 775 3096 bestiis
798 3050 882 3096 esea.

183 3143 252 3207 Hoc
280 3142 389 3207 audito
412 3140 586 3207 llormisda
608 3141 777 3206 Persarum
808 3160 865 3206 rex
894 3143 1114 3208 contusionem
1138 3163 1202 3208 uon
1224 3143 1266 3208 ic·
1288 3149 1414 3217 XV1111

99 3273 175 3318 rens
197 3253 386 3317 nrrrliebrem
411 3259 530 3315 uestem
548 3251 652 3315 Barac
671 3252 850 3316 transmisit
873 3258 905 3317 et
928 3251 1012 3315 bunc
1034 3258 1186 3335 practura
1208 3254 1270 3337 pri-

100 3362 199 3427 uauit.
245 3368 339 3446 parat
361 3381 378 3425 o
401 3369 512 3425 eontra
534 3361 740 3426 rebellionem
766 3362 851 3425 Bata
877 3370 908 3426 et
936 3360 1142 3445 progreditur
1169 3362 1202 3425 iu
1224 3368 1271 3446 ty·

51 3487 83 3538 25
102 3471 271 3537 rannidem
295 3480 326 3536 et
349 3471 520 3554 reciprocis
543 3471 670 3537 iniuriis
693 3491 750 3556 per
772 3472 897 3537 litteras
912 3471 1118 3538 Hormisdam
1140 3472 1271 3538 lacessit

98 3582 344 3666 superscribens
368 3581 527 3664 epistulae
550 3582 596 3645 ita
619 3581 821 3647 ‘Hormisdou
844 3582 911 3645 lilio
927 3580 1080 3647 Oboerois
1103 3583 1189 3647 Bura
1211 3582 1271 3647 hoc

99 3692 213 3756 niittit?
257 3691 399 3756 collectis
421 3710 496 3754 uero
521 3691 643 3755 militiis
660 3690 832 3755 miserebat
847 3691 1051 3758 Hormisdam
1068 3688 1270 3776 indignatum

98 3800 270 3867 aduersum
304 3801 438 3865 militias
472 3807 580 3885 utpote
615 3821 698 3882 quae
720 3820 741 3863 a
763 3801 916 3866 Romanis
940 3802 1058 3866 luerint
1087 3809 1269 3886 superatae.

98 3911 290 3977 ostendebat
319 3920 424 3975 arrtom
455 3918 485 3975 et
514 3911 605 3975 tietas
629 3911 752 3975 litteras
776 3912 870 3993 quasi
893 3911 934 3975 ab
957 3910 1132 3976 Hormisda
1153 3911 1271 3977 missas

48 4034 79 4084 3¹¹
96 4021 139 4086 ad
162 4020 354 4086 minuendas
378 4021 511 4084 militum
536 4041 631 4103 rogas
654 4019 695 4083 ad
719 4021 905 4085 ureuroriam
928 4021 976 4085 eis
1005 4019 1160 4085 reducens
1190 4027 1270 4085 atro·

98 4131 225 4195 citatem
255 4130 447 4196 llormisdac
477 4151 533 4196 seu
563 4129 784 4195 crudelitatem
817 4130 987 4194 auaritiam
1016 4136 1048 4192 et
1083 4129 1270 4195 uiolentiam

98 4247 129 4305 et
151 4241 289 4323 qualiter
312 4241 494 4306 homicidiis
517 4239 694 4305 delectatus
723 4248 755 4304 et
784 4259 804 4303 a
834 4258 913 4324 paee
935 4240 1061 4304 alienus
1084 4246 1171 4305 esset
1192 4260 1269 4324 qua·-

97 4351 233 4434 literquc
267 4352 440 4434 optimates
477 4350 616 4414 uinculis
649 4349 819 4431 dediderit,
858 4369 992 4433 quorum
1025 4348 1108 4415 alios
1141 4348 1271 4431 quidem

96 4460 206 4543 gladio
229 4460 388 4544 reciderit,
423 4462 504 4526 alios
529 4468 634 4525 autem
659 4460 823 4526 uocauerit
845 4459 978 4543 Tigride
1007 4467 1039 4524 et
1060 4459 1201 4543 qualiter
1221 4478 1272 4524 co-

109 4621 264 4631 -.......-

162 4725 222 4772 tet
243 4724 318 4772 tte!
339 4723 462 4772 ldetiss
489 4726 515 4771 et
541 4718 708 4772 t-lBarr'tI)
776 4717 963 4789 desperetli
1034 4718 1270 4774 ttobltsutelD‘

97 4817 126 4864 15
145 4827 236 4867 anima
254 4817 355 4881 recepit
375 4811 398 4866 D
466 4815 498 4865 26
517 4779 603 4865 obiret
623 4811 645 4865 ll
713 4814 746 4866 tt
765 4811 901 4866 mrhtrall
