<?xml version="1.0" encoding="UTF-8"?>
<!DOCTYPE html PUBLIC "-//W3C//DTD XHTML 1.0 Transitional//EN"
    "http://www.w3.org/TR/xhtml1/DTD/xhtml1-transitional.dtd">
<html xmlns="http://www.w3.org/1999/xhtml" xml:lang="en" lang="en">
 <head>
  <title>
</title>
<meta http-equiv="Content-Type" content="text/html;charset=utf-8" />
  <meta name='ocr-system' content='tesseract 3.04.00' />
  <meta name='ocr-capabilities' content='ocr_page ocr_carea ocr_par ocr_line ocrx_word'/>
</head>
<body>
  <div class='ocr_page' id='page_1' title='image "./historiamiscell00sagagoog_0350.png"; bbox 0 0 2834 5394; ppageno 0'>
   <div class='ocr_carea' id='block_1_1' title="bbox 169 300 833 362">
    <p class='ocr_par' dir='ltr' id='par_1_1' title="bbox 169 300 833 362">
     <span class='ocr_line' id='line_1_1' title="bbox 169 300 833 362; baseline 0 0"><span class='ocrx_word' id='word_1_1' title='bbox 169 300 231 362; x_wconf 78' lang='grc'>336</span> <span class='ocrx_word' id='word_1_2' title='bbox 672 315 766 362; x_wconf 78' lang='lat' dir='ltr'>curru</span> <span class='ocrx_word' id='word_1_3' title='bbox 787 316 833 362; x_wconf 84' lang='lat' dir='ltr'>xv</span> 
     </span>
    </p>
   </div>
   <div class='ocr_carea' id='block_1_2' title="bbox 100 465 1397 3744">
    <p class='ocr_par' dir='ltr' id='par_1_2' title="bbox 169 465 1380 1099">
     <span class='ocr_line' id='line_1_2' title="bbox 169 465 1349 552; baseline -0.002 -21"><span class='ocrx_word' id='word_1_4' title='bbox 169 465 279 531; x_wconf 83' lang='lat' dir='ltr'>debita</span> <span class='ocrx_word' id='word_1_5' title='bbox 308 466 552 532; x_wconf 77' lang='lat' dir='ltr'><strong>transmisisset.</strong></span> <span class='ocrx_word' id='word_1_6' title='bbox 597 466 651 550; x_wconf 90' lang='lat' dir='ltr'>qui</span> <span class='ocrx_word' id='word_1_7' title='bbox 680 486 831 534; x_wconf 88' lang='lat' dir='ltr'>reuersus</span> <span class='ocrx_word' id='word_1_8' title='bbox 864 467 1078 552; x_wconf 87' lang='lat' dir='ltr'>adproprias</span> <span class='ocrx_word' id='word_1_9' title='bbox 1108 465 1210 547; x_wconf 86' lang='lat' dir='ltr'>sedes,</span> <span class='ocrx_word' id='word_1_10' title='bbox 1248 486 1349 551; x_wconf 86' lang='lat' dir='ltr'>supra</span> 
     </span>
     <span class='ocr_line' id='line_1_3' title="bbox 169 575 1347 662; baseline 0.001 -23"><span class='ocrx_word' id='word_1_11' title='bbox 169 575 277 659; x_wconf 89' lang='lat' dir='ltr'>plures</span> <span class='ocrx_word' id='word_1_12' title='bbox 314 596 396 659; x_wconf 87' lang='lat' dir='ltr'>quas</span> <span class='ocrx_word' id='word_1_13' title='bbox 430 575 571 641; x_wconf 88' lang='lat' dir='ltr'>habebat</span> <span class='ocrx_word' id='word_1_14' title='bbox 604 596 721 642; x_wconf 86' lang='lat' dir='ltr'>uxores</span> <span class='ocrx_word' id='word_1_15' title='bbox 754 578 896 662; x_wconf 84' lang='lat' dir='ltr'>puellam</span> <span class='ocrx_word' id='word_1_16' title='bbox 919 577 1015 642; x_wconf 89' lang='lat' dir='ltr'>ualde</span> <span class='ocrx_word' id='word_1_17' title='bbox 1037 575 1202 653; x_wconf 80' lang='lat' dir='ltr'>decoram,</span> <span class='ocrx_word' id='word_1_18' title='bbox 1225 575 1347 640; x_wconf 90' lang='lat' dir='ltr'>lldieco</span> 
     </span>
     <span class='ocr_line' id='line_1_4' title="bbox 169 685 1348 770; baseline 0.002 -20"><span class='ocrx_word' id='word_1_19' title='bbox 169 685 308 766; x_wconf 89' lang='lat' dir='ltr'>nominc,</span> <span class='ocrx_word' id='word_1_20' title='bbox 333 686 395 752; x_wconf 91' lang='lat' dir='ltr'>sibi</span> <span class='ocrx_word' id='word_1_21' title='bbox 418 686 451 750; x_wconf 95' lang='lat' dir='ltr'>in</span> <span class='ocrx_word' id='word_1_22' title='bbox 474 686 710 751; x_wconf 84' lang='lat' dir='ltr'>matrimonium</span> <span class='ocrx_word' id='word_1_23' title='bbox 734 688 846 752; x_wconf 86' lang='lat' dir='ltr'>iunxit.</span> <span class='ocrx_word' id='word_1_24' title='bbox 884 688 925 752; x_wconf 93' lang='lat' dir='ltr'>ob</span> <span class='ocrx_word' id='word_1_25' title='bbox 948 688 1037 753; x_wconf 90' lang='lat' dir='ltr'>euius</span> <span class='ocrx_word' id='word_1_26' title='bbox 1060 687 1191 770; x_wconf 81' lang='lat' dir='ltr'>nuptias</span> <span class='ocrx_word' id='word_1_27' title='bbox 1213 687 1348 770; x_wconf 81' lang='lat' dir='ltr'>profusa</span> 
     </span>
     <span class='ocr_line' id='line_1_5' title="bbox 169 796 1348 880; baseline -0.001 -19"><span class='ocrx_word' id='word_1_28' title='bbox 169 796 321 861; x_wconf 88' lang='lat' dir='ltr'>conuiuia</span> <span class='ocrx_word' id='word_1_29' title='bbox 343 816 498 862; x_wconf 85' lang='lat' dir='ltr'>exercens</span> <span class='ocrx_word' id='word_1_30' title='bbox 527 796 602 860; x_wconf 94' lang='lat' dir='ltr'>drrm</span> <span class='ocrx_word' id='word_1_31' title='bbox 631 804 754 862; x_wconf 86' lang='lat' dir='ltr'>tantum</span> <span class='ocrx_word' id='word_1_32' title='bbox 785 797 853 861; x_wconf 91' lang='lat' dir='ltr'>uini</span> <span class='ocrx_word' id='word_1_33' title='bbox 876 805 1030 880; x_wconf 89' lang='lat' dir='ltr'>quantum</span> <span class='ocrx_word' id='word_1_34' title='bbox 1053 816 1226 879; x_wconf 84' lang='lat' dir='ltr'>numquam</span> <span class='ocrx_word' id='word_1_35' title='bbox 1249 803 1348 862; x_wconf 89' lang='lat' dir='ltr'>antea</span> 
     </span>
     <span class='ocr_line' id='line_1_6' title="bbox 169 905 1380 992; baseline -0.003 -22"><span class='ocrx_word' id='word_1_36' title='bbox 169 905 305 972; x_wconf 87' lang='lat' dir='ltr'>insemel</span> <span class='ocrx_word' id='word_1_37' title='bbox 328 907 479 989; x_wconf 83' lang='lat' dir='ltr'>bibisset,</span> <span class='ocrx_word' id='word_1_38' title='bbox 503 927 574 971; x_wconf 92' lang='lat' dir='ltr'>cunr</span> <span class='ocrx_word' id='word_1_39' title='bbox 598 907 733 992; x_wconf 90' lang='lat' dir='ltr'>supinus</span> <span class='ocrx_word' id='word_1_40' title='bbox 756 908 950 991; x_wconf 77' lang='lat' dir='ltr'>quiesceret,</span> <span class='ocrx_word' id='word_1_41' title='bbox 974 907 1142 991; x_wconf 91' lang='lat' dir='ltr'>eruptione</span> <span class='ocrx_word' id='word_1_42' title='bbox 1164 907 1345 990; x_wconf 84' lang='lat' dir='ltr'>sanguinis,</span> <span class='ocrx_word' id='word_1_43' title='bbox 1365 920 1380 966; x_wconf 86' lang='lat'>5</span> 
     </span>
     <span class='ocr_line' id='line_1_7' title="bbox 169 1016 1345 1099; baseline 0 -19"><span class='ocrx_word' id='word_1_44' title='bbox 169 1016 224 1099; x_wconf 93' lang='lat' dir='ltr'>qui</span> <span class='ocrx_word' id='word_1_45' title='bbox 248 1017 277 1081; x_wconf 91' lang='lat' dir='ltr'>ei</span> <span class='ocrx_word' id='word_1_46' title='bbox 301 1016 341 1081; x_wconf 93' lang='lat' dir='ltr'>de</span> <span class='ocrx_word' id='word_1_47' title='bbox 363 1017 496 1083; x_wconf 88' lang='lat' dir='ltr'>naribus</span> <span class='ocrx_word' id='word_1_48' title='bbox 519 1018 633 1083; x_wconf 88' lang='lat' dir='ltr'>solitus</span> <span class='ocrx_word' id='word_1_49' title='bbox 656 1025 725 1081; x_wconf 89' lang='lat' dir='ltr'>erat</span> <span class='ocrx_word' id='word_1_50' title='bbox 747 1017 886 1097; x_wconf 79' lang='lat' dir='ltr'>effluere,</span> <span class='ocrx_word' id='word_1_51' title='bbox 910 1017 1084 1082; x_wconf 83' lang='lat' dir='ltr'>suffocatus</span> <span class='ocrx_word' id='word_1_52' title='bbox 1108 1017 1268 1082; x_wconf 85' lang='lat' dir='ltr'>extinctus</span> <span class='ocrx_word' id='word_1_53' title='bbox 1284 1026 1345 1082; x_wconf 88' lang='lat' dir='ltr'>cst.</span> 
     </span>
    </p>

    <p class='ocr_par' dir='ltr' id='par_1_3' title="bbox 113 1125 1397 2535">
     <span class='ocr_line' id='line_1_8' title="bbox 113 1125 1347 1212; baseline -0.001 -21"><span class='ocrx_word' id='word_1_54' title='bbox 113 1126 145 1191; x_wconf 86' lang='lat' dir='ltr'>X</span> <span class='ocrx_word' id='word_1_55' title='bbox 167 1125 282 1191; x_wconf 89' lang='lat' dir='ltr'>eadem</span> <span class='ocrx_word' id='word_1_56' title='bbox 304 1126 445 1211; x_wconf 87' lang='lat' dir='ltr'>denique</span> <span class='ocrx_word' id='word_1_57' title='bbox 467 1127 553 1211; x_wconf 88' lang='lat' dir='ltr'>apud</span> <span class='ocrx_word' id='word_1_58' title='bbox 576 1127 887 1212; x_wconf 78' lang='lat' dir='ltr'>Constantinopolim</span> <span class='ocrx_word' id='word_1_59' title='bbox 909 1134 1002 1192; x_wconf 88' lang='lat' dir='ltr'>nocte</span> <span class='ocrx_word' id='word_1_60' title='bbox 1022 1127 1186 1191; x_wconf 88' lang='lat' dir='ltr'>blareiauo</span> <span class='ocrx_word' id='word_1_61' title='bbox 1209 1128 1347 1210; x_wconf 92' lang='lat' dir='ltr'>impera-</span> 
     </span>
     <span class='ocr_line' id='line_1_9' title="bbox 167 1234 1347 1322; baseline -0.001 -21"><span class='ocrx_word' id='word_1_62' title='bbox 167 1237 229 1302; x_wconf 86' lang='lat' dir='ltr'>tori</span> <span class='ocrx_word' id='word_1_63' title='bbox 250 1238 283 1303; x_wconf 92' lang='lat' dir='ltr'>in</span> <span class='ocrx_word' id='word_1_64' title='bbox 307 1238 429 1303; x_wconf 90' lang='lat' dir='ltr'>somnis</span> <span class='ocrx_word' id='word_1_65' title='bbox 451 1236 600 1303; x_wconf 91' lang='lat' dir='ltr'>dominus</span> <span class='ocrx_word' id='word_1_66' title='bbox 623 1258 785 1322; x_wconf 87' lang='lat' dir='ltr'>apparens</span> <span class='ocrx_word' id='word_1_67' title='bbox 808 1257 916 1302; x_wconf 87' lang='lat' dir='ltr'>areum</span> <span class='ocrx_word' id='word_1_68' title='bbox 937 1234 1057 1302; x_wconf 31' lang='lat' dir='ltr'>scurae</span> <span class='ocrx_word' id='word_1_69' title='bbox 1078 1237 1212 1301; x_wconf 83' lang='lat' dir='ltr'>tractum</span> <span class='ocrx_word' id='word_1_70' title='bbox 1239 1243 1347 1302; x_wconf 86' lang='lat' dir='ltr'>osten-</span> 
     </span>
     <span class='ocr_line' id='line_1_10' title="bbox 168 1346 1347 1432; baseline -0.001 -20"><span class='ocrx_word' id='word_1_71' title='bbox 168 1347 225 1428; x_wconf 89' lang='lat' dir='ltr'>dit,</span> <span class='ocrx_word' id='word_1_72' title='bbox 249 1367 311 1431; x_wconf 93' lang='lat' dir='ltr'>quo</span> <span class='ocrx_word' id='word_1_73' title='bbox 335 1348 457 1413; x_wconf 89' lang='lat' dir='ltr'>scilicet</span> <span class='ocrx_word' id='word_1_74' title='bbox 477 1368 639 1413; x_wconf 86' lang='lat' dir='ltr'>armorum</span> <span class='ocrx_word' id='word_1_75' title='bbox 662 1367 783 1432; x_wconf 80' lang='lat' dir='ltr'>genere</span> <span class='ocrx_word' id='word_1_76' title='bbox 804 1368 886 1431; x_wconf 84' lang='lat' dir='ltr'>gens</span> <span class='ocrx_word' id='word_1_77' title='bbox 908 1348 966 1411; x_wconf 87' lang='lat' dir='ltr'>illa</span> <span class='ocrx_word' id='word_1_78' title='bbox 987 1348 1087 1412; x_wconf 88' lang='lat' dir='ltr'>lidere</span> <span class='ocrx_word' id='word_1_79' title='bbox 1115 1347 1148 1410; x_wconf 93' lang='lat' dir='ltr'>in</span> <span class='ocrx_word' id='word_1_80' title='bbox 1172 1346 1256 1411; x_wconf 90' lang='lat' dir='ltr'>bello</span> <span class='ocrx_word' id='word_1_81' title='bbox 1279 1368 1347 1411; x_wconf 86' lang='lat' dir='ltr'>ma·</span> 
     </span>
     <span class='ocr_line' id='line_1_11' title="bbox 168 1454 1397 1540; baseline -0.007 -16"><span class='ocrx_word' id='word_1_82' title='bbox 168 1458 253 1524; x_wconf 79' lang='lat' dir='ltr'>xime</span> <span class='ocrx_word' id='word_1_83' title='bbox 282 1459 372 1524; x_wconf 90' lang='lat' dir='ltr'>solet.</span> <span class='ocrx_word' id='word_1_84' title='bbox 417 1454 512 1540; x_wconf 86' lang='lat' dir='ltr'>&lt;erat</span> <span class='ocrx_word' id='word_1_85' title='bbox 539 1467 645 1523; x_wconf 89' lang='lat' dir='ltr'>autem</span> <span class='ocrx_word' id='word_1_86' title='bbox 675 1458 859 1522; x_wconf 87' lang='lat' dir='ltr'>Marcianus</span> <span class='ocrx_word' id='word_1_87' title='bbox 895 1457 1068 1522; x_wconf 85' lang='lat' dir='ltr'>admodum</span> <span class='ocrx_word' id='word_1_88' title='bbox 1107 1457 1277 1540; x_wconf 80' lang='lat' dir='ltr'>religiosus</span> <span class='ocrx_word' id='word_1_89' title='bbox 1312 1465 1346 1522; x_wconf 89' lang='lat' dir='ltr'>et</span> <span class='ocrx_word' id='word_1_90' title='bbox 1368 1468 1397 1517; x_wconf 89' lang='lat' dir='ltr'>tc</span> 
     </span>
     <span class='ocr_line' id='line_1_12' title="bbox 168 1567 1343 1652; baseline -0.003 -20"><span class='ocrx_word' id='word_1_91' title='bbox 168 1568 286 1635; x_wconf 88' lang='lat' dir='ltr'>timens</span> <span class='ocrx_word' id='word_1_92' title='bbox 301 1569 406 1648; x_wconf 84' lang='lat' dir='ltr'>deum,</span> <span class='ocrx_word' id='word_1_93' title='bbox 431 1570 484 1652; x_wconf 89' lang='lat' dir='ltr'>qui</span> <span class='ocrx_word' id='word_1_94' title='bbox 508 1569 542 1633; x_wconf 93' lang='lat' dir='ltr'>iu</span> <span class='ocrx_word' id='word_1_95' title='bbox 564 1567 686 1633; x_wconf 88' lang='lat' dir='ltr'>litaniis</span> <span class='ocrx_word' id='word_1_96' title='bbox 709 1568 811 1651; x_wconf 89' lang='lat' dir='ltr'>campi</span> <span class='ocrx_word' id='word_1_97' title='bbox 829 1567 929 1651; x_wconf 88' lang='lat' dir='ltr'>pedes</span> <span class='ocrx_word' id='word_1_98' title='bbox 945 1567 1144 1632; x_wconf 80' lang='lat' dir='ltr'>excalciatus</span> <span class='ocrx_word' id='word_1_99' title='bbox 1159 1567 1343 1645; x_wconf 76' lang='lat' dir='ltr'>incedebat,</span> 
     </span>
     <span class='ocr_line' id='line_1_13' title="bbox 170 1677 1347 1763; baseline 0.001 -21"><span class='ocrx_word' id='word_1_100' title='bbox 170 1680 271 1743; x_wconf 90' lang='lat' dir='ltr'>multa</span> <span class='ocrx_word' id='word_1_101' title='bbox 307 1680 477 1763; x_wconf 79' lang='lat' dir='ltr'>egentibus</span> <span class='ocrx_word' id='word_1_102' title='bbox 515 1678 673 1744; x_wconf 85' lang='lat' dir='ltr'>beneficia</span> <span class='ocrx_word' id='word_1_103' title='bbox 708 1686 889 1762; x_wconf 86' lang='lat' dir='ltr'>praestans.</span> <span class='ocrx_word' id='word_1_104' title='bbox 935 1678 1018 1742; x_wconf 89' lang='lat' dir='ltr'>inter</span> <span class='ocrx_word' id='word_1_105' title='bbox 1055 1677 1136 1742; x_wconf 88' lang='lat' dir='ltr'>haec</span> <span class='ocrx_word' id='word_1_106' title='bbox 1173 1677 1347 1743; x_wconf 87' lang='lat' dir='ltr'>Pulcheria</span> 
     </span>
     <span class='ocr_line' id='line_1_14' title="bbox 167 1788 1346 1874; baseline 0 -23"><span class='ocrx_word' id='word_1_107' title='bbox 167 1788 264 1855; x_wconf 88' lang='lat' dir='ltr'>beata</span> <span class='ocrx_word' id='word_1_108' title='bbox 293 1798 325 1854; x_wconf 87' lang='lat' dir='ltr'>et</span> <span class='ocrx_word' id='word_1_109' title='bbox 352 1790 408 1874; x_wconf 90' lang='lat' dir='ltr'>pia</span> <span class='ocrx_word' id='word_1_110' title='bbox 440 1788 590 1852; x_wconf 88' lang='lat' dir='ltr'>dormiuit</span> <span class='ocrx_word' id='word_1_111' title='bbox 619 1788 651 1853; x_wconf 90' lang='lat' dir='ltr'>in</span> <span class='ocrx_word' id='word_1_112' title='bbox 676 1788 814 1866; x_wconf 72' lang='lat' dir='ltr'>Christo,</span> <span class='ocrx_word' id='word_1_113' title='bbox 852 1808 935 1872; x_wconf 86' lang='lat' dir='ltr'>quac</span> <span class='ocrx_word' id='word_1_114' title='bbox 971 1789 1072 1851; x_wconf 90' lang='lat' dir='ltr'>multa</span> <span class='ocrx_word' id='word_1_115' title='bbox 1102 1789 1186 1852; x_wconf 87' lang='lat' dir='ltr'>bona</span> <span class='ocrx_word' id='word_1_116' title='bbox 1209 1788 1284 1851; x_wconf 87' lang='lat' dir='ltr'>lecit</span> <span class='ocrx_word' id='word_1_117' title='bbox 1313 1795 1346 1852; x_wconf 87' lang='lat' dir='ltr'>et</span> 
     </span>
     <span class='ocr_line' id='line_1_15' title="bbox 168 1898 1344 1984; baseline -0.001 -20"><span class='ocrx_word' id='word_1_118' title='bbox 168 1900 276 1964; x_wconf 85' lang='lat' dir='ltr'>omnia</span> <span class='ocrx_word' id='word_1_119' title='bbox 309 1919 368 1964; x_wconf 90' lang='lat' dir='ltr'>sua</span> <span class='ocrx_word' id='word_1_120' title='bbox 396 1899 592 1984; x_wconf 88' lang='lat' dir='ltr'>pauperibus</span> <span class='ocrx_word' id='word_1_121' title='bbox 622 1898 804 1981; x_wconf 80' lang='lat' dir='ltr'>dereliquit,</span> <span class='ocrx_word' id='word_1_122' title='bbox 840 1918 922 1982; x_wconf 88' lang='lat' dir='ltr'>quae</span> <span class='ocrx_word' id='word_1_123' title='bbox 953 1901 1127 1982; x_wconf 87' lang='lat' dir='ltr'>imperator</span> <span class='ocrx_word' id='word_1_124' title='bbox 1149 1898 1344 1979; x_wconf 85' lang='lat' dir='ltr'>Marcianus,</span> 
     </span>
     <span class='ocr_line' id='line_1_16' title="bbox 167 2008 1393 2092; baseline -0.001 -19"><span class='ocrx_word' id='word_1_125' title='bbox 167 2027 238 2073; x_wconf 87' lang='lat' dir='ltr'>cum</span> <span class='ocrx_word' id='word_1_126' title='bbox 261 2010 361 2073; x_wconf 89' lang='lat' dir='ltr'>multa</span> <span class='ocrx_word' id='word_1_127' title='bbox 383 2016 506 2089; x_wconf 83' lang='lat' dir='ltr'>essent,</span> <span class='ocrx_word' id='word_1_128' title='bbox 541 2008 690 2073; x_wconf 85' lang='lat' dir='ltr'>alacriter</span> <span class='ocrx_word' id='word_1_129' title='bbox 719 2008 910 2092; x_wconf 86' lang='lat' dir='ltr'>dispertiuit.</span> <span class='ocrx_word' id='word_1_130' title='bbox 955 2009 1132 2074; x_wconf 81' lang='lat' dir='ltr'>construxit</span> <span class='ocrx_word' id='word_1_131' title='bbox 1160 2014 1268 2071; x_wconf 91' lang='lat' dir='ltr'>autem</span> <span class='ocrx_word' id='word_1_132' title='bbox 1291 2016 1393 2072; x_wconf 76' lang='lat' dir='ltr'>cru-15</span> 
     </span>
     <span class='ocr_line' id='line_1_17' title="bbox 167 2117 1344 2203; baseline -0.002 -20"><span class='ocrx_word' id='word_1_133' title='bbox 167 2118 240 2183; x_wconf 89' lang='lat' dir='ltr'>dem</span> <span class='ocrx_word' id='word_1_134' title='bbox 263 2128 295 2183; x_wconf 90' lang='lat' dir='ltr'>et</span> <span class='ocrx_word' id='word_1_135' title='bbox 316 2121 415 2183; x_wconf 88' lang='lat' dir='ltr'>multa</span> <span class='ocrx_word' id='word_1_136' title='bbox 437 2119 577 2183; x_wconf 87' lang='lat' dir='ltr'>oratoria</span> <span class='ocrx_word' id='word_1_137' title='bbox 599 2117 774 2199; x_wconf 88' lang='lat' dir='ltr'>domosque</span> <span class='ocrx_word' id='word_1_138' title='bbox 797 2119 993 2203; x_wconf 89' lang='lat' dir='ltr'>pauperibus</span> <span class='ocrx_word' id='word_1_139' title='bbox 1015 2126 1046 2183; x_wconf 87' lang='lat' dir='ltr'>et</span> <span class='ocrx_word' id='word_1_140' title='bbox 1067 2118 1249 2202; x_wconf 85' lang='lat' dir='ltr'>hospitibus</span> <span class='ocrx_word' id='word_1_141' title='bbox 1283 2137 1344 2182; x_wconf 87' lang='lat' dir='ltr'>nec</span> 
     </span>
     <span class='ocr_line' id='line_1_18' title="bbox 169 2228 1343 2313; baseline 0 -19"><span class='ocrx_word' id='word_1_142' title='bbox 169 2249 234 2294; x_wconf 92' lang='lat' dir='ltr'>non</span> <span class='ocrx_word' id='word_1_143' title='bbox 259 2237 290 2293; x_wconf 93' lang='lat' dir='ltr'>et</span> <span class='ocrx_word' id='word_1_144' title='bbox 313 2230 461 2313; x_wconf 86' lang='lat' dir='ltr'>sepulcra</span> <span class='ocrx_word' id='word_1_145' title='bbox 483 2229 663 2312; x_wconf 79' lang='lat' dir='ltr'>peregrinis</span> <span class='ocrx_word' id='word_1_146' title='bbox 686 2228 871 2294; x_wconf 88' lang='lat' dir='ltr'>aedifieauit</span> <span class='ocrx_word' id='word_1_147' title='bbox 900 2230 1046 2312; x_wconf 91' lang='lat' dir='ltr'>interque</span> <span class='ocrx_word' id='word_1_148' title='bbox 1076 2229 1191 2294; x_wconf 82' lang='lat' dir='ltr'>beatae</span> <span class='ocrx_word' id='word_1_149' title='bbox 1214 2228 1267 2294; x_wconf 90' lang='lat' dir='ltr'>dei</span> <span class='ocrx_word' id='word_1_150' title='bbox 1288 2250 1343 2310; x_wconf 78' lang='lat' dir='ltr'>ge-</span> 
     </span>
     <span class='ocr_line' id='line_1_19' title="bbox 166 2339 1341 2423; baseline -0.002 -18"><span class='ocrx_word' id='word_1_151' title='bbox 166 2339 296 2405; x_wconf 83' lang='lat' dir='ltr'>netricis</span> <span class='ocrx_word' id='word_1_152' title='bbox 332 2347 364 2403; x_wconf 91' lang='lat' dir='ltr'>et</span> <span class='ocrx_word' id='word_1_153' title='bbox 394 2339 529 2423; x_wconf 82' lang='lat' dir='ltr'>uirginis</span> <span class='ocrx_word' id='word_1_154' title='bbox 551 2340 674 2404; x_wconf 87' lang='lat' dir='ltr'>Mariae</span> <span class='ocrx_word' id='word_1_155' title='bbox 703 2340 736 2403; x_wconf 93' lang='lat' dir='ltr'>in</span> <span class='ocrx_word' id='word_1_156' title='bbox 765 2340 953 2405; x_wconf 89' lang='lat' dir='ltr'>Blaelrernis</span> <span class='ocrx_word' id='word_1_157' title='bbox 988 2348 1019 2403; x_wconf 91' lang='lat' dir='ltr'>et</span> <span class='ocrx_word' id='word_1_158' title='bbox 1048 2339 1152 2403; x_wconf 85' lang='lat' dir='ltr'>saneti</span> <span class='ocrx_word' id='word_1_159' title='bbox 1173 2339 1341 2403; x_wconf 86' lang='lat' dir='ltr'>Laurentii</span> 
     </span>
     <span class='ocr_line' id='line_1_20' title="bbox 165 2447 881 2535; baseline -0.001 -21"><span class='ocrx_word' id='word_1_160' title='bbox 165 2450 284 2515; x_wconf 91' lang='lat' dir='ltr'>leuitac</span> <span class='ocrx_word' id='word_1_161' title='bbox 308 2459 339 2515; x_wconf 91' lang='lat' dir='ltr'>et</span> <span class='ocrx_word' id='word_1_162' title='bbox 361 2451 512 2535; x_wconf 90' lang='lat' dir='ltr'>martyris</span> <span class='ocrx_word' id='word_1_163' title='bbox 534 2452 656 2535; x_wconf 88' lang='lat' dir='ltr'>templa</span> <span class='ocrx_word' id='word_1_164' title='bbox 677 2447 881 2532; x_wconf 70' lang='lat' dir='ltr'>construxit&gt;</span> 
     </span>
    </p>

    <p class='ocr_par' dir='ltr' id='par_1_4' title="bbox 100 2558 1393 3744">
     <span class='ocr_line' id='line_1_21' title="bbox 100 2558 1393 2644; baseline -0.005 -17"><span class='ocrx_word' id='word_1_165' title='bbox 100 2564 149 2627; x_wconf 85' lang='lat' dir='ltr'>Xl</span> <span class='ocrx_word' id='word_1_166' title='bbox 256 2562 341 2625; x_wconf 84' lang='lat' dir='ltr'>llum</span> <span class='ocrx_word' id='word_1_167' title='bbox 364 2560 445 2625; x_wconf 90' lang='lat' dir='ltr'>haec</span> <span class='ocrx_word' id='word_1_168' title='bbox 472 2568 636 2644; x_wconf 80' lang='lat' dir='ltr'>geruntur,</span> <span class='ocrx_word' id='word_1_169' title='bbox 664 2560 751 2644; x_wconf 90' lang='lat' dir='ltr'>apud</span> <span class='ocrx_word' id='word_1_170' title='bbox 773 2559 985 2624; x_wconf 89' lang='lat' dir='ltr'>Brittanniam</span> <span class='ocrx_word' id='word_1_171' title='bbox 1010 2558 1207 2641; x_wconf 83' lang='lat' dir='ltr'>Pelagianos</span> <span class='ocrx_word' id='word_1_172' title='bbox 1230 2559 1341 2624; x_wconf 89' lang='lat' dir='ltr'>haere·</span> <span class='ocrx_word' id='word_1_173' title='bbox 1359 2573 1393 2622; x_wconf 77' lang='lat' dir='ltr'>au</span> 
     </span>
     <span class='ocr_line' id='line_1_22' title="bbox 168 2669 1343 2754; baseline -0.002 -19"><span class='ocrx_word' id='word_1_174' title='bbox 168 2690 240 2736; x_wconf 87' lang='lat' dir='ltr'>scos</span> <span class='ocrx_word' id='word_1_175' title='bbox 263 2670 445 2736; x_wconf 82' lang='lat' dir='ltr'>adsertores</span> <span class='ocrx_word' id='word_1_176' title='bbox 462 2672 702 2735; x_wconf 90' lang='lat' dir='ltr'>Brittannorum</span> <span class='ocrx_word' id='word_1_177' title='bbox 724 2669 925 2754; x_wconf 84' lang='lat' dir='ltr'>temptabant</span> <span class='ocrx_word' id='word_1_178' title='bbox 947 2670 1132 2735; x_wconf 89' lang='lat' dir='ltr'>subuertere</span> <span class='ocrx_word' id='word_1_179' title='bbox 1148 2669 1254 2734; x_wconf 81' lang='lat' dir='ltr'>fidem.</span> <span class='ocrx_word' id='word_1_180' title='bbox 1287 2671 1343 2752; x_wconf 89' lang='lat' dir='ltr'>qui</span> 
     </span>
     <span class='ocr_line' id='line_1_23' title="bbox 169 2778 1342 2864; baseline 0.001 -21"><span class='ocrx_word' id='word_1_181' title='bbox 169 2800 189 2843; x_wconf 88' lang='lat' dir='ltr'>a</span> <span class='ocrx_word' id='word_1_182' title='bbox 212 2779 377 2843; x_wconf 86' lang='lat' dir='ltr'>Gallorum</span> <span class='ocrx_word' id='word_1_183' title='bbox 400 2782 561 2864; x_wconf 87' lang='lat' dir='ltr'>episcopis</span> <span class='ocrx_word' id='word_1_184' title='bbox 591 2780 745 2845; x_wconf 84' lang='lat' dir='ltr'>auxilium</span> <span class='ocrx_word' id='word_1_185' title='bbox 768 2787 914 2863; x_wconf 85' lang='lat' dir='ltr'>petentes</span> <span class='ocrx_word' id='word_1_186' title='bbox 937 2778 979 2843; x_wconf 91' lang='lat' dir='ltr'>ad</span> <span class='ocrx_word' id='word_1_187' title='bbox 1002 2786 1108 2844; x_wconf 87' lang='lat' dir='ltr'>rectae</span> <span class='ocrx_word' id='word_1_188' title='bbox 1131 2779 1206 2843; x_wconf 88' lang='lat' dir='ltr'>fidei</span> <span class='ocrx_word' id='word_1_189' title='bbox 1229 2779 1342 2844; x_wconf 88' lang='lat' dir='ltr'>delerr-</span> 
     </span>
     <span class='ocr_line' id='line_1_24' title="bbox 168 2889 1342 2972; baseline -0.002 -16"><span class='ocrx_word' id='word_1_190' title='bbox 168 2890 290 2956; x_wconf 89' lang='lat' dir='ltr'>sioncm</span> <span class='ocrx_word' id='word_1_191' title='bbox 315 2891 553 2956; x_wconf 84' lang='lat' dir='ltr'>sanctissimum</span> <span class='ocrx_word' id='word_1_192' title='bbox 576 2891 679 2953; x_wconf 91' lang='lat' dir='ltr'>uirum</span> <span class='ocrx_word' id='word_1_193' title='bbox 703 2889 900 2955; x_wconf 88' lang='lat' dir='ltr'>Germanum</span> <span class='ocrx_word' id='word_1_194' title='bbox 930 2890 1104 2972; x_wconf 87' lang='lat' dir='ltr'>multisque</span> <span class='ocrx_word' id='word_1_195' title='bbox 1131 2890 1195 2952; x_wconf 90' lang='lat' dir='ltr'>iam</span> <span class='ocrx_word' id='word_1_196' title='bbox 1219 2890 1342 2954; x_wconf 91' lang='lat' dir='ltr'>uirtuti-</span> 
     </span>
     <span class='ocr_line' id='line_1_25' title="bbox 166 2999 1343 3085; baseline 0.002 -22"><span class='ocrx_word' id='word_1_197' title='bbox 166 3000 227 3065; x_wconf 87' lang='lat' dir='ltr'>bus</span> <span class='ocrx_word' id='word_1_198' title='bbox 250 3001 380 3080; x_wconf 84' lang='lat' dir='ltr'>clarum,</span> <span class='ocrx_word' id='word_1_199' title='bbox 409 2999 675 3065; x_wconf 68' lang='lat' dir='ltr'>altisiodorensis</span> <span class='ocrx_word' id='word_1_200' title='bbox 705 2999 862 3064; x_wconf 86' lang='lat' dir='ltr'>ecelesiae</span> <span class='ocrx_word' id='word_1_201' title='bbox 890 2999 1075 3083; x_wconf 88' lang='lat' dir='ltr'>episcopum</span> <span class='ocrx_word' id='word_1_202' title='bbox 1113 2999 1276 3085; x_wconf 88' lang='lat' dir='ltr'>accipiunt</span> <span class='ocrx_word' id='word_1_203' title='bbox 1310 3009 1343 3065; x_wconf 94' lang='lat' dir='ltr'>et</span> 
     </span>
     <span class='ocr_line' id='line_1_26' title="bbox 167 3110 1393 3194; baseline -0.004 -21"><span class='ocrx_word' id='word_1_204' title='bbox 167 3110 292 3193; x_wconf 88' lang='lat' dir='ltr'>Lupum</span> <span class='ocrx_word' id='word_1_205' title='bbox 310 3112 527 3176; x_wconf 69' lang='lat' dir='ltr'>&#39;trecasenum</span> <span class='ocrx_word' id='word_1_206' title='bbox 551 3110 732 3194; x_wconf 84' lang='lat' dir='ltr'>praesulem</span> <span class='ocrx_word' id='word_1_207' title='bbox 755 3129 858 3193; x_wconf 86' lang='lat' dir='ltr'>aeque</span> <span class='ocrx_word' id='word_1_208' title='bbox 873 3110 1071 3193; x_wconf 86' lang='lat' dir='ltr'>apostolicae</span> <span class='ocrx_word' id='word_1_209' title='bbox 1086 3110 1210 3193; x_wconf 80' lang='lat' dir='ltr'>gratiae</span> <span class='ocrx_word' id='word_1_210' title='bbox 1225 3110 1339 3192; x_wconf 84' lang='lat' dir='ltr'>uirum,</span> <span class='ocrx_word' id='word_1_211' title='bbox 1359 3120 1393 3168; x_wconf 69' lang='lat'>23</span> 
     </span>
     <span class='ocr_line' id='line_1_27' title="bbox 168 3218 1340 3303; baseline 0.003 -20"><span class='ocrx_word' id='word_1_212' title='bbox 168 3221 222 3302; x_wconf 93' lang='lat' dir='ltr'>qrri</span> <span class='ocrx_word' id='word_1_213' title='bbox 256 3242 320 3284; x_wconf 91' lang='lat' dir='ltr'>non</span> <span class='ocrx_word' id='word_1_214' title='bbox 352 3221 457 3285; x_wconf 90' lang='lat' dir='ltr'>minus</span> <span class='ocrx_word' id='word_1_215' title='bbox 491 3221 654 3303; x_wconf 80' lang='lat' dir='ltr'>signorum</span> <span class='ocrx_word' id='word_1_216' title='bbox 688 3220 851 3285; x_wconf 89' lang='lat' dir='ltr'>miraculis</span> <span class='ocrx_word' id='word_1_217' title='bbox 892 3241 986 3303; x_wconf 88' lang='lat' dir='ltr'>quam</span> <span class='ocrx_word' id='word_1_218' title='bbox 1027 3218 1191 3284; x_wconf 88' lang='lat' dir='ltr'>doetrinae</span> <span class='ocrx_word' id='word_1_219' title='bbox 1230 3220 1340 3287; x_wconf 88' lang='lat' dir='ltr'>uerbis</span> 
     </span>
     <span class='ocr_line' id='line_1_28' title="bbox 168 3329 1341 3396; baseline 0.001 -2"><span class='ocrx_word' id='word_1_220' title='bbox 168 3348 279 3396; x_wconf 90' lang='lat' dir='ltr'>omnes</span> <span class='ocrx_word' id='word_1_221' title='bbox 302 3330 343 3393; x_wconf 89' lang='lat' dir='ltr'>ad</span> <span class='ocrx_word' id='word_1_222' title='bbox 367 3350 468 3395; x_wconf 88' lang='lat' dir='ltr'>sanae</span> <span class='ocrx_word' id='word_1_223' title='bbox 490 3329 565 3395; x_wconf 85' lang='lat' dir='ltr'>fidei</span> <span class='ocrx_word' id='word_1_224' title='bbox 588 3330 824 3396; x_wconf 85' lang='lat' dir='ltr'>confessionem</span> <span class='ocrx_word' id='word_1_225' title='bbox 847 3330 1012 3395; x_wconf 87' lang='lat' dir='ltr'>reduxere.</span> <span class='ocrx_word' id='word_1_226' title='bbox 1058 3349 1131 3396; x_wconf 87' lang='lat' dir='ltr'>ecee</span> <span class='ocrx_word' id='word_1_227' title='bbox 1154 3336 1261 3394; x_wconf 86' lang='lat' dir='ltr'>autem</span> <span class='ocrx_word' id='word_1_228' title='bbox 1284 3331 1341 3395; x_wconf 89' lang='lat' dir='ltr'>ad-</span> 
     </span>
     <span class='ocr_line' id='line_1_29' title="bbox 167 3440 1338 3525; baseline 0 -21"><span class='ocrx_word' id='word_1_229' title='bbox 167 3440 229 3504; x_wconf 93' lang='lat' dir='ltr'>huc</span> <span class='ocrx_word' id='word_1_230' title='bbox 259 3440 380 3506; x_wconf 89' lang='lat' dir='ltr'>ibidem</span> <span class='ocrx_word' id='word_1_231' title='bbox 409 3440 531 3506; x_wconf 86' lang='lat' dir='ltr'>sanetis</span> <span class='ocrx_word' id='word_1_232' title='bbox 561 3440 721 3525; x_wconf 88' lang='lat' dir='ltr'>episcopis</span> <span class='ocrx_word' id='word_1_233' title='bbox 752 3440 1003 3507; x_wconf 86' lang='lat' dir='ltr'>consistentibus</span> <span class='ocrx_word' id='word_1_234' title='bbox 1033 3440 1143 3503; x_wconf 90' lang='lat' dir='ltr'>ualida</span> <span class='ocrx_word' id='word_1_235' title='bbox 1173 3441 1338 3505; x_wconf 78' lang='lat' dir='ltr'>Saxonum</span> 
     </span>
     <span class='ocr_line' id='line_1_30' title="bbox 166 3550 1340 3635; baseline -0.001 -20"><span class='ocrx_word' id='word_1_236' title='bbox 166 3550 391 3635; x_wconf 86' lang='lat' dir='ltr'>Pictorumque</span> <span class='ocrx_word' id='word_1_237' title='bbox 413 3571 529 3616; x_wconf 89' lang='lat' dir='ltr'>marrus</span> <span class='ocrx_word' id='word_1_238' title='bbox 552 3551 767 3615; x_wconf 88' lang='lat' dir='ltr'>Brittanniam</span> <span class='ocrx_word' id='word_1_239' title='bbox 789 3550 970 3615; x_wconf 89' lang='lat' dir='ltr'>aduehitur·.</span> <span class='ocrx_word' id='word_1_240' title='bbox 1014 3550 1115 3614; x_wconf 88' lang='lat' dir='ltr'>nihilo</span> <span class='ocrx_word' id='word_1_241' title='bbox 1138 3550 1242 3615; x_wconf 90' lang='lat' dir='ltr'>miuus</span> <span class='ocrx_word' id='word_1_242' title='bbox 1258 3551 1340 3614; x_wconf 88' lang='lat' dir='ltr'>Brit-</span> 
     </span>
     <span class='ocr_line' id='line_1_31' title="bbox 167 3660 1391 3744; baseline -0.002 -19"><span class='ocrx_word' id='word_1_243' title='bbox 167 3669 259 3727; x_wconf 89' lang='lat' dir='ltr'>tones</span> <span class='ocrx_word' id='word_1_244' title='bbox 288 3683 362 3727; x_wconf 89' lang='lat' dir='ltr'>mox</span> <span class='ocrx_word' id='word_1_245' title='bbox 391 3682 482 3726; x_wconf 83' lang='lat' dir='ltr'>arnna</span> <span class='ocrx_word' id='word_1_246' title='bbox 512 3661 722 3744; x_wconf 84' lang='lat' dir='ltr'>corripientes</span> <span class='ocrx_word' id='word_1_247' title='bbox 751 3661 897 3726; x_wconf 87' lang='lat' dir='ltr'>hostibus</span> <span class='ocrx_word' id='word_1_248' title='bbox 927 3660 1056 3723; x_wconf 89' lang='lat' dir='ltr'>obuiam</span> <span class='ocrx_word' id='word_1_249' title='bbox 1084 3670 1230 3742; x_wconf 81' lang='lat' dir='ltr'>pergunt,</span> <span class='ocrx_word' id='word_1_250' title='bbox 1267 3682 1338 3723; x_wconf 91' lang='lat' dir='ltr'>curu</span> <span class='ocrx_word' id='word_1_251' title='bbox 1357 3671 1391 3717; x_wconf 69' lang='lat' dir='ltr'>‘tc</span> 
     </span>
    </p>
   </div>
   <div class='ocr_carea' id='block_1_3' title="bbox 166 3885 1341 4513">
    <p class='ocr_par' dir='ltr' id='par_1_5' title="bbox 166 3885 1341 4513">
     <span class='ocr_line' id='line_1_32' title="bbox 238 3885 1338 3942; baseline -0.003 -3"><span class='ocrx_word' id='word_1_252' title='bbox 238 3887 360 3940; x_wconf 87' lang='lat' dir='ltr'>ldeurta</span> <span class='ocrx_word' id='word_1_253' title='bbox 379 3888 404 3942; x_wconf 93' lang='grc'>1)</span> <span class='ocrx_word' id='word_1_254' title='bbox 473 3887 652 3941; x_wconf 76' lang='lat' dir='ltr'>&#39;zdccorr&#39;rB</span> <span class='ocrx_word' id='word_1_255' title='bbox 703 3886 795 3940; x_wconf 89' lang='lat' dir='ltr'>rldreto</span> <span class='ocrx_word' id='word_1_256' title='bbox 815 3885 849 3939; x_wconf 85' lang='lat' dir='ltr'>B¹</span> <span class='ocrx_word' id='word_1_257' title='bbox 927 3890 942 3938; x_wconf 85' lang='lat'>3</span> <span class='ocrx_word' id='word_1_258' title='bbox 962 3892 1029 3938; x_wconf 90' lang='lat' dir='ltr'>rurrrt</span> <span class='ocrx_word' id='word_1_259' title='bbox 1049 3885 1073 3937; x_wconf 85' lang='grc' dir='ltr'>Ι)</span> <span class='ocrx_word' id='word_1_260' title='bbox 1160 3885 1338 3937; x_wconf 81' lang='lat' dir='ltr'>leonitantr-</span> 
     </span>
     <span class='ocr_line' id='line_1_33' title="bbox 167 3978 1341 4051; baseline -0.002 -19"><span class='ocrx_word' id='word_1_261' title='bbox 167 3980 312 4049; x_wconf 76' lang='lat' dir='ltr'>rto-lpohm</span> <span class='ocrx_word' id='word_1_262' title='bbox 335 3981 358 4034; x_wconf 85' lang='lat' dir='ltr'><em>B</em></span> <span class='ocrx_word' id='word_1_263' title='bbox 439 3983 580 4051; x_wconf 80' lang='lat' dir='ltr'>posterior</span> <span class='ocrx_word' id='word_1_264' title='bbox 598 3998 608 4033; x_wconf 89' lang='lat' dir='ltr'>r</span> <span class='ocrx_word' id='word_1_265' title='bbox 626 3981 653 4033; x_wconf 84' lang='lat' dir='ltr'>iu</span> <span class='ocrx_word' id='word_1_266' title='bbox 671 3987 827 4048; x_wconf 81' lang='lat' dir='ltr'>tmperatorr</span> <span class='ocrx_word' id='word_1_267' title='bbox 852 3980 880 4032; x_wconf 84' lang='lat' dir='ltr'>ia</span> <span class='ocrx_word' id='word_1_268' title='bbox 898 3994 953 4032; x_wconf 80' lang='lat' dir='ltr'>rac.</span> <span class='ocrx_word' id='word_1_269' title='bbox 973 3979 1001 4031; x_wconf 79' lang='lat' dir='ltr'>ia</span> <span class='ocrx_word' id='word_1_270' title='bbox 1021 3978 1047 4031; x_wconf 90' lang='lat' dir='ltr'><em>B</em></span> <span class='ocrx_word' id='word_1_271' title='bbox 1133 3983 1292 4045; x_wconf 89' lang='lat' dir='ltr'>rmperutore</span> <span class='ocrx_word' id='word_1_272' title='bbox 1310 3979 1341 4030; x_wconf 84' lang='lat' dir='ltr'>ui</span> 
     </span>
     <span class='ocr_line' id='line_1_34' title="bbox 166 4069 1338 4140; baseline -0.002 -15"><span class='ocrx_word' id='word_1_273' title='bbox 166 4073 254 4140; x_wconf 81' lang='lat' dir='ltr'>fallor</span> <span class='ocrx_word' id='word_1_274' title='bbox 276 4074 313 4127; x_wconf 82' lang='lat' dir='ltr'>B¹</span> <span class='ocrx_word' id='word_1_275' title='bbox 387 4079 415 4127; x_wconf 87' lang='lat' dir='ltr'>lb</span> <span class='ocrx_word' id='word_1_276' title='bbox 434 4073 532 4127; x_wconf 79' lang='lat' dir='ltr'>r&#39;rmcdr&#39;r</span> <span class='ocrx_word' id='word_1_277' title='bbox 551 4073 577 4127; x_wconf 85' lang='lat' dir='ltr'><em>D</em></span> <span class='ocrx_word' id='word_1_278' title='bbox 631 4078 656 4126; x_wconf 93' lang='grc'>11</span> <span class='ocrx_word' id='word_1_279' title='bbox 678 4073 824 4127; x_wconf 84' lang='lat' dir='ltr'>lctunnlD</span> <span class='ocrx_word' id='word_1_280' title='bbox 876 4079 935 4140; x_wconf 71' lang='lat' dir='ltr'>capr</span> <span class='ocrx_word' id='word_1_281' title='bbox 953 4071 1034 4140; x_wconf 79' lang='lat' dir='ltr'>pedes</span> <span class='ocrx_word' id='word_1_282' title='bbox 1050 4069 1190 4124; x_wconf 80' lang='lat' dir='ltr'>excalcrstr</span> <span class='ocrx_word' id='word_1_283' title='bbox 1208 4069 1262 4124; x_wconf 73' lang='grc' dir='ltr'>ΠΡ</span> <span class='ocrx_word' id='word_1_284' title='bbox 1277 4082 1338 4131; x_wconf 78' lang='lat' dir='ltr'>lex·</span> 
     </span>
     <span class='ocr_line' id='line_1_35' title="bbox 168 4162 1339 4237; baseline -0.001 -20"><span class='ocrx_word' id='word_1_285' title='bbox 168 4166 296 4220; x_wconf 84' lang='lat' dir='ltr'>calciatus</span> <span class='ocrx_word' id='word_1_286' title='bbox 314 4168 420 4237; x_wconf 80' lang='lat' dir='ltr'>scripsi)</span> <span class='ocrx_word' id='word_1_287' title='bbox 525 4172 557 4220; x_wconf 79' lang='lat'>20</span> <span class='ocrx_word' id='word_1_288' title='bbox 577 4167 639 4219; x_wconf 90' lang='lat' dir='ltr'>dum</span> <span class='ocrx_word' id='word_1_289' title='bbox 657 4166 706 4235; x_wconf 74' lang='lat' dir='ltr'>hee</span> <span class='ocrx_word' id='word_1_290' title='bbox 725 4197 757 4206; x_wconf 90' lang='lat'><em>-</em></span> <span class='ocrx_word' id='word_1_291' title='bbox 771 4170 800 4218; x_wconf 79' lang='grc'>21</span> <span class='ocrx_word' id='word_1_292' title='bbox 827 4165 884 4218; x_wconf 72' lang='lat' dir='ltr'>frdc</span> <span class='ocrx_word' id='word_1_293' title='bbox 900 4163 1090 4218; x_wconf 82' lang='lat' dir='ltr'>mirrutioribus</span> <span class='ocrx_word' id='word_1_294' title='bbox 1108 4162 1204 4217; x_wconf 74' lang='lat' dir='ltr'>litteris</span> <span class='ocrx_word' id='word_1_295' title='bbox 1221 4170 1339 4217; x_wconf 77' lang='lat' dir='ltr'>c’reurata</span> 
     </span>
     <span class='ocr_line' id='line_1_36' title="bbox 168 4256 1338 4327; baseline 0.002 -19"><span class='ocrx_word' id='word_1_296' title='bbox 168 4258 195 4308; x_wconf 82' lang='lat' dir='ltr'>iu</span> <span class='ocrx_word' id='word_1_297' title='bbox 216 4259 241 4311; x_wconf 86' lang='lat' dir='ltr'><em>B</em></span> <span class='ocrx_word' id='word_1_298' title='bbox 310 4263 342 4311; x_wconf 78' lang='grc'>211</span> <span class='ocrx_word' id='word_1_299' title='bbox 359 4256 457 4327; x_wconf 78' lang='lat' dir='ltr'>gerent&#39;</span> <span class='ocrx_word' id='word_1_300' title='bbox 480 4260 506 4313; x_wconf 83' lang='lat' dir='ltr'><em>B</em></span> <span class='ocrx_word' id='word_1_301' title='bbox 563 4260 718 4312; x_wconf 85' lang='lat' dir='ltr'>brrttamum</span> <span class='ocrx_word' id='word_1_302' title='bbox 737 4257 791 4312; x_wconf 81' lang='lat' dir='ltr'>BD</span> <span class='ocrx_word' id='word_1_303' title='bbox 848 4259 970 4312; x_wconf 80' lang='lat' dir='ltr'>hereseos</span> <span class='ocrx_word' id='word_1_304' title='bbox 988 4257 1019 4323; x_wconf 88' lang='grc'>1),</span> <span class='ocrx_word' id='word_1_305' title='bbox 1039 4259 1141 4325; x_wconf 74' lang='lat' dir='ltr'>creleol</span> <span class='ocrx_word' id='word_1_306' title='bbox 1158 4257 1185 4310; x_wconf 79' lang='lat' dir='ltr'>Il</span> <span class='ocrx_word' id='word_1_307' title='bbox 1242 4258 1338 4310; x_wconf 77' lang='grc'>1111111-</span> 
     </span>
     <span class='ocr_line' id='line_1_37' title="bbox 167 4349 1338 4419; baseline 0.004 -20"><span class='ocrx_word' id='word_1_308' title='bbox 167 4364 262 4402; x_wconf 91' lang='lat' dir='ltr'>norum</span> <span class='ocrx_word' id='word_1_309' title='bbox 289 4349 340 4405; x_wconf 82' lang='grc' dir='ltr'>ΒΙ)</span> <span class='ocrx_word' id='word_1_310' title='bbox 437 4358 470 4406; x_wconf 78' lang='grc'>21</span> <span class='ocrx_word' id='word_1_311' title='bbox 488 4351 700 4407; x_wconf 82' lang='lat' dir='ltr'>Altrlrodcrenhl</span> <span class='ocrx_word' id='word_1_312' title='bbox 716 4350 794 4415; x_wconf 63' lang='lat' dir='ltr'>Pell:</span> <span class='ocrx_word' id='word_1_313' title='bbox 813 4351 995 4405; x_wconf 85' lang='lat' dir='ltr'>altrodercnhl</span> <span class='ocrx_word' id='word_1_314' title='bbox 1012 4349 1064 4404; x_wconf 89' lang='lat' dir='ltr'>BI)</span> <span class='ocrx_word' id='word_1_315' title='bbox 1150 4355 1181 4402; x_wconf 74' lang='lat'>&#39;35</span> <span class='ocrx_word' id='word_1_316' title='bbox 1200 4366 1285 4419; x_wconf 88' lang='lat' dir='ltr'>aeque</span> <span class='ocrx_word' id='word_1_317' title='bbox 1303 4350 1338 4415; x_wconf 84' lang='lat' dir='ltr'>B,</span> 
     </span>
     <span class='ocr_line' id='line_1_38' title="bbox 167 4442 1001 4513; baseline -0.001 -15"><span class='ocrx_word' id='word_1_318' title='bbox 167 4457 234 4509; x_wconf 80' lang='lat' dir='ltr'>eque</span> <span class='ocrx_word' id='word_1_319' title='bbox 252 4442 293 4496; x_wconf 82' lang='lat' dir='ltr'>b.-</span> <span class='ocrx_word' id='word_1_320' title='bbox 312 4447 434 4513; x_wconf 85' lang='lat' dir='ltr'>atqueA</span> <span class='ocrx_word' id='word_1_321' title='bbox 512 4450 544 4499; x_wconf 73' lang='lat'>28</span> <span class='ocrx_word' id='word_1_322' title='bbox 563 4461 597 4499; x_wconf 81' lang='lat' dir='ltr'>ax</span> <span class='ocrx_word' id='word_1_323' title='bbox 616 4447 643 4499; x_wconf 81' lang='lat' dir='ltr'>ia</span> <span class='ocrx_word' id='word_1_324' title='bbox 663 4447 791 4499; x_wconf 80' lang='lat' dir='ltr'>taxonum</span> <span class='ocrx_word' id='word_1_325' title='bbox 809 4447 835 4497; x_wconf 84' lang='lat' dir='ltr'>r&#39;u</span> <span class='ocrx_word' id='word_1_326' title='bbox 854 4462 908 4498; x_wconf 81' lang='lat' dir='ltr'>rou.</span> <span class='ocrx_word' id='word_1_327' title='bbox 928 4446 955 4498; x_wconf 79' lang='lat' dir='ltr'>ia</span> <span class='ocrx_word' id='word_1_328' title='bbox 975 4443 1001 4497; x_wconf 90' lang='lat' dir='ltr'><em>B</em></span> 
     </span>
    </p>
   </div>
   <div class='ocr_carea' id='block_1_4' title="bbox 0 0 1422 5394">
    <p class='ocr_par' dir='ltr' id='par_1_6' title="bbox 0 0 1422 5394">
     <span class='ocr_line' id='line_1_39' title="bbox 0 0 1422 5394; baseline 0 0"><span class='ocrx_word' id='word_1_329' title='bbox 0 0 1422 5394; x_wconf 95' lang='lat' dir='ltr'> </span> 
     </span>
    </p>
   </div>
  </div>
 </body>
</html>
