3154 5084
617 358 690 407 cnr.
712 359 800 407 1›-m
1261 344 1298 404 51

129 513 322 600 praesidium
348 511 477 596 imperii
505 517 695 576 contraxere
722 509 819 578 mres.
870 530 933 595 quo
959 510 1043 576 laeto
1071 509 1107 576 in
1133 508 1304 592 utriusque

131 625 265 692 consulis
295 621 438 689 exercitu
464 622 650 706 octingenta
671 619 762 687 milia
789 627 985 688 armatorum
1012 620 1114 688 inisse
1145 619 1302 698 ieruntun'

131 735 208 802 sieut
228 734 353 800 Fabius
374 732 565 810 historiens,
594 731 650 816 qui
678 731 754 798 huie
781 731 867 798 bello
889 731 1047 814 interfuit,
1077 729 1216 815 scripsit.
1261 749 1303 797 ex

129 845 239 930 quibus
268 846 486 911 Romanorum
514 849 547 907 et
574 840 813 927 Campanorum
842 842 971 909 fuerunt
996 839 1140 926 peditum
1167 839 1302 907 tresenti

101 954 343 1040 eqnadraginta
363 959 434 1019 oeto
455 953 547 1018 milia
567 951 714 1036 dueenti;
737 953 880 1037 equitum
902 971 980 1018 uero
1001 950 1117 1035 uiginti
1139 968 1197 1018 sex
1210 949 1304 1016 milia

128 1066 277 1132 sexcenti.
322 1071 432 1130 uetera
463 1061 633 1128 multitudo
667 1061 827 1129 sociorum
862 1062 930 1128 fuit.
974 1060 1145 1128 sommum
1178 1059 1303 1145 proelio

127 1173 208 1260 apud
235 1175 401 1240 Arretium
431 1171 550 1240 Atilius
585 1173 698 1241 eonsul
734 1173 859 1240 oooisus
887 1179 945 1241 est.
990 1172 1177 1255 ootingenta
1212 1169 1304 1236 milia

126 1287 350 1366 Romanorum,
372 1302 433 1348 neo
447 1285 563 1350 saltem
588 1287 681 1348 tauta
701 1289 824 1368 quanta
845 1302 901 1352 eos
922 1289 1043 1349 terrere
1072 1281 1185 1348 debuit
1205 1297 1303 1350 caesa

127 1394 172 1462 sui
195 1401 292 1480 parte
312 1394 472 1476 fugerunt.
501 1413 577 1458 nam
596 1393 660 1458 tria
673 1391 766 1458 milia
786 1413 895 1460 eorum
917 1399 993 1458 tuno
1013 1391 1184 1458 interiecta
1204 1391 1303 1456 histo-

88 1521 114 1569 to
128 1504 180 1570 riei
194 1503 340 1570 tradunt.
371 1502 457 1584 quod
472 1501 545 1568 ideo
560 1502 808 1586 ignominiosius
823 1503 1013 1588 turpiusque
1029 1509 1079 1570 est
1099 1509 1165 1567 tam
1187 1501 1302 1587 pauois

126 1613 252 1682 amissis
274 1620 369 1679 tanta
390 1613 522 1697 agmina
541 1611 728 1696 diffugisse,
758 1614 835 1698 quia
857 1633 893 1681 se
914 1613 949 1680 in
971 1612 1050 1680 aliis
1071 1612 1215 1680 uictoriis
1237 1630 1301 1676 nou

126 1724 244 1792 uiribus
268 1724 451 1789 animorum
479 1723 705 1808 praeualuisse
732 1723 791 1790 sed
820 1724 976 1789 bellorum
999 1721 1210 1808 prouentibus
1231 1740 1303 1806 pro

125 1834 283 1902 diderunt.
328 1833 400 1917 quis
422 1833 523 1914 enim,
553 1853 646 1917 rogo,
675 1832 710 1899 in
737 1833 878 1900 exereitu
910 1835 1126 1899 Romanorum
1158 1831 1303 1899 erederet

125 1965 292 2012 numerum
313 1945 410 2010 istum
432 1942 533 2011 fuisse
556 1945 682 2025 saltem,
706 1963 771 2009 non
793 1943 865 2009 dieo
886 1943 1033 2028 fugisse?

89 2071 113 2120 ιε
203 2056 288 2122 Post
308 2053 391 2118 baeu
413 2052 588 2119 seeundum
617 2072 689 2118 eum
712 2051 817 2120 Gallis
844 2055 1002 2140 proelium
1023 2060 1147 2138 gestum
1172 2060 1236 2136 est,
1264 2053 1299 2118 in
1319 2053 1370 2121 IlI

125 2183 183 2248 quo
211 2165 313 2249 plane
342 2162 559 2247 quadraginta
580 2162 671 2228 milia
700 2162 867 2230 Gallorum
888 2162 1064 2249 uueidata)
1087 2169 1162 2234 sunt
1189 2170 1221 2229 et
1248 2162 1303 2228 tri-

125 2273 262 2360 umphus
292 2273 430 2338 Aemilio
465 2272 623 2340 deeretus.
668 2271 834 2339 Gallorum
872 2274 1002 2359 quidem
1034 2275 1135 2340 animi
1168 2273 1301 2356 feroces,

127 2403 260 2470 corpora
276 2383 352 2467 plus
367 2402 464 2464 quam
479 2382 623 2449 humana
638 2390 732 2450 erant
754 2383 811 2451 sed
826 2387 1047 2471 experimento
1062 2382 1302 2470 deprehensum

126 2501 172 2559 est
192 2491 283 2575 quod
307 2493 408 2558 uirtus
431 2511 539 2558 eorum
563 2493 646 2559 siout
667 2493 770 2579 primo
787 2495 909 2581 impetu
930 2495 1034 2562 maior
1048 2514 1144 2576 quam
1160 2493 1301 2557 uirorum

86 2603 252 2686 uestita
277 2619 418 2684 sequens
440 2601 545 2668 minor
573 2622 669 2685 quam
698 2603 905 2671 feminarum:
934 2603 1055 2690 Alpina
1083 2621 1219 2688 corpora
1245 2600 1302 2666 bu-

125 2714 220 2782 menti
243 2713 337 2778 oaelo
360 2710 498 2778 educata
518 2711 641 2779 habent
662 2713 818 2796 quiddam
841 2713 948 2781 simile
971 2713 1102 2781 niuibus
1122 2713 1208 2780 suis:
1230 2730 1303 2776 oum

124 2845 195 2889 mon
216 2823 327 2888 calore
348 2822 534 2884 euaserant
552 2843 690 2908 pugnae,
714 2825 823 2891 statim
846 2824 1052 2892 insudarem
1074 2831 1152 2891 eunt
1178 2828 1210 2890 et
1237 2820 1303 2888 leui

125 2940 208 3000 motu
230 2933 329 3018 quasi
351 2931 420 2997 sole
441 2931 602 2998 laxantur.
643 2933 678 2998 hi
700 2934 893 3001 Brittomaro
915 2934 998 3001 duee
1019 2955 1084 3001 non
1107 2933 1197 3020 prius
1219 2931 1304 3016 posi-

124 3049 209 3110 turos
238 3061 277 3110 se
298 3041 409 3106 baltea
436 3040 624 3108 iurauerunt
650 3063 747 3127 quam
777 3046 962 3130 capitolium
983 3046 1105 3111 Romae
1126 3040 1304 3109 impendis-

82 3159 213 3236 useut,
251 3152 435 3235 laetumque
464 3158 522 3218 est.
567 3171 641 3218 nam
681 3154 783 3221 uietos
811 3175 868 3224 eos
894 3156 1053 3224 Aemilius
1085 3155 1120 3221 in
1152 3150 1304 3237 oapitolio

127 3263 290 3332 diaeinxit
345 3261 387 3325 Et
414 3261 492 3344 quia
518 3259 585 3326 dux
614 3281 725 3329 eorum
754 3263 796 3331 de
823 3267 967 3332 Romano
992 3266 1094 3332 milite
1121 3264 1216 3330 Marti
1245 3281 1304 3330 suo

125 3382 271 3456 torquem
292 3389 425 3437 auream
448 3369 645 3454 denotasset,
669 3372 710 3439 de
732 3374 837 3460 ipsius
858 3375 1074 3444 Ariobistonis
1095 3376 1304 3459 reliquorum-

127 3501 185 3566 que
207 3481 377 3550 Gallorum
400 3480 568 3563 torquibus
591 3502 724 3548 aureum
747 3491 912 3570 tropaeum
935 3487 1006 3553 Ioui
1028 3488 1140 3554 erexit.

206 3589 383 3674 <Sequenti
406 3609 494 3655 anno
516 3591 657 3660 Manlius
673 3595 856 3679 Torquatus
879 3603 911 3662 et
924 3597 1059 3664 Fuluius
1073 3597 1210 3664 Flaccus
1231 3615 1304 3662 eon·

194 3863 411 3936 timpanumll
463 3869 627 3922 texerertru
642 3865 670 3922 D
721 3875 859 3939 octoginta
877 3871 936 3938 ΒΡ,
954 3890 1003 3928 em.
1023 3873 1155 3929 matous
1223 3871 1303 3927 bdu-

127 3959 247 4014 centall
315 3961 496 4012 ‘larrentrum
515 3959 541 4013 Ι)
593 3967 730 4030 oewgrnta
746 3963 820 4018 mrlra
837 3963 892 4020 BP
977 3970 1006 4020 14
1023 3965 1128 4021 fmllem
1146 3963 1174 4020 D
1223 3963 1305 4034 ingri-

128 4052 221 4108 lernD
280 4055 314 4106 20
332 4051 453 4105 humenti
472 4051 513 4104 B:
532 4054 649 4108 humecti
666 4054 721 4109 ΒΡ
795 4060 824 4110 21
847 4058 929 4113 lrmrle
947 4057 974 4113 D
1038 4063 1070 4113 22
1089 4061 1236 4114 exarlennt
1252 4075 1305 4115 om.

129 4143 207 4200 BDP
292 4147 324 4198 23
342 4147 419 4198 motu
437 4141 479 4197 D:
495 4147 575 4202 modo
593 4147 621 4202 B
672 4149 804 4204 lalleutur
821 4149 849 4204 B
916 4152 953 4205 bn
972 4151 1001 4206 B
1084 4152 1260 4207 brrtatomaro
1278 4151 1306 4207 D

129 4243 158 4292 tl
176 4243 365 4299 micendrl'ieut
381 4246 496 4316 scripsi:
512 4241 781 4298 mcendrsientBDP
836 4247 868 4297 25
888 4243 1024 4299 emdrulB
1081 4247 1114 4300 26
1133 4245 1305 4301 dicmemtB

130 4335 160 4385 28
177 4338 300 4406 tropeum
317 4336 354 4405 D,
373 4337 510 4406 trophium
524 4335 551 4390 B
623 4338 733 4400 29-52,
753 4339 784 4390 18
803 4335 887 4407 <>1>.·
904 4335 1022 4407 Aliquod
1040 4337 1136 4393 derude
1153 4337 1230 4393 annul
1244 4340 1305 4408 polt

132 4431 225 4482 sauma
240 4429 324 4498 gallos
338 4435 411 4485 rutra
425 4429 430 4500 Ι
445 4429 709 4498 Itabampugnatum
722 4427 780 4483 eit·
802 4429 946 4500 Frnrtoque
963 4429 1033 4486 bello
1046 4433 1174 4502 quareo·
1195 4432 1303 4486 claudio

134 4521 276 4578 marcello·
297 4527 333 4592 gri
360 4523 476 4579 cornelio
503 4521 664 4592 ierprloue·
685 4523 838 4579 oonsulibus
859 4524 1036 4579 maroellulB
1097 4529 1130 4579 29
1147 4524 1253 4580 malhut'
1268 4523 1305 4578 'B

1089 4628 1121 4679 4*
