2834 5394
526 688 599 734 cur.
623 686 824 735 xxx-xxxv
1191 674 1252 737 443

75 859 144 907 rem
166 839 315 924 prouehit
337 859 434 924 super
455 839 531 905 illas
555 838 742 919 liberatem,
775 840 880 904 uirum
903 839 1184 906 bellicosissimum
1214 858 1252 905 ae

78 948 286 1018 fortissimum
314 957 346 1015 et
374 949 459 1014 hune
487 948 645 1016 aduersus
667 949 852 1015 Heraclium
883 949 1034 1015 destinat.
1079 957 1130 1014 ast
1152 950 1251 1033 impe·

79 1070 165 1128 rator
187 1062 335 1127 ciuitates
356 1058 499 1126 Persidis
522 1066 618 1143 atque
640 1060 776 1127 castella
798 1059 866 1143 igni
889 1058 987 1125 tradit
1009 1067 1041 1125 et
1063 1059 1253 1125 accedentes

79 1175 197 1240 Persas
219 1170 397 1256 romphaea
425 1171 592 1237 consumit.
638 1170 776 1254 septimo
804 1189 880 1235 uero
909 1169 982 1237 idus
1005 1170 1153 1236 Octobris
1182 1190 1253 1255 per·

42 1283 169 1349 euenit
197 1282 230 1348 in
259 1281 425 1365 regionem
447 1279 640 1344 Chamaitha
669 1288 701 1346 et
731 1281 888 1345 refocillat
915 1282 1067 1365 populum
1090 1299 1149 1365 per
1170 1281 1252 1346 inte-

77 1413 170 1478 gram
193 1390 440 1458 hebdomadam.
484 1389 644 1456 Rbazates
668 1398 775 1455 autem
804 1391 938 1458 ueniens
961 1389 1148 1456 Ganaacum
1180 1399 1253 1476 post

77 1523 151 1570 enm
172 1504 274 1568 laetus
302 1509 352 1568 est
381 1508 412 1567 et
441 1506 569 1567 secutus
591 1501 745 1566 Romanis
775 1507 850 1566 ante
879 1501 1090 1585 pergentibus
1122 1509 1154 1568 et
1176 1521 1251 1567 cou-

77 1611 278 1681 sumentibns
301 1630 404 1691 escas,
439 1611 510 1695 ipse
539 1630 615 1675 uero
644 1618 717 1695 post
738 1618 864 1695 tergum
887 1617 921 1676 ut
942 1612 1032 1677 cauis
1054 1613 1171 1677 famem
1193 1632 1252 1694 pa·

75 1724 159 1789 tiens
181 1723 236 1788 uix
258 1721 299 1787 de
328 1721 419 1787 micis
448 1741 558 1785 corum
586 1720 794 1801 nutriebatur,
832 1728 865 1786 et
895 1741 967 1785 cum
995 1742 1060 1786 nou
1091 1722 1252 1789 inueniret

26 1840 230 1917 resumptus,
254 1833 355 1896 multa
376 1852 417 1896 ex
438 1831 658 1896 animantibus
682 1832 784 1916 ipsius
805 1838 994 1916 consumpta
1017 1841 1101 1897 sunt.
1249 1843 1252 1849 '

160 1940 318 2008 Kalendis
341 1948 448 2006 autem
462 1942 695 2007 Decembribus
715 1941 805 2007 uenit
824 1942 998 2026 imperator
1016 1942 1058 2007 ad
1081 1941 1213 2007 fluuium
1237 1943 1405 2013 xxxlllt

77 2074 226 2137 magnum
250 2052 363 2116 Zabau
395 2059 427 2117 et
459 2072 530 2117 cum
563 2053 647 2118 hune
675 2053 853 2132 transisset,
891 2059 997 2117 castra
1030 2059 1169 2119 metatus
1203 2061 1252 2121 est

79 2165 170 2229 iuxta
190 2163 311 2228 Niniue
339 2163 512 2228 ciuitatem.
558 2163 646 2228 uenit
675 2171 783 2228 autem
811 2161 972 2229 Rbazates
1001 2182 1103 2248 penes
1131 2162 1251 2228 uadum

78 2281 206 2340 secutus
238 2292 311 2337 eum
344 2278 376 2338 et
408 2292 480 2338 eum
513 2272 736 2339 descendisset
771 2273 874 2339 tribus
908 2273 1072 2353 miliariis,
1111 2274 1252 2358 repperit

29 2397 61 2446 15
79 2383 198 2449 uadum
220 2382 308 2448 aliud
330 2389 363 2448 et
384 2383 543 2449 trausiuit.
588 2392 621 2449 at
643 2385 816 2467 imperator
837 2384 937 2450 misso
953 2383 1080 2449 Balrani
1094 2384 1251 2468 magistro

78 2494 213 2558 militum
235 2512 305 2556 cum
329 2493 441 2576 paucis
464 2493 575 2559 electis
599 2494 753 2560 militibus
776 2494 900 2558 inuenit
922 2494 1064 2560 bandum
1078 2495 1251 2561 Persarum

79 2611 111 2670 et
139 2624 210 2668 cnm
233 2603 302 2667 eiua
330 2603 478 2668 comitem
501 2603 683 2685 occidisset,
722 2603 836 2669 detulit
863 2612 960 2689 eaput
988 2606 1057 2670 eius
1086 2612 1119 2668 et
1150 2611 1250 2669 totam

79 2733 209 2779 auream
232 2713 382 2797 spatham
404 2713 516 2796 ipsius,
554 2733 619 2777 nou
647 2714 806 2797 nullisque
835 2715 1010 2797 peremptis
1039 2715 1130 2780 uiuos
1160 2715 1251 2779 duxit

79 2822 121 2888 ad
143 2825 367 2908 imperatorem
398 2842 455 2888 sex
483 2830 514 2887 et
535 2823 649 2905 uiginti
672 2825 706 2887 in
729 2824 846 2904 quibus
868 2830 936 2888 erat
958 2824 1144 2907 spatharius
1166 2823 1250 2888 Rha-

26 2948 61 2999 20
80 2934 170 3013 zatis,
209 2934 320 3017 quiet
349 2933 509 2998 nuntiauit
537 2932 723 3016 imperatori
754 2931 838 3016 quod
868 2952 1015 3016 pugnare
1044 2940 1155 2997 eontra
1177 2951 1250 2998 eum

78 3043 239 3108 Rhazates
263 3044 368 3125 uellet,
392 3044 438 3109 sic
454 3064 475 3107 a
490 3042 633 3107 Chosroe
649 3043 762 3109 iussus
785 3049 817 3108 et
839 3043 901 3106 tria
922 3042 1013 3107 milia
1036 3042 1248 3108 maurilium

78 3161 202 3218 anneta
224 3154 347 3219 miserit
369 3154 399 3217 ei
421 3172 504 3237 quere
527 3158 601 3216 tuuc
624 3152 765 3216 noudum
788 3160 1012 3236 peruenerant.

160 3263 219 3328 His
242 3263 413 3346 compertis
435 3263 609 3346 imperator
632 3262 798 3346 praemisit
820 3263 981 3329 sarcinam
1004 3270 1079 3328 aute
1101 3284 1138 3330 se
1160 3264 1244 3348 ipse·
1274 3250 1404 3321 XXXV

76 3393 138 3456 que
160 3373 352 3439 subsecutus
375 3380 425 3438 est
453 3379 595 3438 tractans
624 3375 762 3456 qualiter
789 3373 949 3439 inueniret
981 3375 1085 3439 locum
1119 3374 1153 3438 iu
1187 3394 1249 3457 quo

24 3496 59 3548 25
77 3503 223 3567 pugnare
246 3482 377 3548 deberet
399 3483 586 3567 priusquam
616 3484 782 3548 unirentur
810 3485 858 3549 eis
889 3484 945 3548 illa
971 3483 1034 3548 tria
1056 3483 1155 3548 milia.
1200 3503 1250 3549 re·

77 3599 231 3676 perteque
265 3612 378 3677 campe
412 3599 487 3676 apto
522 3592 563 3657 ad
597 3594 754 3677 proelium
785 3594 942 3660 allocutus
970 3593 1125 3678 populum
1147 3594 1250 3661 aciem

76 3701 247 3766 ordinauit.
292 3703 454 3768 lllrazates
482 3723 559 3768 uero
588 3723 660 3767 cum
689 3705 893 3785 peruenisset
915 3705 991 3768 illuc
1014 3711 1045 3768 et
1065 3704 1137 3789 ipse
1160 3724 1250 3789 proe-

77 3811 153 3876 lium
183 3812 293 3894 dirigit
323 3813 355 3876 in
388 3814 498 3878 cuneis
521 3813 623 3880 tribus
646 3821 677 3879 et
699 3821 809 3878 eontra
831 3815 1055 3896 imperatorem
1078 3814 1244 3898 processit.

78 3921 181 4006 pridie
204 3943 283 3988 sane
304 3921 377 3988 idus
393 3923 603 3990 Decembrias
618 3934 745 4006 gestum
760 3930 810 3989 est
825 3923 954 3987 bollum.
985 3935 1017 3987 ct
1038 3929 1114 3987 aute
1137 3942 1249 3988 omnes

23 4049 58 4099 eo
80 4032 250 4116 prosiliens
284 4033 459 4115 imperator
491 4033 692 4117 principique
725 4033 895 4098 Persarum
934 4050 1104 4097 occurrens
1136 4030 1249 4096 diuina

79 4141 195 4205 uirtute
224 4142 340 4225 deique
369 4143 541 4225 genetricis
570 4143 780 4227 opitulatione
808 4142 892 4207 bunc
920 4140 1014 4207 eiecit
1044 4141 1153 4225 etqui
1176 4160 1248 4206 eum

142 4447 152 4495 t
174 4448 311 4498 razantem
330 4447 378 4508 (ita
396 4448 476 4500 etiam
498 4444 708 4516 Borrpurse'uaus
724 4448 750 4498 et
768 4445 938 4501 Ariasmenus>
957 4461 1027 4500 corr.
1047 4447 1073 4499 in
1092 4450 1201 4500 razatem
1220 4448 1249 4500 ia

76 4533 104 4585 P
169 4538 331 4607 trompbee
348 4538 374 4591 I)
443 4535 645 4592 5reioertatl)
705 4537 914 4591 bebdomarlam
932 4537 958 4591 D
1008 4554 1155 4606 ganzarum
1173 4537 1249 4593 Bou-

76 4629 221 4697 pursiuuus
276 4635 305 4684 12
323 4631 417 4686 Zabau
427 4632 604 4687 Anastasius:
622 4630 710 4683 zabau
726 4628 784 4694 ΒΡ,
804 4629 1014 4702 Borrpursr'oaus
1066 4630 1249 4686 tranllrlldtl)

85 4723 113 4773 13
133 4723 285 4777 crurtetcl)
335 4725 477 4794 poenelI)
531 4729 561 4778 rt
580 4739 640 4777 cum
658 4721 753 4776 onai)
805 4727 834 4776 15
853 4723 1014 4793 megrltrrl)
1069 4729 1097 4777 ll
1116 4724 1248 4793 caputii)

81 4821 108 4870 lS
129 4813 275 4884 spatamI)
346 4821 375 4870 ro
392 4817 540 4873 rhazatrD
609 4820 639 4870 'li
660 4815 721 4871 illue
748 4815 843 4871 ormi)
