2834 5394
189 241 251 304 596
679 254 769 302 muru
792 255 875 302 xxvi

190 407 369 472 immobilia
391 425 474 490 qnae
497 405 625 471 inerant
648 405 720 486 sibi,
745 424 850 471 seeum
874 404 958 472 ferre
981 426 1052 470 uon
1079 414 1252 491 poteraut
1276 416 1310 472 et
1330 408 1390 474 sub

189 519 340 583 stantiam
363 537 459 601 quam
482 537 522 581 ex
538 515 762 600 parentalibus
778 514 942 582 doloribus
958 516 1211 600 possederant,
1238 518 1389 604 perditam

195 627 512 711 contemplabuntur:
536 633 567 692 et
590 625 833 710 impossibilitas
854 625 959 692 omnis
981 646 1110 693 omues
1128 626 1299 694 habebat.
1322 629 1390 694 haee

194 737 323 823 quidem
347 736 498 802 inchoata
519 744 594 802 sunt
615 736 853 821 aSeptembrio
875 755 998 818 mense,
1023 757 1134 821 porro
1161 739 1258 804 eirea
1274 738 1391 806 Pascha

189 847 282 913 finita
304 852 388 913 suut.
1403 859 1412 905 i

108 950 172 1018 XV
280 955 462 1024 Secundam
485 976 562 1021 uero
585 974 656 1020 oum
678 956 740 1021 hae
768 955 974 1021 afflictionem
997 974 1234 1025 commouens
1260 961 1393 1024 militare

192 1067 357 1153 praecepit
379 1085 500 1146 egenos
522 1073 553 1130 et
576 1065 695 1130 armari
725 1065 883 1132 aduersus
905 1065 1067 1149 patriotas
1100 1069 1274 1136 conferre
1298 1071 1392 1136 nihilo

189 1176 296 1242 minus
329 1175 426 1240 etiarn
454 1175 566 1241 deeem
590 1182 622 1241 et
643 1182 714 1242 oeto
744 1195 783 1240 ae
819 1174 987 1241 dimidium
1010 1177 1198 1243 numisma
1234 1200 1300 1266 per
1338 1180 1394 1247 sin·

189 1286 282 1369 gulos
306 1285 384 1351 fiseo
408 1307 473 1351 una
494 1304 564 1351 eum
589 1285 676 1350 omni
698 1287 904 1370 proximitate
925 1284 1048 1349 tributa
1062 1287 1228 1371 publiea.
1269 1293 1393 1356 tertiam

192 1395 427 1480 malignitatem
450 1396 593 1462 inferens
630 1395 724 1462 iussit
752 1395 953 1481 perpendere
986 1402 1018 1460 et
1040 1399 1168 1480 augeri
1197 1400 1326 1466 horum
1348 1402 1414 1467 tri-l

190 1506 268 1572 buta
298 1513 329 1571 et
358 1514 525 1592 praestare
554 1505 811 1571 ehartiatieomm
834 1526 934 1573 eausa
961 1506 1102 1589 siliquas
1129 1508 1253 1577 binas.
1304 1521 1338 1578 et
1359 1511 1395 1577 ad

189 1629 336 1700 quartam
380 1616 557 1698 nequitiam
592 1637 684 1683 suam
728 1615 850 1683 reditus
886 1636 998 1682 omnes
1034 1624 1266 1700 augmentari
1307 1644 1395 1709 prae

188 1727 284 1810 oepit.
330 1727 444 1808 quinta
473 1746 548 1791 uero
580 1726 755 1791 afflictione
783 1726 875 1790 illata
897 1747 918 1792 a
940 1727 1192 1794 uenerabilium
1219 1731 1395 1799 domorum

188 1834 367 1919 inquilinis,
392 1836 656 1921 orphanotrophii
679 1836 801 1902 seilicet
823 1856 861 1901 ae
887 1837 1097 1921 hospitalium
1113 1844 1395 1920 gerocomiorum

190 1964 318 2028 quoque
347 1963 385 2008 ae
415 1946 623 2011 eeclesiarum
655 1954 687 2012 et
709 1946 975 2012 monasteriorum
997 1946 1163 2029 regalium
1191 1971 1260 2034 per
1285 1954 1395 2036 singu-

191 2053 240 2119 los
262 2053 350 2117 loeos
373 2073 489 2119 eensus
512 2054 598 2138 exigi
621 2076 642 2119 a
663 2056 768 2139 primo
789 2056 972 2140 tyrannidis
994 2057 1064 2122 eius
1087 2076 1185 2122 anne
1202 2064 1392 2148 praecepit,

193 2167 333 2229 ueterum
356 2183 503 2250 quaeque
526 2165 660 2231 meliora
683 2170 775 2231 erant
798 2165 831 2231 in
854 2168 960 2249 rebus,
983 2167 1017 2232 in
1031 2165 1160 2249 regiam
1179 2177 1391 2238 curatoriam

192 2271 310 2341 deferri
332 2274 473 2341 iubebat.

94 2382 173 2449 XVI
280 2385 411 2453 Sextam
434 2405 639 2452 eommoueus
661 2385 868 2452 afflictionem
892 2386 1008 2472 inspiei
1022 2405 1043 2449 a
1058 2388 1281 2470 praetoribus
1299 2393 1390 2458 iubet

193 2516 249 2563 eos
272 2498 325 2580 qui
350 2518 392 2564 ex
414 2503 604 2582 paupertate
628 2503 761 2581 repente
783 2495 883 2562 ereati
904 2503 1015 2562 essent
1037 2501 1069 2560 et
1083 2495 1125 2559 ab
1141 2494 1199 2564 his
1217 2504 1408 2585 peeunias'

190 2606 280 2689 exigi
314 2607 408 2689 quasi
437 2608 479 2671 ab
509 2606 732 2673 inuentoribus
760 2604 992 2671 thesaurorum.
1037 2604 1214 2689 septimam
1248 2632 1384 2694 quoque

188 2713 403 2783 adinueuieus
432 2737 487 2782 eos
517 2717 571 2800 qui
601 2724 676 2782 ante
705 2715 822 2799 uiginti
850 2736 954 2782 annos
983 2717 1175 2780 inuenerant
1208 2727 1245 2784 et
1276 2742 1384 2806 usque

190 2823 233 2890 ad
256 2811 341 2891 hune
364 2826 484 2892 dolium
507 2833 562 2891 aut
585 2847 644 2893 uas
667 2824 889 2909 quodcumque
912 2826 1061 2891 omnibus
1083 2826 1230 2909 propriis
1249 2831 1380 2913 priuari

189 2937 347 3021 pecuniis.
392 2944 538 3002 oetauam
562 2957 617 3002 eos
640 2937 694 3020 qui
718 2957 759 3002 ex
781 2935 851 3002 auis
867 2936 919 3000 uel
936 2936 1080 3020 patribus
1096 2933 1379 3006 hereditauerunt

188 3052 219 3110 et
248 3045 356 3111 diuisa
384 3047 567 3112 substantia
594 3065 756 3130 pauperes
784 3046 860 3110 laeti
893 3045 1019 3111 fueraut
1047 3065 1087 3110 ex
1115 3043 1245 3111 eisdem
1271 3051 1376 3116 anuis
1410 3061 1417 3079 ⁴

188 3153 304 3236 uiginti
328 3154 560 3220 redhibitiones
583 3155 712 3238 publieo
734 3155 890 3240 praebere
912 3156 1044 3221 iubebat
1066 3162 1098 3220 et
1119 3174 1176 3220 eos
1199 3158 1258 3238 qui
1285 3178 1375 3225 erne·

189 3270 262 3328 rant
284 3272 375 3328 extra
396 3262 546 3348 Abydum
569 3283 704 3348 corpora
732 3266 866 3331 seruilia
887 3266 965 3331 bina
987 3265 1181 3331 numismata
1204 3265 1240 3330 in
1265 3269 1375 3334 tribu·

188 3382 254 3438 turn
288 3373 366 3437 dare
400 3375 564 3458 praecepit
599 3374 737 3440 maxime
771 3375 844 3442 illos
877 3377 932 3460 qui
965 3377 999 3441 in
1022 3375 1227 3440 Dodeoaniso
1261 3387 1371 3445 erant.

188 3503 307 3549 nouam
331 3485 500 3550 naucleros
523 3485 577 3568 qui
599 3483 748 3550 habitant
770 3485 932 3550 maritima
953 3487 1096 3551 maxime
1113 3484 1246 3550 mineris
1263 3488 1372 3554 Asiae

188 3612 363 3676 numquam
385 3600 511 3659 terreno
528 3593 638 3659 labore
660 3595 817 3677 uiuentes,
841 3615 948 3661 emere
970 3596 1128 3661 derebus
1151 3613 1233 3677 quae
1250 3597 1371 3662 abillo

188 3703 397 3788 rapiebantur
425 3703 576 3787 cogebat,
614 3711 784 3788 utcumque
819 3706 1078 3790 appretiarentur
1107 3704 1148 3767 ab
1181 3705 1263 3787 ipso.
1312 3707 1371 3773 de-

188 3812 272 3879 cima
292 3813 476 3897 insignibus
498 3812 824 3899 Constantinopoleos
846 3816 1007 3882 naucleris
1030 3815 1171 3880 eolleetis
1200 3813 1291 3879 dedit
1322 3817 1371 3882 ad

256 4099 427 4154 5lmrata1l
496 4101 643 4154 esnone
694 4098 863 4154 amoueniO
932 4097 1096 4153 tltertral)
1168 4102 1196 4150 ll
1217 4112 1249 4151 ac
1267 4114 1320 4151 ono.
1341 4101 1369 4155 D

191 4192 426 4248 ibannooor.1)
497 4199 527 4247 19
546 4193 679 4248 Sertei)
731 4197 759 4246 21
781 4190 943 4262 SeptmaD
995 4179 1170 4245 aadololrll
1249 4196 1281 4244 24
1301 4209 1316 4246 e
1336 4197 1365 4249 r'n

190 4272 298 4341 Octauia
315 4289 439 4340 tornae!
458 4304 474 4339 u
492 4303 607 4341 cornea
625 4287 642 4339 b
660 4285 725 4340 iul)
777 4290 810 4339 26
827 4283 1019 4339 redhibitiones
1034 4282 1093 4337 cod.
1104 4283 1211 4337 Pithoei
1221 4306 1229 4335 :
1248 4286 1274 4338 le
1294 4286 1365 4341 drur-

189 4380 276 4433 tronei
292 4378 350 4444 DP,
369 4377 559 4433 sedhibitiones
578 4379 740 4433 Aroastasius
798 4381 829 4432 27
848 4365 947 4431 tabidi
964 4376 990 4427 D
1043 4380 1076 4429 30
1094 4382 1196 4431 terrore
1213 4377 1365 4447 laboretD)
