3142 5056
524 371 631 418 INDEX
653 372 894 420 CAPITVLORVM

144 525 160 575 8
194 519 267 575 Zeno
283 519 308 574 L
326 519 478 588 imperator.
504 517 675 588 NepoteRo·

110 629 170 669 mae
191 613 302 683 imperio
326 612 432 680 priuato
459 611 567 668 Orestes
591 612 674 682 patri-

110 708 167 763 cius
185 706 365 776 Augustulum
387 704 472 760 filium
495 721 573 761 snam
600 709 675 760 creat

109 802 304 871 imperatorem.

143 898 168 948 9.
199 899 236 948 10.
267 899 293 947 11
332 891 475 948 odouacer
502 905 551 946 rex
585 890 673 948 Roma

110 993 191 1057 capta
216 985 401 1054 Augustulum
418 985 446 1038 in
464 983 571 1039 exilium
588 983 672 1052 pellit.

145 1085 176 1134 12
212 1078 354 1134 Odouaeer
370 1077 474 1132 Romae
491 1081 594 1144 regnat.

143 1177 175 1227 1³
210 1171 330 1226 Valsmir
346 1169 461 1224 Hunnos
478 1167 638 1238 aggreditur.

145 1270 176 1320 11
211 1264 267 1319 Leo
294 1279 355 1317 cum
384 1260 552 1330 Ostrogothis
576 1259 673 1316 foedus

109 1359 176 1413 lacit
202 1364 229 1412 et
255 1355 451 1410 Theodericum
477 1352 598 1411 obsidem
624 1367 674 1407 11-

110 1451 182 1520 cipit.
217 1448 337 1503 Vidimer
353 1449 459 1503 ltaliam
475 1445 630 1516 ingreditur.

145 1549 175 1597 lo
195 1541 377 1597 Theodericus
393 1539 617 1609 ostrogothorum
626 1551 674 1592 rex

109 1635 216 1690 Lencni
226 1641 353 1704 acceptus
363 1631 596 1701 Constantinopoli
610 1645 673 1686 suo·

110 1745 170 1783 rum
188 1727 301 1798 querelis
318 1732 433 1782 uexatus

146 1827 176 1876 16
211 1821 291 1876 uenia
308 1819 373 1874 data

145 1919 174 1968 tt
210 1912 331 1970 exercitu
364 1910 476 1965 collecto
511 1908 539 1963 in
565 1905 672 1960 Italiam

107 2006 247 2076 proiectus

145 2103 176 2154 18
211 2097 354 2154 Odoucere
370 2096 444 2151 uicto

144 2195 183 2248 19.
203 2195 294 2246 1111
325 2194 388 2260 post
404 2187 495 2243 uarios
512 2184 577 2240 belli
593 2197 674 2240 casus

104 2283 250 2340 interiecto
258 2279 510 2339 OdouacreRomae
520 2277 673 2346 suscipitur.

141 2382 174 2432 22
209 2392 253 2432 res
286 2376 315 2430 iu
347 2374 441 2429 Airica
475 2377 502 2426 et
533 2368 673 2424 Britannia

103 2479 208 2542 gestae.

140 2567 174 2618 13
210 2559 370 2616 Theoderici
397 2558 512 2612 filiarum
534 2554 671 2610 matrimo-

104 2658 160 2713 nio.
195 2653 311 2710 Zenonis
330 2653 427 2707 obitus.

342 2847 435 2912 XVII

146 3033 156 3079 l
194 3023 354 3078 Anastasius
371 3021 516 3091 imperator
525 3019 563 3072 LI
581 3018 673 3074 ortho-

105 3120 195 3173 doxos
211 3117 389 3186 persequitur.

143 3215 158 3262 1
194 3207 348 3277 Symmachi
366 3213 393 3260 et
409 3205 550 3261 Laurentii
566 3204 671 3274 episco-

104 3317 207 3374 porum
224 3299 374 3354 discordiae
391 3304 518 3353 cruentae
543 3298 572 3352 iu
595 3297 671 3362 urbe,

105 3409 179 3466 quae
196 3393 305 3447 tandem
323 3391 439 3459 relegato
448 3389 595 3445 Laurentio
614 3405 671 3444 ces·

105 3491 213 3545 serunt.

144 3584 160 3634 8
196 3574 416 3632 Transamundus
433 3573 673 3628 rexVandnlorum

103 3671 196 3731 saeuit
231 3671 259 3725 in
293 3667 448 3724 catholicos.
488 3667 584 3720 beatus
608 3665 672 3720 Ful·

101 3765 221 3838 gentius.

1225 361 1287 424 645

726 521 859 578 incursus.
877 521 1007 592 Bulgeres
1017 523 1153 594 Illyricum
1165 529 1192 578 et
1201 523 1288 580 Thra·

726 615 795 670 ciam
813 615 965 670 deuastant.
999 614 1231 685 Constantinopoli
1248 617 1288 671 iu-

724 723 789 778 gens
814 708 974 764 incendium.
1009 707 1212 764 Neocaesareae
1228 709 1289 780 plu·

723 801 792 856 uma
808 817 873 871 pars
890 807 1070 857 terraemotu
1088 801 1196 858 comunt.

759 897 788 946 11
808 893 904 949 turbae
914 893 1147 965 Constantinopoli
1163 895 1191 948 iu
1201 909 1286 950 causa

722 985 865 1054 religionis
893 986 1019 1042 incendia
1053 993 1080 1043 et
1097 987 1193 1042 caedes
1210 987 1289 1057 plebe

722 1077 853 1134 aduersus
870 1079 1060 1149 imperatorem
1076 1079 1243 1134 uociferante
1260 1087 1288 1134 et

723 1171 889 1226 Vitalianum
905 1173 1094 1241 imperatorem
1108 1179 1226 1242 petente.
1249 1174 1288 1227 A·

723 1265 860 1320 nastasius
879 1265 987 1318 latitare
1004 1265 1115 1334 cogitur.

761 1362 790 1412 12
808 1355 1194 1413 AlamundoriSarncenorum
1211 1358 1286 1427 prin·

724 1450 792 1521 cipis
809 1451 967 1519 baptismus.
990 1449 1144 1505 Vitalianus
1154 1466 1214 1505 cum
1222 1450 1288 1506 Bul-

723 1542 833 1612 guribus
860 1547 888 1597 et
913 1542 1019 1597 Hunnis
1045 1557 1131 1613 usqne
1155 1543 1190 1596 ad
1217 1542 1288 1597 Con-

723 1635 927 1706 stantinopolim
945 1634 1100 1704 populando
1119 1637 1199 1690 uenit.

761 1733 792 1782 13
826 1727 988 1783 Anastasius
1006 1743 1068 1782 cum
1084 1727 1220 1784 Vitaliauo
1237 1744 1287 1798 pa-

725 1820 843 1886 ciscitur,
862 1827 889 1876 et
905 1820 1047 1890 episcopor
1058 1835 1088 1874 se
1096 1827 1286 1876 reuocaturum

724 1914 760 1968 ab
778 1913 856 1968 exilio
873 1913 1022 1968 iuramento
1034 1912 1132 1968 firmat
1150 1913 1198 1968 sed
1208 1913 1288 1968 fidem

724 2012 901 2071 nubserunt,
926 2005 978 2060 illis
1004 2021 1067 2060 mox
1083 2005 1177 2061 illusis.
1212 2005 1288 2061 Vita·

724 2098 788 2153 dani
812 2097 976 2167 indignatio,
1003 2098 1049 2168 qui
1071 2099 1162 2153 multis
1185 2099 1288 2154 incom-

724 2191 810 2246 modis
828 2190 888 2246 ideo
906 2189 1110 2246 Anastasiauos
1128 2189 1220 2246 nifimt.

760 2288 790 2337 11
825 2283 1000 2349 Hunnorum,
1024 2284 1070 2351 qui
1088 2283 1174 2338 Saber
1191 2282 1285 2338 dicun-

722 2381 784 2441 tur,
819 2376 942 2444 irruptio.
982 2374 1135 2430 Macedonii
1168 2375 1288 2446 episcopi

723 2469 820 2524 obitus.
855 2467 1041 2522 Alexandriae
1057 2469 1134 2522 multi
1152 2467 1288 2523 adeemo-

724 2560 804 2616 uibus
822 2559 932 2614 obsessi.

758 2657 788 2706 15
829 2651 972 2708 Anastasii
1006 2651 1074 2706 nisio
1109 2653 1137 2705 in
1172 2654 1280 2709 somnis.

720 2745 791 2802 idem
815 2745 842 2798 in
875 2745 1097 2814 Eutychianismo
1123 2751 1287 2814 perseuerat,

721 2838 823 2895 trustra
839 2837 984 2892 Hormisda
1001 2852 1073 2907 papa
1097 2853 1158 2892 eum
1176 2853 1287 2893 conuer-

723 2938 780 2986 tere
798 2937 945 3000 satagente.
978 2931 1117 2984 Anastasii
1137 2930 1269 2986 interitus.

760 3029 791 3078 16
832 3024 950 3078 lustinus
967 3023 1113 3091 imperetur
1130 3022 1188 3076 Lll.
1215 3023 1287 3080 chil-

724 3116 831 3172 dericus
849 3114 1054 3170 Transamundo
1071 3116 1144 3184 patri
1166 3116 1196 3170 iu
1213 3115 1286 3172 Ven-

724 3209 847 3264 dalorum
863 3224 945 3278 regno
963 3207 1083 3263 succedit
1108 3207 1286 3265 orthodoxos-

723 3317 775 3372 que
793 3303 828 3356 ab
846 3301 925 3356 exilio
942 3306 1062 3356 reuocat.

759 3400 788 3449 lt
825 3394 923 3448 bellum
939 3393 1157 3448 interRomanos
1174 3399 1202 3448 et
1219 3395 1284 3448 Per·

726 3503 770 3542 ses
788 3493 898 3542 motuni.
932 3485 1051 3540 lustinus
1069 3487 1170 3540 auxilia
1186 3487 1253 3556 petit
1270 3502 1288 3542 a

724 3581 832 3634 Zeliebe
859 3594 921 3648 rege
955 3577 1123 3632 Hunnorum.
1171 3578 1286 3634 Zeliebis

723 3672 837 3742 pertidia
853 3679 881 3726 et
897 3671 993 3739 dignus
1008 3669 1139 3725 interitus.

760 3769 791 3820 18
836 3763 939 3818 Zethus
974 3777 1023 3816 rex
1047 3762 1182 3818 Laaorum
1211 3765 1286 3818 uenit

141 3863 158 3914 9
186 3855 297 3910 Arriani
315 3852 455 3908 cuiusdam
466 3851 617 3920 blasphemi
631 3850 672 3904 in·
724 3855 994 3925 Constantinopolim,
1012 3855 1207 3925 adsumptaque
1223 3858 1285 3912 reli-

101 3953 211 4010 teritus.
253 3947 381 4003 Deuterio
412 3945 538 4016 episcopo
555 3944 672 3999 Arriam
721 3951 800 4019 gimm
818 3949 971 4004 Christiane
989 3949 1135 4017 imperator
1151 3948 1286 4004 Lazorum

101 4045 225 4103 Barbam
243 4041 377 4112 quendam
398 4039 538 4108 baptizare
556 4041 672 4092 conante
722 4043 874 4112 appellatur
891 4057 908 4095 1
924 4042 1035 4096 Iustino.

102 4152 180 4208 aqua
197 4137 280 4191 allata
298 4132 442 4188 euanescit.
759 4139 789 4189 19
815 4135 934 4190 lustinus
952 4134 987 4189 ad
1004 4134 1219 4188 constituendam
1237 4150 1282 4189 ca·

144 4232 177 4282 10
201 4226 365 4282 Hebitacula
381 4225 454 4294 regia
470 4223 671 4295 pluracheo·
722 4227 849 4282 thelicam
878 4227 1033 4295 religionem
1056 4227 1156 4295 ubique
1182 4228 1210 4281 in
1234 4243 1285 4282 sua

102 4320 199 4378 derico
218 4335 266 4389 per
279 4320 383 4374 ltaliam
401 4324 565 4374 1111111111.
592 4317 672 4371 Sara·
723 4320 824 4374 ditione
847 4319 991 4374 incumbit:
1020 4318 1068 4373 sed
1091 4318 1170 4373 minis
1195 4319 1283 4375 Theo·

102 4427 236 4472 cenorum
267 4411 297 4465 in
319 4411 481 4467 Phoenicem
515 4416 543 4465 et
569 4409 672 4480 Syriam
724 4412 807 4468 derici
823 4412 891 4481 regis
903 4411 1014 4466 Arriani
1031 4412 1136 4480 cogitur
1148 4411 1283 4472 Auienus
