2834 5394
164 273 227 337 255
672 288 765 335 urum
786 288 836 335 mr

163 438 441 524 quinquagesimo,
482 440 608 522 imperii
641 458 727 505 anno
759 458 832 504 cum
866 439 964 504 tratre
987 439 1216 503 Valentiniano
1246 438 1339 502 tertio

164 547 299 628 decimo,
333 556 560 632 postmortem
583 549 654 615 eiua
675 569 779 616 annos
809 547 901 630 duos,
934 566 1062 614 menses
1085 549 1237 631 quinque,
1270 547 1340 612 dies

164 657 328 726 tredecim.

49 762 147 830 XVII
253 768 292 835 In
313 788 377 851 quo
399 768 570 852 probanda
592 768 672 833 baec
695 769 793 834 iuere.
837 768 897 834 tuit
918 768 1162 852 possessoribus
1183 769 1267 831 culto
1286 767 1339 830 bo-

167 898 238 961 nus,
261 886 385 944 mutare
407 878 530 947 iudices
551 899 655 959 rarus,
679 880 711 945 iu
734 880 857 945 amieos
879 878 973 959 fidus,
996 878 1090 944 irasci
1114 878 1185 943 siue
1202 898 1286 943 noxa
1301 893 1371 941 aco

167 989 310 1073 periculo
331 989 531 1074 cuiusquam,
554 1009 635 1056 sanc
657 988 753 1055 ualde
768 989 911 1054 timidus.
957 988 1090 1071 quidam
1107 996 1213 1053 autem
1231 987 1340 1052 dicunt

166 1097 254 1185 qnod
275 1098 407 1165 diuinus
429 1097 553 1166 Isacius
576 1100 758 1165 incarcere
781 1098 920 1165 ioetorcs
942 1099 1014 1163 eius
1037 1097 1111 1162 dum
1135 1106 1339 1177 cremaretur,

168 1207 281 1274 diuina
300 1211 408 1293 gratia
429 1220 462 1276 et
483 1209 612 1275 animae
633 1208 794 1275 munditia
815 1206 1064 1294 deprehenderit
1079 1207 1340 1291 praedixeritque

104 1324 107 1329 '
168 1319 450 1404 interemptionem
472 1320 544 1387 eius
565 1319 618 1386 bis
639 1320 695 1403 qui
717 1338 825 1386 secum
847 1326 942 1384 erant
964 1326 1138 1400 autequam
1159 1319 1263 1384 nuntii
1286 1318 1341 1383 ad·

166 1428 333 1497 uenissent
355 1431 409 1514 qui
431 1438 526 1515 gesta
547 1430 662 1514 proelii
684 1430 881 1496 nuntiarent.
926 1429 1010 1495 iusto
1029 1429 1138 1512 itaque
1154 1427 1206 1494 dei
1221 1428 1340 1494 iudicio
1362 1440 1388 1490 re

167 1539 210 1605 ab
242 1539 307 1607 iliis
339 1540 414 1623 igne
448 1545 607 1606 crematus
640 1546 690 1606 est
722 1558 802 1621 quos
834 1537 1046 1605 succenderat
1076 1540 1151 1623 igne
1174 1538 1339 1621 perfidiae,

167 1649 325 1734 namque>
347 1650 533 1735 petentibus
555 1648 673 1715 Gothis
703 1657 736 1714 ut
758 1649 807 1714 eis
829 1649 998 1732 episcopos
1020 1649 1160 1715 mitteret
1183 1669 1203 1713 a
1225 1649 1341 1734 quibus

166 1758 243 1826 fidei
270 1758 452 1825 rudimenta
480 1758 691 1843 susciperent,
729 1758 851 1826 Valens
878 1757 1025 1825 doctores
1055 1758 1097 1823 ad
1126 1778 1181 1825 eos
1209 1759 1340 1824 Arriani

167 1869 327 1953 dogmatis
351 1869 448 1935 misit.
494 1868 604 1951 sieque
626 1868 780 1935 uniuersa
802 1869 860 1934 illa
880 1887 962 1951 gens
978 1868 1117 1934 Arriana
1140 1869 1256 1935 effecta
1278 1876 1338 1936 est.

167 1976 265 2045 Gothi
298 1998 376 2045 uero
408 1978 600 2061 imperatore
632 1977 738 2044 occiso
768 1976 907 2063 (denuo)
935 1979 999 2044 iam
1029 1980 1131 2046 securi
1155 1975 1273 2061 <usque
1296 1978 1339 2044 ad
1359 1989 1386 2038 15

166 2108 275 2155 muros
296 2087 622 2171 Constantinopoleos
643 2088 813 2155 uenientes
841 2088 912 2155 eius
941 2089 1127 2155 suburbana
1155 2089 1338 2155 uastabant.

166 2204 362 2282 quapropter
383 2199 471 2264 ciues
499 2197 554 2281 qui
576 2218 667 2263 arma
688 2197 842 2265 malebant
864 2205 993 2282 portare
1021 2219 1105 2281 quae
1127 2199 1338 2279 inuenissent,

166 2307 315 2376 hostibus
337 2315 371 2374 ut
392 2315 541 2393 poterant
562 2306 767 2375 resistebant.
811 2309 983 2374 Dominiea
1006 2329 1081 2374 uero
1102 2310 1250 2392 Augusta
1275 2310 1339 2374 Va-

165 2417 262 2485 lentis
290 2439 370 2484 uror
397 2418 545 2502 praemia
573 2437 613 2484 er
641 2418 769 2483 aerario
792 2417 920 2501 publico
943 2419 1025 2486 hene
1048 2418 1268 2503 pugnantibus
1291 2440 1339 2485 se·

165 2527 305 2595 cundum
341 2528 606 2595 consuetudinem
642 2528 778 2593 militum
818 2528 1032 2594 ministrabat.
1088 2528 1204 2612 quibus
1242 2530 1338 2594 etiam
1356 2542 1387 2592 ao

166 2638 320 2704 Saraceni
343 2638 523 2721 praebuere
545 2638 667 2704 solacia
688 2656 772 2720 quae
800 2657 910 2703 eorum
943 2639 1057 2722 regina
1078 2639 1208 2705 nomine
1231 2639 1339 2704 Mauia

166 2750 380 2815 Romanorum
404 2747 569 2814 foederata
590 2746 781 2830 direxerat>

35 2858 149 2927 XVIII
254 2860 349 2923 Anno
371 2857 413 2923 ab
435 2858 515 2924 urbo
544 2856 673 2923 condita
700 2857 871 2924 millesimo
899 2858 1073 2925 centesimo
1101 2858 1261 2924 tricesimo
1291 2878 1338 2925 se-

166 2968 271 3035 cundo
294 2966 469 3033 Gratianus
492 2966 759 3051 quadragesimus
782 2975 915 3049 quartus
937 2968 980 3034 ab
995 2968 1140 3053 Augusto
1162 2973 1235 3050 post
1256 2987 1337 3031 mor-

166 3086 230 3146 tem
252 3077 398 3143 Valentis
420 3097 477 3144 sex
500 3077 595 3143 annis
617 3078 788 3161 Imperium
810 3078 921 3145 tenuit.
965 3079 1063 3162 igitur
1084 3076 1259 3143 Gratianus
1282 3075 1337 3140 ad·
1355 3090 1385 3139 25

165 3187 295 3253 modum
331 3187 458 3253 iuuenis
494 3207 565 3253 cum
608 3187 877 3255 inaestimabilem
919 3186 1153 3253 multitudinem
1197 3186 1336 3253 hostium

164 3297 319 3364 Romanis
342 3297 479 3362 infusam
501 3296 619 3364 finibus
638 3307 791 3379 comeret,
815 3299 914 3364 fretus
936 3296 1056 3364 Christi
1077 3297 1221 3380 potentia
1242 3297 1338 3379 longe

167 3408 273 3492 inpari
294 3407 432 3472 militurn
455 3426 587 3473 numero
618 3427 691 3475 sese
713 3409 747 3473 in
769 3408 892 3475 hostem
915 3406 1005 3474 dedit
1027 3415 1059 3474 et
1080 3408 1229 3474 continuo
1252 3406 1338 3491 apud

233 3676 382 3746 tdreb31)
450 3675 573 3729 brunus
587 3674 613 3730 Ι)
681 3675 821 3746 bqurdam
839 3682 930 3730 autem
948 3675 1042 3729 dieunt
1058 3674 1147 3728 omli
1218 3674 1337 3727 Thrsaa-

166 3770 224 3826 crui
239 3770 265 3825 Ι)
340 3768 557 3839 stophenderat
574 3768 791 3838 predixeratq.d
860 3774 888 3822 11
908 3768 985 3837 quoss
1003 3766 1039 3836 qd
1056 3765 1083 3821 Ι)
1139 3783 1193 3837 rgnr
1210 3766 1297 3835 deniq.
1313 3767 1339 3821 I}

169 3868 198 3919 1³
216 3863 330 3919 arnams
345 3861 416 3917 D⁴B‘
523 3867 552 3916 rt
571 3868 637 3934 post
661 3862 700 3917 eit
722 3861 786 3917 odd.
803 3861 876 3916 Iusto
892 3872 895 3926 ι
911 3868 976 3931 rtaq;
995 3860 1021 3916 di
1043 3859 1141 3915 rudrcro
1159 3860 1194 3913 ab
1211 3860 1264 3914 rlhs
1278 3876 1338 3929 igne

166 3956 301 4011 crematus
313 3956 368 4010 est·
392 3956 481 4024 lquor
495 3955 550 4024 rpie
567 3970 585 4025 p
603 3954 667 4025 hdie
687 3955 862 4011 succenderat
878 3970 932 4024 rgnr
950 3953 977 4008 B
1059 3957 1156 4007 15-22
1174 3953 1209 4023 (>
1227 3952 1268 4008 Ι).·
1284 3954 1288 4020 Ι
1304 3952 1338 4006 ad

166 4050 258 4104 urbem
277 4054 424 4118 properant
441 4047 645 4118 constantinopo
662 4050 666 4116 Ι
681 4049 765 4103 htaur'r
783 4048 829 4102 ubr
847 4047 910 4103 hrnc
928 4046 1061 4102 dominrea
1079 4045 1191 4115 augusta
1207 4049 1210 4112 Ι
1226 4045 1341 4101 ualentis

166 4158 235 4197 uxor
246 4142 330 4196 multu
347 4156 461 4212 pecuum
478 4141 549 4211 plebi
566 4151 569 4203 ι
584 4141 679 4210 largita
697 4142 732 4196 ab
743 4141 819 4195 urbrs
833 4140 984 4195 usitatione
999 4139 1076 4194 hosts
1090 4139 1095 4207 Ι
1111 4139 1245 4193 submouit
1254 4146 1338 4206 regnu

167 4235 288 4303 cognatis
302 4234 418 4289 hdchter
433 4236 437 4304 Ι
453 4234 590 4303 urnlrterqs
610 4234 728 4289 seruauit
746 4233 772 4288 B
824 4236 854 4287 21
876 4231 1012 4287 solatraD
1064 4236 1096 4285 2⁴
1114 4232 1228 4301 quartus
1242 4248 1294 4285 om.
1313 4231 1338 4285 Ι)

166 4329 198 4379 25
219 4334 286 4398 port
308 4328 396 4383 tenuri
417 4328 479 4381 add.
505 4327 629 4396 quammi
650 4342 702 4381 ram
726 4325 827 4380 dudum
851 4326 933 4391 {ante
960 4332 994 4379 cu
1017 4333 1113 4394 patruo
1137 4325 1245 4380 ualente
1262 4324 1285 4378 a
1304 4332 1338 4379 cn

168 4419 286 4474 ualentrn
301 4424 305 4489 t
321 4436 356 4476 no
373 4421 456 4475 fratrc
473 4418 592 4489 reguardo
611 4419 638 4474 B
705 4419 802 4473 amorln
821 4419 847 4474 I)
