2834 5394
179 280 241 345 392
655 294 746 341 ursru
768 292 868 341 xvuu

178 446 377 513 (lomentielo
417 448 542 531 legatos
582 445 625 510 ad
657 445 837 511 Chaianum
866 445 1054 511 transmisit.
1098 453 1133 509 at
1159 462 1237 510 uero
1278 443 1356 509 bar·

179 558 276 624 barus
298 558 332 622 in
355 556 583 640 sponsionibus
605 564 770 640 pactorum
793 574 890 639 agere
912 574 946 621 sc
969 574 1081 637 pacem
1103 555 1270 637 professus
1292 564 1355 621 est.

178 668 211 734 in
244 668 366 733 oriente
399 687 476 733 uero
510 665 687 731 Iohannem
719 665 939 749 Mysteconem
972 672 1155 748 praetorem
1177 665 1354 730 Armeniae

177 777 262 844 fecit.
306 778 360 861 qui
389 777 524 842 ueniens
553 775 596 840 ad
617 775 815 860 Nymphiuru
845 794 981 857 emnem,
1019 774 1074 839 ubi
1102 774 1192 858 Tigri
1221 775 1353 841 misceri

177 886 362 969 dinoscitur,
387 887 472 952 belle
494 884 698 969 congreditur
720 904 792 949 eum
807 884 992 968 Kardariga
1006 886 1176 951 Persarum
1200 894 1388 967 praetores

178 1004 211 1064 et
242 997 431 1083 praeualent
461 997 598 1061 Romani
632 995 789 1061 aduersus
819 995 985 1061 barbares.
1036 994 1239 1077 Kardarigus
1272 1013 1352 1059 uero

177 1127 242 1172 uon
263 1114 312 1172 est
333 1106 498 1190 proprium
520 1124 637 1171 nomen
661 1104 718 1172 sed
741 1104 883 1189 dignitas
906 1106 1047 1169 maxima
1069 1105 1155 1188 apud
1177 1105 1308 1170 Persas.

81 1212 157 1277 VIII
265 1215 410 1281 Secundo
439 1216 564 1299 imperii
593 1217 643 1281 sui
672 1235 757 1281 anno
780 1216 891 1281 consul
913 1215 1086 1280 Mauricius
1115 1215 1300 1298 appellatur
1321 1222 1356 1279 ct

178 1326 294 1392 multos
333 1327 501 1393 thesauros
534 1326 605 1391 urbi
638 1325 780 1392 donauit.
824 1325 973 1409 prouehit
1004 1332 1111 1389 aretem
1143 1323 1353 1408 Pblippieum

176 1444 356 1521 praetorem
379 1437 523 1519 orientis,
561 1437 611 1501 eui
634 1442 667 1502 et
688 1435 843 1500 Gordiani
866 1435 965 1499 liliam
988 1455 1079 1499 sunm
1103 1435 1134 1498 in
1164 1433 1352 1517 coniugium
1376 1441 1407 1491 re

176 1546 318 1613 tradidit.
364 1554 397 1611 at
420 1567 496 1612 uero
519 1546 719 1631 Philippices
744 1546 892 1612 Persicas
915 1545 1077 1629 arripiens
1099 1551 1208 1628 partes
1229 1563 1352 1628 appro-

175 1657 344 1742 pinquauit
366 1657 494 1722 Nisibin
528 1664 560 1722 et
592 1665 724 1742 repente
755 1656 789 1720 in
818 1654 982 1721 Persidem
1015 1655 1182 1737 ingressus
1216 1655 1350 1718 multam

175 1766 328 1852 praedam
353 1766 572 1850 praesumpsit
594 1785 690 1846 quarn
713 1772 919 1849 perurentes
942 1765 1067 1830 saluam
1090 1763 1211 1829 ducens
1234 1763 1268 1828 iu
1285 1764 1352 1829 ble-

176 1875 287 1941 dorum
310 1876 473 1959 regionem
496 1876 657 1941 transtulit
679 1883 711 1940 et
733 1876 841 1941 multis
863 1874 930 1939 illic
951 1874 1038 1939 uillis
1061 1873 1284 1940 exterminatis
1305 1873 1351 1939 ad

173 1986 320 2049 Romana
348 2004 423 2049 rura
452 2003 600 2050 reuersus
630 1992 689 2050 est.
734 2006 830 2068 perro
867 1984 1032 2049 Chaianus
1061 1984 1204 2048 Auarum
1232 2001 1350 2067 pacem
1370 1989 1400 2039 15

175 2094 302 2160 soluere
330 2092 513 2175 festinabat,
548 2114 624 2159 nam
653 2094 877 2160 Sclauinorum
907 2101 1019 2177 gentes
1049 2099 1160 2158 centra
1189 2094 1350 2159 Thracem

175 2204 321 2286 armauit,
353 2203 408 2286 qui
438 2211 654 2288 peruenerunt
683 2223 785 2287 usque
812 2203 855 2270 ad
876 2205 991 2287 longos
1015 2223 1122 2269 nruros
1145 2204 1278 2267 multum
1301 2203 1350 2268 fa-

174 2312 294 2380 cientes
317 2312 486 2379 excidium.
530 2321 564 2379 at
585 2314 759 2399 imperator
782 2314 895 2399 palatii
918 2313 1042 2380 eductis
1064 2314 1187 2380 militiis
1216 2318 1247 2378 et
1276 2314 1348 2398 ple-

174 2423 269 2491 bibus
291 2442 309 2489 e
332 2424 460 2490 ciuitate
482 2426 597 2508 longos
617 2445 726 2491 muros
749 2423 903 2490 custodiri
925 2424 1091 2508 praecepit
1113 2430 1144 2488 et
1166 2422 1349 2488 Comentio-

172 2535 239 2599 lum
271 2533 383 2599 ducem
417 2534 571 2602 ordinans
604 2541 637 2600 et
665 2548 796 2600 armans
825 2541 936 2599 centra
966 2533 1121 2599 barbaros
1150 2534 1245 2599 misit.
1292 2535 1347 2618 qui
1366 2546 1401 2596 ao

173 2643 336 2728 insperate
368 2644 401 2709 in
433 2645 591 2711 barbaros
625 2664 721 2710 ruens
750 2644 898 2728 copiosas
928 2643 1150 2709 multitudines
1184 2644 1346 2709 interfecit

173 2750 297 2835 bosque
319 2754 446 2837 repulit.
490 2774 562 2818 cum
584 2762 689 2819 autem
714 2754 916 2838 peruenisset
937 2753 1214 2838 Hadrianopolim,
1238 2772 1347 2818 occur·

173 2861 215 2926 rit
235 2860 442 2946 Andragasto
464 2862 685 2930 multitudines
709 2863 931 2929 Sclauinorum
961 2883 1031 2927 euru
1063 2863 1187 2946 praeda
1215 2862 1346 2927 ducenti

174 2977 205 3038 et
231 2972 266 3036 iu
294 2973 379 3038 hune
407 2972 534 3038 irruens
562 2981 594 3038 et
621 2974 841 3058 captiuitatem
871 2973 989 3057 eripuit
1016 2980 1047 3037 et
1069 2973 1205 3037 uictoria
1226 2992 1347 3055 magna

172 3080 303 3147 indutus
324 3090 384 3148 est.
1364 3094 1400 3145 25

257 3191 366 3254 Tertio
390 3192 515 3274 imperii
538 3192 684 3256 blcuricii
707 3212 793 3257 anno
816 3192 1016 3277 Plrilippieus
1040 3191 1176 3274 sumptis
1198 3192 1346 3257 exerciti·

172 3296 232 3363 bus
255 3297 297 3363 ad
320 3299 482 3366 Persicam
515 3301 680 3385 regionem
711 3302 874 3386 profectus
909 3310 958 3368 est
991 3309 1023 3366 et
1056 3308 1151 3386 capta
1172 3300 1346 3367 Arxenene

172 3427 322 3492 magnam
345 3408 498 3492 praedam
521 3413 660 3493 optinuit
682 3419 713 3477 et
735 3412 936 3478 formidinem
958 3412 1098 3477 Persicis
1121 3419 1273 3494 operatus
1296 3420 1346 3478 est

172 3517 376 3586 exercitibus.
420 3520 608 3604 intereaque
632 3520 943 3605 Constantinopolim
966 3523 1122 3603 languens
1145 3529 1267 3587 remeat
1288 3522 1346 3585 mi·

171 3628 326 3712 litiaeque
349 3630 419 3695 sine
441 3631 587 3698 laesione
610 3630 652 3696 ad
674 3631 806 3716 propria
827 3632 1032 3716 repedarunt.
1361 3639 1398 3689 30

59 3726 150 3792 Vllll
258 3740 379 3819 Quarto
402 3740 529 3824 Imperii
545 3741 693 3806 Maurieii
715 3760 801 3806 anno
817 3741 1017 3827 Philippicus
1040 3759 1190 3824 egressus
1212 3761 1233 3804 a
1254 3741 1347 3824 regia

171 3848 258 3930 urbe,
296 3850 407 3915 hostili
436 3858 563 3935 sumpto
592 3857 751 3936 apparatu
779 3851 821 3916 ad
843 3852 1006 3917 ciuitatem
1029 3849 1169 3915 Anridan
1192 3858 1346 3935 properat

171 3964 202 4021 ct
224 3959 370 4025 collectis
394 3961 527 4026 armatis
549 3962 818 4045 percunctabatur
840 3982 896 4028 eos
918 3962 946 4027 si
968 3961 1002 4024 in
1024 3966 1172 4044 promptu
1187 3960 1346 4026 baberent

239 4226 431 4279 leomeutrole
458 4225 483 4280 D
551 4225 700 4295 chaganum
726 4226 752 4281 D
854 4231 1007 4296 lsrmeura
1031 4225 1057 4280 D
1159 4228 1290 4281 ebellum
1318 4227 1344 4281 D

174 4320 203 4366 10
220 4314 314 4381 filiam]
334 4317 448 4370 sororem
468 4317 505 4370 P⁴
595 4323 624 4371 1ss
643 4319 825 4374 [claueuorum
844 4316 882 4371 P¹
961 4323 990 4372 IS
1009 4318 1125 4373 educens
1142 4320 1166 4374 D
1243 4324 1274 4375 22
1293 4336 1344 4388 pe-

171 4406 283 4474 puhtlt
333 4407 544 4476 ednanopollI)
612 4410 806 4466 tumultuoso
825 4408 879 4465 DP
