2834 5394
240 248 305 309 630

652 259 760 309 tnnux
781 258 1029 308 chambona!

275 413 308 464 22
344 410 468 464 Tiberina
488 410 622 465 secundus
647 411 801 480 imperator.
853 406 931 478 perti.
950 406 1025 463 alter
1040 408 1152 479 Pugio,
1171 410 1296 465 Gladius
1313 409 1414 457 Nm

241 503 299 557 eius
332 503 480 558 ninolentia
518 509 546 557 et
580 502 643 558 inde
685 502 805 559 ioculare
854 501 930 556 altor.
976 501 1104 557 inuenta
1147 518 1222 559 arca
1260 504 1342 574 plena
1368 522 1417 558 ιιΜ

242 612 348 651 nomen.
385 596 485 649 Tiberii
502 595 637 665 ingenium
650 596 804 666 pessimum.

242 690 350 759 plenum
376 689 553 743 simulationis
585 696 613 743 et
638 689 804 743 insidiarum.

168 784 173 791 '
243 798 372 852 quaeres
390 782 512 851 pluribus
530 782 629 849 ignaris
646 783 728 837 exitio
745 781 804 838 init.

244 876 397 930 Germanici
423 875 572 943 trirrmphns
598 875 631 930 de
656 875 806 931 Germanis.

243 968 344 1023 Tiberii
362 968 474 1037 pertidia
490 970 517 1021 in
535 984 611 1037 reges
623 968 761 1039 quosdam,
779 970 807 1023 in

243 1061 285 1115 his
296 1062 427 1115 aduersus
437 1061 600 1115 Archelaum
611 1062 808 1133 Cappadocem,

242 1154 319 1209 cuins
346 1170 455 1222 regum
478 1154 505 1207 in
523 1155 679 1223 prouinciae
694 1155 808 1211 formam

241 1245 389 1300 redactum.
426 1247 517 1301 Getnli
533 1248 656 1316 repressi.
681 1249 809 1304 biarcho-

244 1338 314 1393 dnns
332 1338 483 1395 Suanorum
501 1354 548 1394 rex
574 1340 671 1396 callide
693 1343 808 1397 circnm-

245 1443 351 1489 uentus

279 1532 311 1581 23
347 1526 549 1595 modestiaque
570 1527 685 1597 plurima
700 1528 741 1582 sni
759 1528 809 1582 im·

243 1620 312 1689 perii
329 1627 407 1689 parte
425 1620 489 1689 reip.
509 1619 633 1688 praefuit.
670 1620 749 1674 Pilati
768 1636 809 1675 re·

243 1713 309 1768 latio
335 1713 370 1767 ad
399 1719 523 1766 serretnm
559 1721 586 1766 et
612 1713 748 1768 Tiberium
776 1714 810 1769 de

243 1808 369 1876 passione
379 1814 405 1859 et
414 1806 725 1869 resurrectionet‘hristi,
739 1808 809 1862 eins·

243 1915 296 1968 qne
322 1899 475 1952 uirtutibus.
511 1898 635 1953 Tiberius
666 1900 749 1954 refert
774 1900 810 1954 ad

242 2001 366 2047 senatum
384 1997 414 2044 ut
432 1990 553 2045 Christus
572 1992 638 2046 dens
655 1993 809 2048 haberetur.

242 2092 353 2139 senatus
361 2083 505 2145 recusatio,
516 2083 685 2154 edictumque
693 2086 810 2141 chhri·

242 2176 337 2231 stianis
355 2176 420 2230 urhe
438 2177 653 2231 exterminandis.
686 2179 811 2236 Tiberius

245 2270 448 2325 accusatoribus
469 2268 683 2324 Christianorum
698 2280 812 2326 mortem

245 2366 369 2419 mitratur.
404 2368 542 2418 senatores
559 2364 649 2432 plnres
667 2364 811 2435 proscripti

246 2466 271 2512 et
297 2458 331 2512 od
358 2464 470 2512 mortem
494 2457 591 2512 adacti.
626 2456 715 2511 Seiani
733 2474 811 2528 prae·

246 2552 310 2605 secti
328 2552 412 2621 ipsius
429 2551 553 2604 interitus
579 2550 731 2620 'l'iheriiqnc
748 2568 811 2621 par-

244 2644 346 2697 rieidia.

280 2740 311 2787 tr
344 2736 444 2788 Tihcrii
463 2736 576 2789 saeuitia
602 2737 753 2805 promiscue
770 2737 812 2792 fn·

243 2844 313 2881 cerna.
351 2827 481 2896 qeraedonr
508 2830 665 2898 prouinciae
690 2845 705 2882 a
732 2830 812 2884 liniti·

243 2922 293 2973 mis
311 2922 434 2987 gentihus
459 2921 585 2989 direptae.
613 2922 714 2977 Tiberii
732 2939 812 2978 mors.

244 3015 334 3067 clades
368 3014 529 3067 incredibilis
570 3016 620 3068 snb
657 3030 688 3069 eo
741 3017 813 3085 apud

245 3105 390 3159 Fidenates
424 3122 457 3159 ox
491 3107 570 3160 cerina
612 3107 812 3176 amphitheatri.

245 3197 306 3252 Iesu
332 3197 431 3251 Christi
461 3198 559 3267 pressio.
603 3206 691 3255 terrae
726 3208 814 3256 motus

247 3296 312 3344 tane
358 3306 406 3359 per
442 3292 533 3345 orbem
577 3291 667 3346 iactus
719 3293 813 3361 ingens

246 3390 273 3439 ct
309 3385 350 3439 sol
386 3384 413 3437 in
449 3385 604 3439 uniuersam
639 3384 811 3442 obscuratus.

247 3572 356 3626 inserta.

856 608 958 649 nomm.

1119 794 1208 860 vni

895 974 906 1023 t
944 967 1080 1023 Claudius
1100 976 1230 1040 quamue
1250 972 1392 1041 imperator

859 1062 989 1131 Angusto.
1018 1062 1210 1118 Scriboniani
1220 1063 1335 1119 Camilli
1349 1064 1382 1119 ad
1395 1064 1409 1109 ·.

859 1154 963 1223 pedum
980 1154 1161 1224 respirantis
1180 1159 1327 1213 interitus.
1376 1194 1378 1203 .
1406 1182 1414 1204 e

859 1247 972 1301 subacti.
999 1250 1081 1317 Aqua
1099 1248 1230 1306 Claudia
1249 1253 1280 1306 in
1299 1254 1389 1307 urben
1407 1276 1416 1295 ι

860 1339 992 1394 troducta.
1018 1340 1096 1395 Petri
1116 1345 1252 1413 apostoli
1267 1345 1381 1401 Βοιιιιιι
1407 1370 1416 1391 ι

860 1438 964 1488 uentus.

895 1531 910 1580 ²
947 1526 1089 1581 Claudium
1107 1530 1207 1585 medie
1236 1546 1272 1586 se
1292 1533 1321 1587 in
1338 1549 1402 1586 mre-

859 1618 974 1687 gessisse
1002 1621 1101 1688 partim
1131 1623 1236 1679 mitem
1265 1625 1370 1694 partim
1415 1650 1417 1663 ι

861 1710 953 1767 delean.
980 1712 1104 1766 Britanni
1124 1714 1246 1771 deuicti.
1278 1718 1417 1773 ιιιίιίιίιιιΗ

860 1805 936 1874 perio
946 1806 1072 1861 Orcades.
1102 1806 1273 1865 Britannici
1283 1826 1384 1866 nomen
1398 1835 1416 1857 ιι

860 1912 910 1952 sno
929 1897 1056 1953 Claudius
1077 1900 1211 1969 imponit.
1252 1904 1366 1960 Claudii
1388 1931 1412 1952 «⁵

860 1991 922 2045 litas
947 2007 1011 2061 erga
1033 1993 1171 2062 quosdam
1190 1999 1315 2053 amieos.

859 2085 947 2150 linae,
976 2086 1067 2140 uxoris
1101 2086 1214 2155 ipsius,
1240 2091 1387 2148 adniteris

861 2177 956 2233 foedae
984 2178 1114 2233 libidines.
1158 2179 1338 2242 libertorum
1403 2224 1405 2230 -

862 2269 1002 2325 dianorum
1019 2272 1139 2340 potantia
1162 2283 1193 2328 et
1219 2277 1394 2336 insolentia:

862 2364 900 2417 eia
918 2364 945 2418 in
963 2365 1054 2434 primis
1072 2364 1206 2421 Narcissi.

896 2461 912 2511 3
947 2473 1035 2512 nouae
1051 2458 1155 2512 insulae
1174 2464 1313 2519 emersio.
1357 2492 1417 2516 :w

864 2548 1024 2605 ludaeorum
1066 2552 1094 2605 in
1128 2550 1231 2608 diebus
1273 2573 1404 2629 azymon

862 2639 947 2697 fames
973 2643 1075 2698 Itomae
1100 2659 1209 2712 magna.
1260 2650 1397 2709 Phoenix

864 2736 984 2805 Aegypto
1008 2737 1138 2806 apparuit.
1174 2739 1358 2808 Apollonius
1376 2748 1416 2817 ‘1⁸5

864 2844 938 2882 neers.
957 2830 1104 2899 Agrippina
1121 2846 1190 2883 texor
1209 2833 1305 2891 ducta
1323 2856 1344 2893 a
1364 2842 1412 2895 Cla

865 2921 916 2974 dio.
952 2922 1057 2976 Claudii
1074 2938 1153 2976 mors.

898 3018 914 3067 4
941 3013 1022 3081 Nero,
1041 3017 1149 3085 quintus
1157 3016 1326 3086 imperator.
1358 3028 1414 3095 pn'

864 3107 1046 3175 quirrqnennio
1073 3108 1240 3164 tolerabilis:
1282 3128 1391 3184 postea

864 3200 988 3254 omnibns
1017 3202 1153 3270 Caligulae
1178 3202 1352 3265 simillimus.
1392 3238 1405 3268 ι

864 3293 937 3348 tonis
962 3294 1081 3360 luxuria,
1109 3294 1278 3364 crudelitas,
1315 3304 1413 3360 libidi

864 3384 1047 3453 detestandae,
1068 3387 1220 3458 parricidia.

245 3477 400 3548 Phlegontis
427 3478 556 3532 Tralliani
590 3478 623 3533 de
649 3480 690 3533 his
714 3480 817 3550 scripta
901 3484 916 3532 5
952 3479 1026 3534 urhis
1044 3481 1147 3537 Romae
1163 3482 1328 3542 incondium
1351 3507 1373 3545 a

867 3587 933 3626 rone
948 3571 1059 3629 fact-um.
1085 3574 1200 3629 Neronis
1218 3580 1355 3637 auaritia.
1388 3588 1414 3641 ei

280 3671 312 3720 25
340 3666 368 3719 C.
382 3666 502 3735 Caligula
518 3666 613 3721 tertius
632 3668 666 3721 ah
691 3669 814 3736 Arrgnsto
866 3679 964 3719 uxorea
983 3664 1098 3721 Octauia
1116 3676 1142 3722 ct
1159 3666 1266 3722 Sabina.
1288 3672 1413 3733 Britan.

245 3758 398 3828 imperator.
427 3759 498 3813 unde
516 3759 636 3828 Caligula
652 3776 749 3814 nomen
767 3774 814 3815 ac·
865 3757 916 3812 sub
942 3774 973 3813 eo
999 3775 1086 3828 paene
1112 3760 1223 3823 amissa,
1256 3773 1363 3834 erepta

246 3853 325 3921 cepit.
361 3852 418 3905 eins
447 3852 549 3907 scelera
581 3852 815 3921 exsecrandaeque
866 3850 960 3905 menia.
1014 3851 1084 3907 dnae
1119 3854 1169 3907 sub
1204 3867 1235 3906 eo
1271 3862 1414 3922 prouinci

247 3944 369 4000 libidines
392 3945 519 4015 factaque
545 3944 710 4015 propudiosa
727 3946 813 4014 plora.
865 3943 955 3999 iactae
971 3943 1075 3999 Pontus
1083 3946 1289 4001 Polemoniacus
1310 3956 1416 4026 otAlp

281 4043 314 4092 26
349 4038 426 4092 Philo
457 4038 573 4093 ludaeos
607 4037 642 4092 ad
668 4037 815 4107 Caligulam
866 4037 978 4093 Cottiae.
1006 4036 1094 4092 Galba
1112 4045 1139 4093 et
1149 4038 1178 4093 C.
1187 4038 1270 4092 lulius
1287 4039 1395 4111 imperi

248 4130 359 4199 legatus.
389 4132 524 4200 Caligulae
542 4132 569 4185 in
584 4130 698 4187 ludaeos
715 4129 815 4185 odium.
864 4129 1005 4186 inuadunt.

248 4222 328 4277 Pilati
353 4225 483 4293 praesidis
511 4210 643 4279 interitui.
678 4222 817 4293 Caligulae
899 4226 917 4279 d
950 4220 1067 4277 Neronia
1101 4222 1225 4279 interitus
1256 4225 1413 4288 miserabili

249 4316 354 4371 caedes.
391 4318 473 4372 libelli
491 4318 560 4371 inter
577 4317 635 4371 eius
651 4320 757 4371 scaea
772 4330 816 4371 m·
865 4312 1181 4371 monmorentius.
1211 4317 1262 4370 uiri
1279 4316 1356 4375 docti
1377 4332 1410 4379 tn
