2834 5394
481 652 555 700 cae.
576 653 791 700 xxv-xxvrn
1166 641 1224 701 tta

100 822 152 886 qnos
168 802 219 870 sibi
235 803 302 869 iam
324 800 446 868 dudum
468 803 590 870 amieos
612 804 753 870 nuncin
775 802 896 868 auxilio
917 801 1134 885 adsciuerant‚
1164 806 1228 869 uir-

10 904 19 913 ’
96 920 141 978 tute
155 914 295 979 uicerunt.
339 911 604 996 Vercingentorix
626 915 693 979 alia
714 914 767 980 dic
789 913 994 996 congregatis
1009 914 1158 980 omnibus
1173 915 1229 999 qui

92 1024 145 1107 Iuga
159 1029 335 1103 ‹trraaeraut¹
357 1021 440 1088 dixit
461 1042 497 1089 se
519 1030 681 1089 auctorem
703 1024 789 1088 bona
810 1023 875 1087 fide
896 1022 1120 1088 defendendae
1135 1024 1228 1089 Iiber-

89 1134 141 1199 tstis
163 1142 256 1218 atque
284 1131 490 1218 inrumpendi
519 1133 659 1200 loederis
687 1134 788 1200 fuisse
817 1140 849 1199 et
876 1153 962 1198 nunc
983 1133 1054 1200 siue
1075 1135 1230 1201 Romanis

22 1270 25 1275 ·
65 1255 139 1309 tsese
160 1242 200 1309 ad
224 1251 360 1308 mortem
388 1262 501 1309 omues
528 1243 666 1309 offerant
701 1244 771 1310 siue
799 1262 834 1310 se
864 1244 967 1309 solum
995 1263 1053 1328 pro
1083 1244 1230 1310 omnibus

83 1351 205 1433 amm,
233 1358 383 1438 paratum
405 1353 513 1417 animo
534 1353 612 1418 Iorc.
657 1353 765 1437 itaque
788 1353 874 1420 Galli
897 1354 1103 1434 uoluntatem,
1133 1375 1229 1436 quam

82 1461 175 1546 pudore
200 1463 402 1546 aliquamdiu
429 1470 578 1528 texerant
611 1465 705 1544 quasi
734 1483 775 1529 ex
803 1463 937 1528 consilio
965 1463 1053 1546 regis
1081 1462 1228 1529 adsume·

82 1579 133 1636 rent
157 1572 229 1638 ilico
262 1572 325 1639 sibi
358 1573 488 1638 ueniam
515 1582 686 1657 precantes
715 1591 787 1637 eum
818 1573 920 1638 solum
950 1573 1040 1638 uelut
1066 1581 1228 1638 auctorem

81 1682 163 1765 magui
182 1682 316 1749 sceleris
338 1681 538 1747 dediderunt.
1196 1751 1198 1757 ,

10 1816 14 1845 .·
48 1800 72 1852 tt
143 1792 301 1858 Bellouaci
333 1791 482 1857 omnibus
515 1791 681 1857 Gallorum
712 1792 863 1876 gentibus
897 1791 1040 1875 ipsorum
1074 1793 1225 1876 opinione
1235 1793 1361 1858 XXVII

10 1902 12 1913 '
82 1900 200 1968 lortiores
221 1901 435 1968 habebantur.
479 1901 514 1965 hi
536 1901 680 1967 Ghorreo
704 1901 784 1967 duce
808 1901 927 1966 bellum
951 1902 1134 1968 instaurant
1156 1904 1231 1969 sibi·

83 2028 129 2093 que
143 2012 172 2075 in
197 2011 280 2076 hanc
310 2011 451 2095 suscepti
479 2011 554 2077 belli
582 2012 768 2079 societatem
791 2011 968 2077 Ambianos
991 2010 1145 2079 Aulercos
1168 2012 1229 2077 Ca·

82 2116 143 2186 luo
160 2119 362 2187 Veliocasses
383 2120 619 2205 Atrebatasque
646 2122 844 2205 coniungunt
871 2128 903 2186 et
931 2122 1034 2186 locum
1065 2122 1225 2203 quendam

82 2228 189 2295 anam
209 2238 307 2315 atque
328 2230 517 2315 impeditum
537 2231 681 2312 'undique
703 2230 876 2316 paludibus
899 2232 1031 2316 capiunt
1045 2233 1228 2300 commisse-

49 2344 130 2420 tque
144 2341 255 2424 proelio
278 2360 431 2422 magnam
451 2341 623 2406 Remorum
645 2361 785 2424 manum,
816 2361 900 2425 quae
930 2341 1051 2407 auxilio
1072 2344 1228 2411 RomanIs

83 2456 140 2530 aut,
161 2449 326 2516 trucidant.
370 2449 489 2515 deindo
521 2470 592 2515 eum
625 2457 837 2535 opportunum
869 2451 932 2536 ipsi
963 2453 1068 2516 Iocum
1099 2452 1227 2521 insidiis

82 2558 215 2638 pamm
238 2561 487 2645 occupauisseut
515 2568 612 2643 atque
641 2559 702 2625 hoc
730 2567 892 2645 comperto
915 2562 1052 2627 Romani
1080 2562 1124 2626 ad
1150 2563 1227 2629 insi-

83 2661 178 2732 diarum
197 2670 303 2735 locum
325 2669 471 2736 instructi
493 2669 696 2753 ordinatique
719 2671 894 2753 uenissent,
918 2671 1088 2737 commIsso
1103 2673 1227 2755 proelio

82 2772 195 2863 Romani,
223 2778 338 2845 Gallos
360 2781 520 2863 fugientes
542 2779 646 2846 isdem
677 2781 816 2845 locorum
839 2781 1079 2860 munitionibus,
1109 2780 1226 2864 quibus

48 2883 157 2954 tebni
176 2889 311 2971 fuerant,
341 2890 540 2955 incluserunt
560 2898 756 2973 onustosque
778 2890 820 2955 ad
842 2891 1083 2956 internitionem
1105 2890 1226 2955 cecide-

81 3004 140 3061 runt.
178 2999 223 3064 ibi
247 2998 406 3065 Ghorreus
434 3002 487 3065 uel
515 2999 624 3083 lugam
651 3002 704 3065 uel
733 2999 930 3065 deditionem
959 2999 1144 3065 detractans
1165 3000 1225 3064 Ro-

80 3121 166 3174 manos
192 3116 227 3174 ut
254 3109 349 3175 uiuus
378 3116 545 3193 caperetur
572 3110 731 3176 instantes
761 3109 936 3174 occidendo
967 3118 1001 3174 ut
1029 3110 1226 3175 occideretur

78 3218 169 3300 ragit.
211 3219 310 3302 igitur
337 3239 408 3284 cum
435 3227 585 3304 pacatam
613 3240 686 3285 esse
718 3221 901 3285 uniuersam
932 3219 1072 3284 Galliam
1106 3220 1226 3286 Cacsar

75 3342 157 3411 neque
183 3348 336 3395 ausuram
364 3330 432 3395 Iore
460 3329 503 3395 ad
530 3332 656 3412 aliquos
689 3330 836 3414 aspirare
869 3337 974 3394 motus
1006 3331 1225 3409 arbitraretur,

42 3432 195 3520 ²‘legiones
217 3441 252 3504 iu
275 3439 413 3504 hiberna
434 3438 565 3505 dimisit.
608 3439 681 3523 ipse
703 3446 812 3504 tamen
835 3439 1032 3521 Ambiorigis
1055 3440 1146 3520 fines,
1171 3438 1225 3524 qui

69 3550 104 3611 tot
121 3548 204 3614 bella
225 3550 432 3629 excitauerat,
455 3547 618 3614 horrenda
639 3547 805 3614 hominum
829 3556 936 3633 strage
958 3550 1112 3616 uastauit.

134 3659 177 3723 At
197 3678 276 3724 uero
298 3659 400 3725 Gaius
423 3657 579 3725 Caninius
607 3659 733 3741 legatus
756 3660 875 3725 bellum
898 3659 985 3744 apud
1006 3660 1158 3726 Pictones
1181 3661 1227 3724 iu·
1240 3656 1380 3720 XXVIII

61 3768 148 3852 uenit,
172 3768 228 3833 ubi
249 3789 369 3851 magna
390 3768 531 3835 hostium
546 3768 716 3833 multitudo
731 3769 920 3854 impeditam
935 3770 1051 3835 itInere
1066 3770 1226 3852 legionem

58 3877 263 3944 circumdedit
298 3887 395 3962 atque
433 3877 476 3942 ad
511 3884 690 3944 extremum
727 3878 899 3945 discrimen
935 3877 1079 3942 adduxit.
1131 3898 1226 3962 porro

16 3995 159 4054 aarum
180 3987 304 4054 Fabius
327 3988 453 4071 legatus
476 3989 618 4072 acceptis
634 3987 764 4052 Ganinii
785 3989 902 4054 litteris
926 3989 960 4052 in
982 3988 1133 4052 Pictones
1156 4007 1227 4070 pro-

51 4098 203 4165 ficiscitur
233 4097 344 4182 ibique
377 4119 398 4162 a
427 4098 565 4182 captiuis
599 4097 639 4162 de
671 4098 909 4183 opportunitate
941 4098 1081 4161 Iocorum
1111 4096 1227 4160 certior

117 4410 348 4466 talmuerantD
416 4409 690 4479 tuergmgetonxll
743 4409 916 4464 tuoluntate
935 4410 961 4463 Ι)
1013 4391 1185 4478 tahquddru
1199 4409 1227 4465 b

48 4511 79 4561 to
96 4503 303 4574 Bellouang
369 4504 498 4572 opimone
515 4503 542 4558 Ι)
627 4501 1226 4570 11luohorrendolduceI),hrhorrendo

45 4597 116 4654 duce
135 4596 169 4663 Ρ,
186 4596 291 4653 mend
310 4612 349 4651 cx
368 4594 463 4651 Orosio
483 4595 615 4651 crotous
704 4601 743 4651 12.
765 4601 794 4651 13
815 4596 919 4650 saletos·
932 4595 1089 4650 uchocatlel
1108 4593 1165 4660 BP,
1183 4610 1226 4649 sa-

44 4691 116 4747 Iatos
133 4691 310 4746 belliocasses
328 4688 388 4745 cod.
407 4687 517 4744 Pitheci
595 4693 625 4743 13
643 4687 849 4758 atreuatalq.ll
920 4692 950 4741 16
968 4694 1046 4742 erant
1063 4687 1090 4742 b
1146 4703 1226 4757 opor-

44 4783 187 4840 tunumI)
259 4786 289 4838 19
307 4780 453 4838 IuidemI)
522 4786 554 4836 ta
573 4782 698 4851 abrorrgrl
714 4781 741 4837 1>
810 4787 840 4836 at
864 4779 1091 4851 oportumtateI)
