2834 5394
154 263 215 323 546
621 273 713 320 nram
735 273 839 321 xxnu

153 447 223 492 enm
246 426 448 490 multitudine
470 427 613 508 gentium
637 425 787 509 apparuit
808 425 945 491 ueniens
973 426 1193 511 ineuntesque
1218 428 1352 494 bellum

153 536 324 603 eoneidunt
346 536 466 602 diutius
483 535 515 600 in
532 536 644 615 uicem,
667 553 778 599 uerum
794 536 936 601 'l‘elctzis
955 544 1047 619 terga
1062 544 1199 603 uertens
1215 539 1352 623 effugit.

152 668 247 734 porro
269 667 379 732 pugna
400 647 502 711 tenuit
530 645 571 709 ab
600 644 681 709 hora
709 646 823 729 quinta
850 666 952 727 usque
981 645 1024 711 ad
1053 649 1292 731 uespertinam
1316 661 1350 715 et

152 758 374 824 multitudines
398 757 572 839 Bulgarum
595 775 787 822 numerosae
809 765 997 841 peremptae
1019 764 1104 838 sunt,
1136 759 1238 822 multi
1266 780 1349 826 uere

153 889 193 936 ex
215 870 263 935 eis
286 867 370 953 capti
395 868 549 951 multique
570 868 756 950 imperatori
780 865 902 931 subditi
924 868 999 932 sacti
1023 876 1106 934 sunt.
1364 884 1380 932 5

5 974 135 1041 XXXII
241 980 300 1045 Ast
322 979 495 1062 imperator
517 977 651 1043 huiusce
673 975 759 1041 nrodi
782 979 886 1044 elatus
901 979 1038 1043 uictoria
1053 979 1243 1064 publicauit
1258 978 1348 1046 hane

153 1110 260 1155 eoram
283 1088 362 1154 nrbe
384 1108 455 1152 cum
483 1087 676 1154 exercitibus
708 1088 874 1171 ingressus
902 1097 1045 1154 armatus
1075 1098 1107 1155 et
1136 1089 1302 1157 laudibus
1324 1112 1346 1156 a

154 1198 302 1285 plebibus
335 1198 552 1265 celeberrimis
580 1198 780 1279 diffamatus,
814 1206 846 1264 et
875 1199 1110 1283 xylopanduris
1138 1201 1344 1268 constrictos

153 1309 286 1376 trahens
309 1309 465 1393 Bulgares
487 1315 614 1393 eaptos,
644 1330 724 1391 quos
747 1316 838 1373 extra
859 1316 987 1393 portam
1009 1309 1152 1375 Auream
1175 1310 1340 1379 decollari

153 1421 318 1505 praecepit
340 1440 360 1484 a
381 1419 516 1485 eiuibus.
560 1419 707 1484 Teletzin
730 1438 807 1484 uero
828 1420 1059 1485 tumultuantes
1081 1421 1248 1504 Bnlgares
1273 1445 1341 1489 una
1359 1431 1386 1480 ¹⁰

153 1550 225 1595 eum
253 1528 451 1615 principibus
486 1529 556 1594 eius
583 1528 811 1594 interfecerunt
844 1536 876 1594 et
907 1531 1140 1596 constit-nerunt
1173 1532 1340 1598 Sabinum

152 1660 306 1725 generum
329 1639 487 1706 Comersii
509 1639 671 1721 quondam
694 1638 814 1704 domini
839 1640 898 1706 sui.
934 1641 987 1723 qui
1011 1641 1163 1705 uidelicet
1186 1641 1338 1710 Sabinus

154 1770 225 1816 eum
247 1771 322 1817 mox
343 1750 385 1815 ml
409 1751 633 1834 imperatorem
656 1749 799 1815 misisset
826 1756 859 1815 et
885 1770 998 1834 pacem
1021 1751 1089 1816 fieri
1121 1753 1338 1834 exquisisset,

154 1868 313 1928 conuentu
335 1860 492 1942 Bulgares
514 1859 598 1924 teoto
620 1860 807 1925 restiterunt
828 1859 958 1925 robuste
981 1860 1104 1925 Sabino
1127 1860 1279 1930 dicentes
1304 1864 1335 1927 ei

155 1971 318 2055 ‘Balgaria
339 1990 396 2055 per
418 1976 449 2035 te
471 1977 505 2035 nt
526 1969 686 2038 cernimus
709 1969 873 2053 redigetur
895 1971 929 2034 in
952 1971 1138 2036 seruitutem
1154 1972 1338 2039 Rornanis.’
1355 1981 1383 2030 1⁵

154 2082 302 2164 laetaque
324 2081 484 2146 simultate
505 2081 587 2164 fugit
608 2080 750 2147 Sabinus
772 2080 806 2145 in
828 2086 968 2146 castrum
988 2080 1203 2146 Mesembriae
1235 2091 1270 2149 et
1291 2085 1335 2151 ad

154 2192 378 2276 imperatorem
402 2210 437 2256 se
459 2192 601 2272 contulit,
631 2197 812 2257 statuerunt
833 2196 941 2256 autem
961 2192 1119 2276 Bnlgares
1142 2192 1244 2257 alium
1269 2195 1336 2261 sibi

153 2301 317 2368 dominum
339 2301 504 2384 Paganum
528 2301 666 2367 nomine.

5 2409 152 2477 XXXIlI
237 2411 330 2477 Anno
346 2411 472 2494 imperii
489 2409 695 2477 Constantini
709 2409 863 2476 uieesimo
889 2409 983 2474 tertio
999 2412 1093 2475 anei
1109 2431 1187 2476 nero
1202 2414 1334 2496 egressi

155 2530 230 2592 sunt
251 2544 272 2587 a
287 2521 415 2606 Caspiis
438 2522 538 2604 portis
560 2528 592 2588 ot
606 2521 791 2587 oeciderunt
804 2519 839 2586 in
854 2521 1011 2586 Armenia
1025 2522 1142 2587 multos
1157 2528 1190 2587 et
1204 2523 1335 2604 praeda
1350 2529 1385 2578 ²0

154 2641 283 2719 sumpta
305 2654 368 2697 non
390 2652 495 2716 pauca
516 2632 637 2697 reuersi
661 2638 743 2697 sunt.
788 2629 923 2697 Cosmas
953 2637 1061 2698 antem
1094 2632 1226 2717 quidam
1261 2635 1335 2719 epi-

154 2764 271 2828 seopus
288 2750 356 2807 crat
372 2741 587 2826 Epiphaniae,
612 2749 761 2826 quaeest
783 2741 899 2807 oiuites
915 2742 1074 2827 Apamiae
1089 2744 1213 2827 Syriae,
1231 2763 1333 2828 porro

154 2853 347 2939 quibusdam
376 2873 416 2918 en
445 2852 570 2918 ciuibus
591 2851 794 2938 Epiphaniae
816 2848 859 2916 ad
880 2852 1085 2919 Theodorum
1108 2853 1332 2936 patriarcham

154 2963 389 3030 Antiochenam
412 2964 651 3029 aecusationem
679 2970 791 3028 eontra
818 2963 956 3030 eundem
980 2962 1129 3029 Cosmam
1160 2983 1258 3048 super
1281 2965 1335 3030 di·

154 3077 331 3142 minutione
359 3094 523 3141 sacrorum
551 3093 703 3140 uasorum
730 3074 921 3141 iacientibus
944 3094 1015 3138 enm
1042 3075 1097 3137 ille
1119 3074 1252 3141 minime
1275 3098 1334 3160 po·
1352 3095 1384 3146 ns

154 3187 270 3253 luisset
292 3185 372 3250 baec
394 3187 577 3261 restituere,
601 3182 750 3250 discessit
778 3186 820 3250 ab
848 3184 1027 3251 orthodoxa
1048 3184 1112 3250 tide
1134 3205 1172 3250 eo
1195 3208 1334 3256 eonsen-

154 3304 270 3363 tanens
299 3296 510 3362 Constantino
543 3296 576 3361 in
608 3295 735 3363 haeresi
769 3296 871 3364 saeris
900 3298 1091 3363 aduersatus
1120 3299 1333 3387 imaginibus,

157 3429 252 3493 quern
276 3407 436 3473 communi
461 3407 621 3473 sententia
635 3406 826 3473 Theodorus
839 3407 1064 3474 Antioeberms
1087 3410 1275 3495 patriarcha
1297 3421 1333 3479 et

154 3519 343 3587 Theodorus
364 3518 678 3602 Hierosolymitanus
709 3525 806 3603 atque
828 3518 964 3587 Cosmas
986 3520 1227 3587 Alexandrinus
1256 3542 1333 3588 enm

155 3632 316 3718 episcopis
338 3629 400 3697 sibi
423 3628 576 3696 subiectis
601 3629 654 3695 die
683 3638 813 3696 sanetae
835 3633 1041 3698 Pentecostes
1063 3639 1136 3717 post
1157 3632 1331 3697 lectionem
1351 3658 1385 3707 30

155 3744 258 3810 saneti
281 3740 443 3823 euangelii
465 3748 679 3806 consonanter
700 3742 1056 3808 anathematizauerunt
1077 3743 1195 3825 singuli
1218 3743 1252 3807 in
1268 3764 1331 3808 sua

154 3854 291 3919 ciuitate.

157 4008 378 4018 -..--..--....--.
394 4007 426 4013 ...-
439 4006 459 4012 ,-

223 4107 422 4199 luulgardl)
502 4130 686 4199 bpnpbeamt
704 4132 730 4186 D
798 4134 900 4188 Semlo
919 4133 1048 4202 pandunt
1062 4134 1088 4188 Ι)
1174 4130 1233 4179 9⁸³
1253 4129 1283 4177 ¹0
1302 4133 1329 4180 el

157 4229 188 4279 lt
207 4231 233 4279 et
255 4230 282 4277 17
303 4222 467 4293 uulgarell)
578 4229 607 4278 ll
627 4227 799 4279 restituerunt
816 4225 843 4279 D
946 4230 976 4277 15
996 4218 1164 4292 uulgarraI)
1249 4221 1281 4270 22
1301 4227 1328 4271 el

155 4319 187 4368 23
206 4317 355 4386 epypbame
376 4313 402 4367 D
496 4318 528 4369 24
547 4297 634 4372 eundd
652 4317 679 4371 Ι)
781 4324 811 4372 2ῖ
833 4319 907 4370 lacre
925 4316 1080 4371 aduerlaD
1182 4328 1214 4377 29
1231 4302 1325 4375 mro-111-

155 4408 276 4461 tanulll
337 4414 367 4463 31
389 4408 585 4464 constanterD
637 4390 683 4465 lu'a
708 4393 817 4466 crmtet'e
840 4409 867 4463 1)
