2834 5394
539 639 613 688 ess.
635 640 868 687 xxvia-xxxi
1226 626 1289 689 263

154 796 193 856 tus
208 790 308 858 luisset
328 789 447 857 officia
489 790 533 857 ad
556 791 761 858 seueritatem
783 799 851 857 tuin
873 792 1066 876 propensior
1094 793 1124 859 si
1148 792 1291 877 suspicio

154 900 249 984 imperii
268 907 458 984 moueretur,
491 902 579 969 initis
606 903 691 969 alius
711 900 808 983 <felix
829 902 925 969 bellis
953 903 1114 984 ciuilibus,
1148 903 1290 971 externis

152 1008 338 1094 lacrimabilis,
359 1011 461 1078 mirus
482 1011 600 1077 artifex
620 1012 655 1078 iii
678 1012 816 1096 sagittis,
838 1034 859 1078 a
881 1012 953 1078 cibo
974 1014 1116 1096 uinoque
1132 1020 1164 1079 et
1178 1033 1292 1080 somno

151 1120 253 1186 nultum
272 1127 469 1206 temperans,
505 1123 634 1206 patiens
656 1122 788 1204 laboris,
820 1122 993 1188 facundiae
1014 1122 1161 1207 cupidus,
1195 1143 1292 1206 quani

126 1242 204 1295 scum
219 1232 345 1315 assequi
367 1231 520 1298 tarditate
541 1233 665 1316 ingenii
687 1253 752 1298 non
774 1241 892 1318 posset,
922 1233 998 1300 aliis
1020 1231 1197 1314 inuidebat,
1220 1253 1292 1317 spa·

151 1337 240 1405 donum
266 1341 509 1426 aulicorumque
536 1343 639 1408 amori
669 1342 799 1411 deditus
821 1350 853 1408 et
874 1362 1010 1408 uxorum
1032 1343 1150 1426 quibus
1164 1349 1293 1433 conteu-

149 1454 188 1515 tu
207 1451 291 1516 nulla
318 1451 456 1517 libidine
482 1459 672 1519 transuersa
692 1460 749 1518 aut
769 1453 891 1519 iniusta
912 1453 1127 1537 polluebatur.
1171 1451 1230 1520 sed
1254 1471 1293 1518 ex

148 1559 309 1644 mmugibus
331 1581 414 1646 quas
436 1562 593 1646 plurimas
616 1563 748 1630 sortitus
770 1570 828 1645 est,
852 1563 1025 1647 praecipue
1047 1563 1223 1630 Eusebium
1248 1562 1294 1629 di·

150 1667 216 1751 lenit,
233 1670 382 1737 decoram
404 1671 535 1756 quidem
556 1691 668 1738 uerum
690 1691 749 1757 per
769 1672 983 1739 Adamantius
1007 1680 1039 1738 et
1054 1674 1236 1757 Gorgonius
1261 1680 1311 1765 et·

111 1785 136 1834 ¹⁰
149 1776 200 1843 alia
215 1780 392 1866 importuna
413 1782 593 1848 ministeria
614 1789 786 1847 nexantem
815 1784 936 1849 famam
964 1782 1027 1847 uiri
1056 1790 1168 1849 eontra
1196 1804 1293 1867 quum

150 1886 249 1957 feminis
270 1890 519 1958 modestioribus
541 1910 611 1958 mos
634 1899 693 1974 est,
723 1913 859 1976 quarum
882 1911 981 1977 saepe
1002 1900 1178 1976 praecepta
1198 1894 1294 1958 inuri·

149 2001 188 2062 tos
203 1999 314 2067 iuuant.
358 2020 499 2084 numque
526 2008 562 2066 ut
589 2009 714 2069 ceteras
736 2003 890 2082 omittam,
919 2003 1076 2086 Pompeia
1097 2002 1226 2067 Plotina
1248 2002 1295 2067 in-

151 2106 275 2176 credibile
305 2110 395 2176 dictu
426 2119 475 2177 est
506 2119 662 2196 quantum
694 2114 821 2178 auxerit
852 2113 989 2194 glorium
1023 2112 1167 2193 Traiani,
1204 2112 1295 2179 cuius

151 2227 345 2296 procuratores
368 2240 439 2285 cum
462 2221 647 2305 prouincias
668 2222 840 2289 calumniis
861 2223 1024 2305 agitarent
1051 2221 1134 2288 adeo
1156 2228 1192 2287 ut
1212 2242 1296 2288 unus

115 2333 140 2383 tt
154 2340 185 2389 ci
198 2325 239 2397 his
260 2330 422 2396 diceretur
443 2331 648 2416 locupletium
672 2351 830 2415 quemque
853 2332 899 2396 itu
920 2333 1094 2398 conuenire
1117 2330 1227 2416 ‘quare
1241 2331 1297 2397 bu·

154 2430 218 2502 cest
255 2441 339 2506 alter
362 2439 457 2505 ‘unde
479 2438 612 2507 habes‘l’
654 2442 768 2508 tertius
792 2440 886 2526 ‘pone
908 2441 994 2525 quod
1016 2442 1125 2508 hubes'
1147 2442 1206 2507 illu
1220 2461 1294 2507 eon·

151 2539 230 2626 iugem
251 2550 405 2634 corripuit
434 2557 531 2633 utque
560 2550 732 2636 increpans
761 2551 847 2634 quod
868 2551 976 2618 laudis
998 2571 1077 2617 suae
1099 2560 1187 2618 esset
1208 2553 1296 2617 ineu·

150 2651 237 2741 dctus,
257 2661 357 2726 talem
379 2659 519 2725 reddidit
541 2668 657 2744 postea
677 2670 712 2725 ut
733 2662 919 2728 exactiones
941 2662 1107 2745 improbas
1128 2661 1294 2728 detestans

150 2758 233 2832 lscun
260 2770 379 2836 lienem
408 2777 539 2836 uocaret
566 2770 652 2852 quod
681 2790 719 2836 eo
748 2779 911 2838 crescente
939 2772 1055 2854 reliqui
1086 2777 1177 2836 artus
1208 2771 1295 2835 tabe·

115 2877 227 2942 aiunt,

212 2988 308 3071 Igitur
330 2987 478 3054 defuncto
495 2987 683 3055 Constantio
704 2991 850 3057 Iulianus
871 2992 936 3056 iam
958 2989 1103 3055 'flii-acas
1125 2989 1293 3073 optinebat
1310 2985 1363 3051 X·
1388 2989 1397 3044 Σ

153 3097 250 3162 ctiion
281 3100 381 3164 multo
413 3108 487 3183 post
517 3098 828 3185 Constantinopolim
863 3102 998 3166 ueniens
1031 3100 1213 3184 appellatus
1248 3106 1299 3165 est

154 3198 298 3286 tunsus.
349 3209 473 3274 interea
509 3229 580 3273 cuin
618 3210 930 3295 Constantinopolim
969 3211 1084 3276 fuisset
1120 3209 1297 3292 ingressus,

154 3317 233 3398 coepit
252 3319 394 3402 cogitare
416 3338 511 3404 quem
534 3320 576 3384 ud
598 3320 726 3384 niodum
755 3321 819 3386 sibi
847 3322 1001 3405 populum
1030 3320 1235 3403 complacaret
1266 3325 1299 3383 et

117 3426 402 3493 cumulatiorem
426 3428 579 3495 decenter
601 3430 796 3513 adquireret.
821 3430 905 3513 quod
929 3430 990 3494 hac
1012 3436 1081 3495 arte
1104 3429 1187 3493 fecit.
1217 3428 1300 3494 bene

155 3545 265 3621 uanique
288 3539 413 3604 sciebat
434 3539 658 3605 Constantium
687 3540 728 3604 ab
751 3541 900 3607 omnibus
923 3540 1052 3625 populis
1081 3559 1199 3604 nornen
1226 3558 1300 3603 oon·

155 3640 410 3714 substantialitatis
426 3650 695 3733 amplectentibus
706 3650 799 3730 odiri,
822 3651 862 3715 ob
886 3671 983 3733 quum
1005 3670 1072 3716 rem
1095 3649 1137 3714 ab
1151 3648 1299 3716 ecclesiis

155 3747 318 3824 uidebantur
339 3759 461 3824 exclusi
484 3767 516 3825 et
536 3760 681 3844 episcopi
704 3760 867 3826 confiscati
896 3760 1058 3844 exilioque
1088 3759 1213 3825 directi.
1256 3759 1299 3825 si·

166 3906 428 3929 x*—

203 4023 302 4090 t—ttu,
314 4029 345 4078 19
363 4024 455 4094 <)1).·
474 4023 497 4077 ab
515 4026 591 4079 euius
606 4043 633 4079 in
652 4028 774 4082 ciuilibnf
790 4029 881 4096 matgit'
899 4042 978 4096 quum
997 4043 1025 4079 in
1043 4026 1160 4079 externit
1175 4024 1252 4078 bellis
1270 4025 1301 4077 tit

154 4100 268 4183 brunin
284 4118 413 4171 fortuna·
436 4117 506 4171 Hine
525 4119 643 4173 iulianuf
665 4136 755 4175 rerum
770 4123 774 4188 1
790 4123 891 4189 potitus
907 4121 945 4176 eit
968 4128 1121 4189 ingentique
1146 4121 1302 4186 apparatus

155 4196 203 4263 *silli
215 4222 263 4276 mit
285 4210 392 4280 parthis
405 4211 496 4263 intuht
513 4211 612 4265 bellum
629 4238 634 4249 ·
653 4228 697 4267 eui
714 4215 877 4283 expeditioni
893 4216 897 4284 Ι
913 4229 961 4283 ego
980 4228 1086 4282 quoque
1103 4209 1233 4265 interfui·
1252 4209 1301 4264 ali-

154 4300 203 4356 llll
215 4304 307 4373 oppida
322 4306 327 4373 Ι
342 4303 366 4357 u
385 4303 494 4358 castella
511 4305 648 4371 persarum
670 4321 698 4359 iii
715 4307 878 4361 deditionem
896 4309 1009 4375 uocctpit
1020 4332 1025 4341 ·
1037 4306 1095 4359 nol·
1107 4320 1148 4357 ui·
1161 4318 1301 4371 oppugna-

154 4388 368 4466 aucupumque
383 4397 388 4466 l
403 4397 549 4465 populatus
564 4398 652 4451 ouftru
676 4401 750 4468 apud
773 4399 923 4453 tesifontem
953 4400 1059 4467 frutiluu
1077 4395 1234 4465 aliquandiu
1252 4396 1301 4449 ha-

155 4470 381 4559 intimaremus
397 4491 494 4555 uiottoi·
517 4489 580 4543 dum
601 4491 626 4544 fc
645 4494 809 4547 inconsultus
824 4493 931 4561 proclus
946 4493 1049 4545 inferit·
1081 4493 1086 4558 t
1109 4490 1197 4544 hoftili
1221 4504 1303 4542 munii

155 4574 284 4638 11¹lt'rfcetuf
300 4584 338 4638 eft
372 4604 406 4634 ss
424 4583 489 4652 isai!
507 4583 556 4644 adt
584 4587 656 4641 sexto
673 4589 677 4655 Ι
692 4585 822 4639 kalendas
837 4584 935 4638 iulias·
952 4598 1056 4653 imperii
1074 4599 1145 4637 anno
1165 4584 1276 4650 septimo
1296 4581 1300 4649 Ι

155 4674 216 4735 tlibi
228 4685 307 4739 altero
326 4684 512 4738 camerano·
525 4688 606 4750 atque
624 4686 693 4733 inter
708 4686 711 4745 1
727 4679 804 4732 diuof
820 4677 920 4731 relatui
935 4678 973 4731 eft
987 4676 1026 4731 ·B
1113 4680 1144 4729 12
1162 4676 1258 4730 iubant
1275 4674 1301 4728 f)

155 4772 279 4832 oeltrofll
350 4781 381 4831 18
398 4784 429 4832 ut
446 4778 474 4830 iii
489 4777 546 4845 fine
564 4777 608 4829 liii.
627 4772 724 4827 ocal)
792 4775 824 4824 ti
849 4771 965 4839 ccpitf)
1025 4768 1217 4839 qucumocul)
