3284 5078
278 293 340 356 298
771 308 863 354 uruat
886 307 950 356 xm

279 460 415 526 sentiam
439 465 471 524 et
493 466 603 524 contra
627 456 722 524 deum
745 459 895 526 uesaniro
918 457 1147 541 Theodosium,
1170 458 1303 542 eiusque
1325 459 1451 525 calcare

278 571 377 654 leges.
421 587 531 633 uerum
552 568 727 651 imperator
749 567 831 634 ‘non'
857 569 962 654 inquit
991 569 1131 652 ‘insurgo
1162 567 1320 636 aduersus
1349 570 1451 636 acole-

277 679 426 746 siastioas
449 679 634 746 sanctiones
657 697 717 742 neo
738 677 847 762 inique
877 679 1004 762 ingredi
1031 680 1145 745 limina
1173 697 1267 746 sacra
1291 678 1450 744 contendo

277 789 335 856 sed
358 797 390 854 te
419 789 546 855 soluere
574 807 648 853 mea
675 787 805 852 uincula
832 788 972 872 deposoo
994 795 1028 855 et
1048 787 1226 855 eommunis
1249 787 1370 854 domini
1391 809 1450 873 pro

277 919 329 964 me
352 918 487 965 exorare
508 897 710 964 clementiam
734 916 794 964 nec
815 898 894 963 mihi
915 899 1045 965 ianuam
1074 897 1180 962 claudi
1202 918 1299 981 quarn
1327 900 1484 964 cunctiso

278 1007 511 1093 paenitentiam
534 1007 703 1092 agentibus
726 1008 875 1076 dominus
897 1016 1007 1076 noster
1028 1009 1172 1092 aperuit!
1215 1017 1290 1074 tuuc
1313 1009 1450 1076 antistes

278 1119 391 1203 ‘quam’
413 1119 516 1202 inquit
539 1117 779 1201 ‘paenitentiam
808 1119 977 1185 ostendisti
1005 1127 1080 1202 post
1106 1126 1214 1186 antas
1240 1119 1450 1204 iniquitates?

279 1229 395 1314 quibus
423 1226 688 1294 medicaminibus
717 1227 908 1294 incurabilia
935 1231 1070 1294 uulnera
1098 1231 1276 1314 plagasque
1299 1229 1450 1296 curastii’

197 1341 259 1406 Vll
280 1347 314 1404 at
341 1340 515 1422 imperator
543 1336 655 1402 ‘tuum'
676 1339 779 1421 inquit
811 1343 902 1421 ‘opus
934 1347 983 1404 est
1012 1339 1147 1405 edocere
1176 1346 1208 1404 ot
1236 1338 1451 1406 medicamina

275 1457 465 1532 temperare,
489 1467 594 1513 meum
616 1467 694 1514 uero
718 1449 827 1514 oblata
848 1449 1030 1533 suscipere!
1073 1456 1148 1514 tunc
1170 1455 1300 1515 sanctus
1315 1449 1451 1514 Ambra·
1475 1460 1507 1510 to

277 1560 345 1626 sius
369 1557 531 1642 ‘quoniam
555 1556 660 1622 furori’
682 1557 785 1641 inquit
808 1564 906 1624 ‘tuum
927 1559 1079 1624 iudicium
1107 1559 1296 1626 commisisti
1325 1567 1358 1624 et
1385 1579 1450 1625 uon

277 1670 359 1734 ratio
392 1668 524 1751 protulit
553 1667 745 1733 sententiam
775 1667 833 1734 sed
862 1671 969 1751 potius
996 1668 1173 1750 iracundia,
1211 1668 1316 1735 scribe
1345 1668 1451 1753 legem

277 1799 360 1863 quae
381 1780 487 1860 legem
510 1777 626 1842 lurom’s
648 1783 782 1842 euacuet
809 1785 841 1844 ot
868 1780 1001 1863 triginta
1028 1778 1142 1846 diebus
1171 1779 1332 1846 sententia
1360 1778 1450 1844 necis

276 1897 372 1970 atque
393 1887 636 1970 proscriptionis
658 1886 691 1950 in
713 1887 828 1954 litteris
850 1895 974 1954 tanturn
996 1889 1092 1954 modo
1107 1895 1237 1954 maneat
1251 1897 1283 1954 et
1297 1887 1449 1954 iudicium

276 1998 410 2064 rationis
440 2003 596 2078 expectet.
641 1995 756 2078 quibus
784 2000 956 2065 transactis
984 1999 1099 2065 diebus
1127 1999 1177 2064 ira
1205 1999 1356 2066 uidelicet
1383 2000 1449 2062 iam
1467 2005 1498 2055 ¹⁵

277 2115 426 2174 cessante
448 2106 529 2169 ratio
552 2125 681 2172 causam
703 2105 850 2174 iudicans
871 2108 959 2193 apud
981 2115 1084 2174 semet
1097 2109 1212 2191 ipsam,
1235 2128 1318 2192 quae
1331 2128 1450 2193 eogno-

277 2218 359 2283 uerit
381 2216 441 2284 sub
463 2214 598 2280 ueritate
619 2215 780 2297 disponat.
822 2216 857 2282 in
886 2219 936 2284 bis
964 2219 1050 2284 enim
1072 2218 1186 2284 diebus
1210 2219 1393 2302 agnoscitur
1415 2225 1450 2284 ut

278 2330 364 2394 iusta
385 2327 428 2393 sit
449 2345 546 2410 quam
567 2326 739 2409 protuleris
769 2333 825 2391 aut
847 2326 968 2393 iniusta
998 2328 1168 2394 sententia.
1213 2336 1246 2393 et
1267 2329 1295 2394 si
1317 2327 1449 2411 quidem

277 2438 358 2503 ratio
381 2434 568 2522 probauerit
590 2435 720 2517 iniusta,
746 2457 830 2520 quae
853 2444 928 2502 suut
949 2438 1078 2522 prolata
1106 2437 1294 2522 disrumpet,
1318 2438 1347 2503 si
1370 2456 1448 2504 uero

276 2550 372 2629 iusta,
405 2545 555 2612 firmabit.
599 2545 723 2629 dierum
757 2566 835 2612 uero
867 2566 1019 2613 numerus
1052 2547 1095 2612 ad
1128 2547 1210 2614 lraoc
1231 2546 1449 2613 examinanda
1465 2556 1499 2607 2ο

279 2657 433 2725 sufficiet.²
476 2656 562 2720 hano
584 2655 835 2722 admonitionem
859 2658 1034 2741 imperator
1055 2657 1193 2724 libenter
1215 2658 1396 2742 suscipiens
1418 2665 1450 2722 et

278 2769 430 2853 optimam
454 2783 526 2830 esse
549 2764 723 2848 conlidens,
746 2765 853 2849 legem
885 2767 1043 2832 conscribi
1071 2774 1202 2851 repente
1230 2767 1451 2852 praecepitei

279 2877 429 2962 propriae
451 2893 565 2940 manus
588 2873 704 2940 litteris
726 2875 938 2940 confirmauit.
982 2896 1045 2960 quo
1072 2876 1157 2942 tacto
1187 2877 1348 2942 uinculum
1378 2878 1450 2943 eius

278 2987 374 3055 soluit
401 2984 602 3050 Ambrosius.
646 3003 729 3067 quae
761 2985 814 3050 lex
848 2985 1003 3052 hactonus
1037 2986 1237 3053 obseruatur.
1282 2995 1332 3053 est
1364 2988 1449 3051 euim

277 3099 373 3163 huius
401 3094 488 3160 modi
517 3093 737 3180 ‘imperatores
766 3091 941 3162 Gratianus
971 3096 1218 3163 Valentinianus
1246 3095 1450 3163 Theodosius
1467 3109 1501 3160 25

278 3205 416 3290 Augusti
438 3203 595 3268 Flauiano
625 3204 788 3287 praefecto
810 3205 972 3287 praetorio
994 3205 1124 3289 lllyrici.
1170 3207 1198 3273 si
1228 3205 1386 3273 uindicari
1414 3207 1450 3271 in

278 3317 404 3398 aliquos
427 3313 573 3379 seuerius
595 3320 707 3378 contra
728 3321 872 3379 nostram
895 3315 1159 3382 consuetudinem
1182 3337 1240 3400 pro
1263 3335 1382 3382 causae
1403 3317 1450 3381 in-

276 3426 358 3492 tuitu
379 3423 578 3505 iusserimus,
616 3423 766 3491 nolumus
795 3426 903 3490 statim
934 3445 990 3492 eos
1019 3432 1074 3490 aut
1103 3426 1211 3492 subire
1233 3446 1371 3510 poenam
1395 3433 1451 3492 aut

280 3537 430 3621 excipere
453 3533 647 3600 sententiam
669 3533 727 3598 sed
749 3554 808 3618 per·
829 3534 900 3600 dies
922 3535 1056 3618 triginta
1078 3555 1175 3621 super
1198 3543 1317 3604 statuta
1339 3557 1450 3603 eorum

278 3668 348 3715 sors
371 3652 403 3710 et
424 3645 553 3710 iortuna
574 3663 734 3727 suspensa
756 3644 806 3709 sit.
851 3664 923 3710 reos
946 3664 1026 3711 sane
1048 3647 1209 3731 accipiant
1230 3647 1338 3712 uincla
1353 3655 1450 3731 atque
1467 3663 1501 3714 eo

278 3754 425 3824 custodia
445 3759 477 3818 et
498 3752 643 3818 excubiis
667 3753 851 3821 sollertibus
875 3755 1047 3838 uigilantes
1068 3757 1298 3822 obseruanturl

177 3872 254 3938 VIII
366 3865 420 3931 Sic
441 3864 538 3946 igitur
560 3863 798 3929 sacratissimus
820 3864 995 3949 imperator
1023 3865 1150 3949 ingredi
1178 3867 1291 3932 limina
1319 3887 1451 3951 praesu-

278 3998 379 4058 mens,
415 3993 480 4039 nou
511 3979 602 4038 stans
631 3973 761 4038 domino
791 3974 988 4058 supplicauit
1015 3995 1119 4060 neque
1145 3995 1253 4060 genua
1280 3975 1370 4042 flexit
1392 3975 1451 4042 sed

345 4257 404 4306 bct
426 4259 450 4306 ll
473 4252 612 4322 mqurdl)
682 4258 713 4308 14
732 4260 858 4307 maneant
875 4254 902 4309 Ι)
955 4259 986 4307 19
1005 4254 1188 4325 drtrnmprtll
1238 4261 1272 4311 20
1290 4256 1408 4311 iri-maort
1426 4257 1453 4312 D

277 4348 307 4398 21
328 4346 541 4401 amonrtroneD
644 4351 676 4400 22
694 4347 760 4400 ellel
780 4347 819 4400 0⁴
932 4351 965 4400 24
989 4350 1100 4402 actenut
1116 4349 1143 4404 D
1245 4353 1277 4405 26
1302 4350 1398 4420 yllmcr
1426 4350 1453 4406 D

278 4442 311 4492 28
330 4438 443 4506 penul)
511 4443 541 4492 31
562 4437 748 4494 obseruantll
