2834 5394
564 658 637 708 css.
660 659 831 706 svm-xx
1220 644 1281 704 :tot

194 808 291 875 Anno
312 828 352 875 ac
372 809 452 875 urbs
480 811 610 876 condita
636 811 807 878 millesimo
835 811 1010 877 centesimo
1033 808 1283 893 quadragesimo
1305 798 1417 866 XVII*

88 935 197 985 nono
218 918 379 987 Arcadius
406 922 572 1005 Augustus
601 922 635 986 iu
663 923 796 1000 oriente,
832 920 993 987 Honorius
1022 920 1121 984 trater
1149 917 1220 986 eius
1249 918 1284 983 in

100 1029 279 1097 occidente
301 1030 549 1115 quadragesimo
572 1038 663 1097 sexto
686 1033 755 1097 loco
778 1029 837 1114 <ab
852 1029 1015 1115 Augusto>
1037 1048 1205 1094 commune
1226 1028 1283 1092 im·

105 1140 238 1225 perium
260 1140 375 1208 diuisis
397 1148 521 1206 tautum
544 1142 675 1208 sedibus
690 1148 801 1207 tenere
815 1148 998 1226 coeperunt.
1043 1160 1177 1224 quorum
1192 1145 1286 1222 pater

73 1248 223 1318 leucam
244 1251 324 1317 uiris
344 1252 577 1335 potentissimis
599 1251 770 1317 mandarat
792 1252 912 1319 habere
935 1251 969 1317 id
990 1262 1039 1317 cst
1052 1250 1168 1315 Rufino
1183 1247 1286 1313 orion-

111 1363 186 1429 talis
208 1362 305 1427 aulae
327 1360 399 1445 (qui
421 1362 463 1427 ab
486 1363 628 1428 exercitu
649 1362 834 1429 interfectus
865 1370 915 1429 est
936 1361 985 1444 et>
1007 1358 1176 1426 StiHchoni
1204 1357 1286 1422 occi·

111 1470 252 1538 dentalis
274 1471 454 1556 imperium.
497 1468 675 1554 <Honorius
697 1472 806 1557 itaque
828 1472 1009 1557 suscipiens
1032 1469 1207 1535 occidentis
1228 1467 1286 1531 im·

111 1582 236 1667 perium
267 1580 377 1646 ludum
405 1581 631 1665 gladiatorum,
669 1584 723 1667 qui
753 1582 874 1647 dudum
902 1584 1023 1647 Romae
1052 1578 1284 1659 celebrabatur,

113 1691 210 1758 huius
232 1691 319 1757 modi
342 1711 441 1758 causa
455 1693 599 1757 remouit.
644 1692 775 1775 (puidam
791 1691 1020 1757 'telemachius
1037 1689 1283 1755 conuersatione

74 1806 99 1859 ¹⁰
112 1801 303 1868 monachica
329 1822 388 1885 pro
417 1801 478 1865 hac
507 1821 607 1867 carisa
635 1802 677 1867 ab
700 1803 823 1868 oriente
846 1802 934 1867 uenit
955 1804 1099 1866 Romam.
1143 1796 1284 1880 dumque

112 1911 288 1978 uelandum
318 1911 396 1976 illud
427 1914 645 1997 spectaculum
675 1919 824 1995 ageretur
851 1920 884 1977 et
912 1913 982 1995 ipsc
1011 1908 1143 1975 intrauit
1164 1907 1198 1972 in
1221 1914 1284 1971 sta-

113 2021 201 2087 dium
224 2029 257 2087 et
278 2020 481 2087 descendeus
504 2023 667 2087 nitebatur
688 2032 870 2107 pugnantes
898 2020 1073 2086 aduersum
1101 2036 1137 2084 sc
1164 2016 1284 2101 gladiis

112 2151 275 2217 separare.
320 2152 454 2214 cumque
479 2139 676 2216 spectatores
699 2132 872 2199 aduersum
894 2152 968 2197 eum
998 2129 1161 2196 saeuirent
1190 2134 1222 2192 ct
1250 2127 1284 2191 in

112 2242 269 2309 effusione
298 2243 467 2325 sanguinis
494 2250 734 2324 grassarentur,
772 2242 971 2327 prouisorem
1000 2240 1092 2325 pacis
1119 2237 1283 2322 lapidibus

69 2358 98 2408 ¹⁵
113 2351 308 2418 occiderunt.
352 2351 412 2416 hoc
435 2372 615 2434 agnoscens
638 2353 795 2419 mirabilis
818 2353 1002 2437 imperator,
1034 2350 1123 2414 illum
1152 2347 1281 2432 quidem

112 2462 198 2528 inter
221 2463 358 2528 uictores
380 2470 539 2545 martyros
561 2464 751 2545 numerauit,
773 2462 949 2528 nefandum
972 2480 1049 2527 clero
1065 2460 1283 2544 spectaculum

112 2592 247 2657 prorsus
268 2572 416 2638 abscidit.

197 2683 246 2747 Eo
269 2689 412 2766 tempore
434 2682 543 2747 Hunni
565 2690 770 2748 transeuntes
792 2683 935 2748 Histrum
957 2680 1089 2745 fluuium
1111 2677 1282 2742 Thraciam

112 2792 337 2859 deuastabant.
393 2792 537 2858 Isauriae
571 2813 696 2876 quoquc
730 2795 872 2857 latrones
905 2791 1046 2854 maxima
1080 2786 1283 2851 multitudiue

61 2911 97 2963 20
112 2911 309 2987 congregata
338 2923 437 2986 usque
466 2902 508 2966 ad
531 2901 674 2968 Carenos
702 2912 734 2966 et
755 2900 962 2966 Phoenicium
991 2898 1159 2963 uenientes
1186 2893 1283 2960 turbes

114 3022 148 3080 ct
169 3014 259 3080 uicos
281 3013 315 3078 in
338 3012 444 3078 medio
467 3013 589 3096 positos
613 3012 799 3096 depopulati
822 3018 904 3077 sunt.

197 3125 258 3188 Per
279 3123 365 3188 idem
388 3131 513 3206 tempus
528 3122 661 3187 Stilicho
683 3123 837 3207 patricius
861 3120 1015 3204 magister
1037 3137 1197 3182 armorum
1213 3122 1282 3181 crat
1304 3112 1371 3180 XX

112 3233 199 3318 apud
214 3234 400 3314 llonorium,
423 3253 543 3315 magna
565 3233 731 3316 praeditus
753 3239 911 3316 potestate
933 3229 1138 3312 habebatque
1162 3226 1222 3292 sub
1246 3246 1281 3291 sc

112 3346 328 3409 Romanorum
351 3344 506 3427 plurimos
529 3352 624 3426 atque
646 3343 823 3424 gentilium,
848 3341 903 3424 qui
924 3339 1093 3405 contractis
1108 3335 1285 3401 inimicitiis

64 3460 97 3511 25
115 3474 185 3519 cum
202 3453 333 3518 Arcadii
356 3453 491 3518 ducibus
514 3453 677 3535 cogitabat
698 3452 850 3536 congredi
866 3458 977 3515 contra
999 3469 1064 3515 eos.
1109 3453 1183 3512 tunc
1206 3466 1283 3529 crgo

114 3583 217 3647 agens
246 3584 316 3628 cum
340 3564 481 3628 Honorio
504 3564 666 3627 Alaricum
696 3582 804 3646 regem
834 3560 1010 3626 Gothorum
1040 3557 1114 3623 fecit
1141 3554 1284 3620 ordinari

113 3674 302 3757 magistrum
326 3674 460 3738 militum
483 3680 514 3737 ct
537 3674 674 3738 accessit
695 3672 852 3738 aduersus
868 3671 1029 3755 Illyricum
1052 3669 1146 3751 eique
1160 3666 1284 3730 Iouium

113 3786 309 3869 praelectum
349 3783 512 3849 constituit
547 3790 580 3846 ut
615 3803 706 3846 arrrra
734 3790 846 3846 eontra
867 3784 1030 3846 Romanos
1060 3778 1219 3842 attolleret
1246 3797 1284 3840 ac

113 3895 330 3979 prouinciales
353 3894 487 3957 Honorii
512 3893 663 3958 subderet
685 3892 815 3956 dicioni.
853 3899 884 3955 ct
906 3910 977 3954 cum
999 3888 1147 3952 Alaricus
1169 3884 1284 3950 barba-

63 4009 95 4059 30
113 4024 165 4070 ros
188 4005 247 4070 sub
271 4026 306 4069 se
329 4004 517 4069 constitutos
539 4010 571 4067 ct
593 4023 650 4087 pcr
672 4002 852 4067 Daluratias
882 4000 1066 4065 habitantes
1094 4015 1284 4079 congregas·

113 4123 171 4194 set,
201 4115 288 4179 uenit
311 4113 352 4178 ad
375 4113 507 4196 Epirum
532 4113 584 4176 ubi
609 4114 707 4176 multo
731 4121 873 4196 temporo
895 4115 1108 4174 commoratus
1131 4124 1284 4170 reuersus

179 4409 355 4462 ‘larebadrul
373 4407 426 4462 ΒΒ
478 4410 584 4461 Ηοκῑο
607 4406 644 4459 ll:
665 4405 779 4459 lecundo
800 4404 826 4457 B
882 4407 1046 4472 desperant
1065 4399 1118 4455 ΒΒ
1176 4403 1285 4450 tman-

111 4502 233 4557 daretll
325 4501 473 4555 filtrlrconr
491 4499 517 4553 B
604 4498 784 4568 limpcrnB
876 4498 985 4555 t-sca
1004 4498 1036 4547 23
1055 4490 1287 4561 <>D=lU1x1tq3

110 4595 254 4648 archadius
269 4597 329 4663 poa
346 4596 430 4663 patnl
446 4594 552 4647 exculta
568 4595 571 4661 Ι
588 4595 665 4645 arrnrl
682 4592 834 4645 duodecim·
853 4604 985 4658 imperucp
1012 4587 1112 4639 sirmam
1138 4583 1285 4653 theoldolro

109 4687 167 4742 fulto
186 4704 271 4758 paruo
290 4688 415 4742 ammodo
435 4688 565 4753 monent}
582 4685 695 4738 tradulrt
716 4685 740 4738 Β
843 4688 858 4735 tl
876 4677 1085 4735 tilemachrull)
1174 4681 1204 4729 lt)
1221 4676 1284 4741 hac]

110 4779 206 4851 luget)
274 4786 306 4835 ‘23
325 4781 463 4851 magnel)
532 4784 562 4832 25
582 4778 747 4833 archadnll
815 4781 847 4830 tt
865 4772 1013 4847 yllmenlt
1083 4776 1112 4828 31
1133 4770 1262 4843 epprttI)

1031 4878 1080 4928 20*
