2834 5394
586 636 660 684 sur.
682 638 752 685 1-v
1181 626 1249 690 389

65 784 291 870 Langobardis
313 788 406 853 famis
428 788 564 870 penuria
584 788 756 869 laboraret,
779 788 879 854 multa
900 790 989 855 milia
1012 791 1163 857 frumenti
1185 814 1242 858 nu·

68 896 163 963 uibus
185 896 227 962 ab
249 898 397 982 Aegypto
419 895 564 981 dirigens
586 917 657 963 eam
682 918 759 966 suae
789 898 895 965 studio
924 901 1167 967 misericordiae
1195 922 1243 969 re-

64 1007 195 1074 leuauit

151 1117 212 1183 Hie
238 1135 309 1182 eum
337 1117 544 1202 Augustalem
572 1136 722 1183 eoronam
756 1128 946 1203 accepturus
981 1126 1068 1186 esset
1097 1140 1234 1205 eumque
1255 1123 1323 1189 1111

35 1241 49 1290 u
69 1228 161 1294 iuxta
182 1227 445 1294 consuetudinem
467 1228 510 1294 ad
532 1229 752 1312 spectaculum
780 1229 855 1294 circi
877 1229 1014 1314 populus
1043 1237 1238 1314 expectaret,

64 1337 203 1406 insidias
235 1338 266 1403 ei
298 1346 495 1422 praeparent
524 1338 580 1404 alii
609 1338 790 1407 aduersarii
818 1346 853 1405 ut
880 1339 1095 1406 Iustinianum
1123 1341 1240 1407 lustini

63 1456 213 1534 nepotem
234 1448 268 1514 in
290 1446 480 1533 dignitatem
501 1448 741 1533 imperatoriam
757 1449 977 1516 sublimarent.
1021 1449 1077 1516 ille
1092 1470 1151 1533 per
1165 1452 1238 1517 loca

62 1566 175 1624 saneta
195 1558 375 1642 procedens
396 1558 473 1623 ibet.
518 1558 635 1624 dehinc
668 1568 782 1624 uocato
817 1559 860 1624 ad
893 1578 928 1626 se
960 1560 1112 1642 pontifice
1148 1561 1238 1629 urbis

61 1688 134 1733 eum
156 1669 342 1735 consulibus
365 1690 403 1734 ae
425 1669 597 1753 praefectis
620 1669 774 1752 palatium
797 1669 974 1752 ingressus,
1003 1669 1134 1736 indutus
1162 1678 1238 1754 pur‘-

14 1789 44 1839 10
61 1798 153 1861 pura,
181 1777 366 1845 diademate
394 1785 576 1860 coronatus,
606 1777 721 1843 throno
749 1777 909 1863 imperiali
930 1778 1098 1861 impositus
1121 1787 1153 1844 et
1174 1781 1235 1844 im·

61 1888 184 1955 mensis
216 1887 366 1955 laudihus
399 1889 432 1953 in
465 1889 556 1971 regni
586 1896 636 1954 est
663 1888 766 1971 gloria
795 1887 1011 1953 confirmatus.
1056 1887 1142 1972 quod
1164 1890 1234 1956 eius

60 1997 240 2065 aduersarii
261 1998 430 2065 audientes
461 1997 606 2082 nihilque
644 1998 674 2064 ei
703 1998 757 2082 qui
786 1998 819 2063 in
848 1997 910 2063 deo
939 2016 1030 2083 spem
1058 2018 1150 2063 suam
1181 2019 1235 2082 po-

60 2116 178 2191 suerat,
202 2109 331 2175 officere
352 2109 508 2191 ualentes,
532 2128 651 2192 magna
674 2114 751 2175 sunt
771 2107 959 2174 confusione
980 2114 1014 2174 et
1035 2106 1158 2191 pudore
1181 2127 1230 2172 oo-

61 2219 173 2301 operti.
218 2219 389 2285 transactis
413 2226 518 2285 autem
548 2217 663 2284 diebus
691 2217 804 2303 paucis
833 2217 1012 2285 adueniens
1034 2217 1238 2285 lastinianus

12 2345 42 2393 15
58 2327 197 2412 pedibus
220 2350 256 2395 se
279 2330 413 2414 proiecit
435 2329 639 2412 imperatoris
669 2329 710 2393 ob
733 2328 880 2394 meritum
900 2327 1027 2411 gratiae
1048 2326 1232 2409 quindecim

58 2438 128 2503 auri
150 2440 335 2504 oentenaria
357 2439 514 2505 deferens.
560 2458 654 2522 quem
677 2439 732 2504 ille
755 2437 930 2505 seeundum
953 2424 1129 2522 patientiae
1152 2456 1230 2504 suae

59 2547 153 2612 ritum
175 2550 333 2632 colligens
353 2549 415 2615 sibi
436 2549 470 2613 in
493 2549 615 2632 palatio
637 2549 791 2615 assistere
812 2548 915 2615 iussit.
960 2547 1083 2630 Sophia
1104 2565 1232 2630 quoque

56 2658 203 2743 Augusta
225 2659 392 2724 immernor
422 2659 656 2742 promissionis,
693 2678 790 2740 quam
819 2656 981 2741 quondam
1010 2658 1044 2721 in
1066 2657 1232 2722 'liberium

55 2767 222 2850 habuerat,
244 2768 378 2834 insidias
400 2770 431 2833 ei
452 2768 621 2850 temptauit
640 2767 798 2850 ingerere.
842 2765 1037 2850 procedente
1058 2773 1165 2830 autom
1192 2785 1231 2832 eo

10 2890 40 2940 lo
57 2878 99 2943 ad
121 2880 231 2944 uillam
253 2887 287 2943 ut
308 2880 397 2944 iuxta
423 2879 517 2944 ritum
540 2878 740 2961 imperialem
761 2876 895 2960 triginta
917 2874 1032 2941 diebus
1055 2873 1097 2940 ad
1118 2873 1230 2940 uinde-

56 2989 152 3053 miam
181 2988 416 3071 iucundaretur,
455 2995 567 3053 uocato
595 2988 678 3052 elam
701 2985 879 3051 Iustiniano
909 2984 1011 3050 uoluit
1032 3004 1104 3050 eum
1128 2983 1229 3050 subli-

56 3118 145 3164 mare
169 3100 204 3164 in
226 3119 336 3183 regno.
381 3118 443 3182 quo
466 3104 628 3182 comperto
651 3096 800 3162 Tiberius
822 3114 917 3162 eursu
945 3094 1048 3160 ueloci
1070 3093 1228 3160 Constan-

55 3209 221 3293 tinopolim
244 3209 424 3292 regreditur
446 3207 747 3293 apprehensamque
769 3207 949 3291 Augustam
977 3203 1127 3270 omnibus
1156 3203 1225 3269 the·

55 3318 160 3385 sanris
183 3320 344 3403 spoliauit,
368 3320 470 3385 solum
493 3320 523 3383 ei
545 3319 663 3384 uictum
685 3315 838 3382 cotidiani
861 3315 1006 3381 alimenti
1028 3313 1226 3396 relinquens,

10 3435 35 3487 tt
53 3431 295 3513 segregatisque
317 3430 426 3512 pueris
448 3430 518 3495 eius
541 3429 582 3494 ab
605 3448 645 3494 ea
666 3429 748 3494 alios
777 3424 818 3492 de
840 3424 991 3491 fidelibus
1019 3423 1087 3489 suis
1116 3422 1226 3508 posuit

53 3540 106 3621 qui
130 3541 161 3605 ei
183 3548 342 3624 parerent,
366 3538 596 3621 nranduuitque
618 3558 749 3623 prorsus
771 3543 806 3602 ut
828 3536 934 3602 nullus
950 3534 991 3599 de
1006 3533 1224 3600 anterioribus

51 3649 93 3713 ad
116 3668 186 3714 earn
209 3648 344 3715 haberet
365 3669 540 3730 accessum,
563 3648 777 3715 lastinianum
793 3665 870 3712 uero
886 3646 994 3712 uerbis
1010 3645 1114 3711 solum
1130 3643 1226 3709 modo

51 3759 254 3843 obiurgatum
276 3765 365 3825 tanto
387 3760 421 3824 in
443 3766 605 3844 posterum
629 3777 738 3823 amore
759 3756 874 3823 dilexit
894 3764 929 3821 ut
950 3756 1017 3820 tilio
1040 3755 1110 3820 eius
1124 3753 1225 3819 tiliam

51 3870 250 3952 promitteret
283 3890 375 3936 suem
410 3888 601 3953 rursumque
634 3869 700 3934 filio
733 3887 791 3933 suo
824 3866 923 3931 liliam
953 3865 1024 3931 eius
1050 3869 1235 3948 expeteret·

10 3978 109 4045 ¹⁰sed
142 3980 223 4045 haec
256 4000 308 4045 res
342 3981 450 4046 neseio
481 3999 578 4062 quam
610 3978 651 4043 ob
679 3997 811 4044 eausam
839 3974 882 4041 ad
911 3973 1060 4040 effectum
1093 3972 1226 4039 minime

49 4091 206 4173 peruenit.

135 4199 283 4265 Secundo
305 4200 431 4284 imperii
455 4198 505 4265 sui
528 4217 613 4263 anno
636 4197 723 4263 misit
736 4195 887 4261 Tiberius
908 4193 1084 4274 imperator
1105 4191 1148 4258 ad
1170 4211 1222 4258 re-
1242 4189 1272 4253 V

119 4399 221 4454 llume
239 4401 265 4455 Ι)
333 4398 500 4453 treleuahrt
516 4396 543 4452 D
628 4394 823 4466 apparenti)
892 4398 952 4447 tm
969 4409 1020 4448 om.
1040 4390 1067 4446 l>
1134 4394 1225 4461 Sper-

47 4492 113 4547 denl
129 4491 184 4548 DP
268 4492 325 4546 ibat
341 4509 392 4547 om.
411 4489 465 4546 ΒΡ
537 4488 682 4546 uocatuD
759 4487 889 4557 pontifice
906 4485 933 4541 Ι)
1039 4488 1068 4539 13
1085 4498 1182 4553 magno
1200 4482 1227 4538 Ι)

50 4588 80 4640 1⁸
98 4585 250 4656 tyberini)
355 4589 386 4639 19
404 4581 542 4645 euadD.
636 4579 922 4637 arrocmesreturlt
1014 4575 1226 4648 tttyherruill

46 4681 80 4734 26
97 4678 228 4734 mandam
243 4678 322 4749 prlul
338 4677 365 4732 D
432 4680 464 4730 tt
485 4674 662 4731 haberentD
730 4677 763 4729 te
779 4674 926 4743 absurgutu
943 4670 1066 4727 tantuli
1134 4673 1167 4725 ³0
1185 4669 1226 4725 ai·

47 4770 120 4827 tecte
138 4771 165 4827 D
987 4779 989 4785 ·
1174 4786 1176 4790 ·
1231 4784 1235 4792 ·
