<?xml version="1.0" encoding="UTF-8"?>
<!DOCTYPE html PUBLIC "-//W3C//DTD XHTML 1.0 Transitional//EN"
    "http://www.w3.org/TR/xhtml1/DTD/xhtml1-transitional.dtd">
<html xmlns="http://www.w3.org/1999/xhtml" xml:lang="en" lang="en">
 <head>
  <title>
</title>
<meta http-equiv="Content-Type" content="text/html;charset=utf-8" />
  <meta name='ocr-system' content='tesseract 3.04.00' />
  <meta name='ocr-capabilities' content='ocr_page ocr_carea ocr_par ocr_line ocrx_word'/>
</head>
<body>
  <div class='ocr_page' id='page_1' title='image "./historiamiscell00sagagoog_0591.png"; bbox 0 0 2834 5394; ppageno 0'>
   <div class='ocr_carea' id='block_1_1' title="bbox 526 56 605 185">
    <p class='ocr_par' dir='ltr' id='par_1_1' title="bbox 526 56 605 185">
     <span class='ocr_line' id='line_1_1' title="bbox 526 56 605 99; baseline 0 -10"><span class='ocrx_word' id='word_1_1' title='bbox 526 74 533 89; x_wconf 68' lang='lat' dir='ltr'><em>D</em></span> <span class='ocrx_word' id='word_1_2' title='bbox 580 56 605 99; x_wconf 61' lang='grc' dir='ltr'><strong>Ι.</strong></span> 
     </span>
     <span class='ocr_line' id='line_1_2' title="bbox 586 98 591 111; baseline 0 0"><span class='ocrx_word' id='word_1_3' title='bbox 586 98 591 111; x_wconf 77' lang='lat' dir='ltr'><strong>u</strong></span> 
     </span>
     <span class='ocr_line' id='line_1_3' title="bbox 552 116 604 155; baseline 0 -14"><span class='ocrx_word' id='word_1_4' title='bbox 552 116 604 155; x_wconf 67' lang='grc' dir='ltr'>...Ι</span> 
     </span>
     <span class='ocr_line' id='line_1_4' title="bbox 530 164 539 185; baseline 0 0"><span class='ocrx_word' id='word_1_5' title='bbox 530 164 539 185; x_wconf 95' lang='grc' dir='ltr'><strong>ΙΙ</strong></span> 
     </span>
    </p>
   </div>
   <div class='ocr_carea' id='block_1_2' title="bbox 533 696 1282 759">
    <p class='ocr_par' dir='ltr' id='par_1_2' title="bbox 533 696 1282 759">
     <span class='ocr_line' id='line_1_5' title="bbox 533 696 1282 759; baseline 0.005 -4"><span class='ocrx_word' id='word_1_6' title='bbox 533 706 606 755; x_wconf 76' lang='lat' dir='ltr'><strong>cnr.</strong></span> <span class='ocrx_word' id='word_1_7' title='bbox 628 707 844 756; x_wconf 82' lang='lat' dir='ltr'><strong>xxv-xxvnr</strong></span> <span class='ocrx_word' id='word_1_8' title='bbox 1221 696 1282 759; x_wconf 85' lang='grc'><strong>577</strong></span> 
     </span>
    </p>
   </div>
   <div class='ocr_carea' id='block_1_3' title="bbox 63 858 1417 4562">
    <p class='ocr_par' dir='ltr' id='par_1_3' title="bbox 63 858 1417 4562">
     <span class='ocr_line' id='line_1_6' title="bbox 94 858 1285 951; baseline 0.002 -25"><span class='ocrx_word' id='word_1_9' title='bbox 94 863 204 951; x_wconf 21' lang='lat' dir='ltr'><strong>,tertio</strong></span> <span class='ocrx_word' id='word_1_10' title='bbox 225 860 343 926; x_wconf 82' lang='lat' dir='ltr'><strong>Eirene</strong></span> <span class='ocrx_word' id='word_1_11' title='bbox 364 858 468 945; x_wconf 92' lang='lat' dir='ltr'><strong>primo</strong></span> <span class='ocrx_word' id='word_1_12' title='bbox 496 859 624 944; x_wconf 90' lang='lat' dir='ltr'><strong>imperii</strong></span> <span class='ocrx_word' id='word_1_13' title='bbox 652 860 702 925; x_wconf 90' lang='lat' dir='ltr'><strong>sui</strong></span> <span class='ocrx_word' id='word_1_14' title='bbox 731 879 816 925; x_wconf 89' lang='lat' dir='ltr'><strong>anno</strong></span> <span class='ocrx_word' id='word_1_15' title='bbox 844 880 956 927; x_wconf 88' lang='lat' dir='ltr'><strong>mense</strong></span> <span class='ocrx_word' id='word_1_16' title='bbox 978 861 1180 946; x_wconf 85' lang='lat' dir='ltr'><strong>Septembrio</strong></span> <span class='ocrx_word' id='word_1_17' title='bbox 1201 861 1285 929; x_wconf 90' lang='lat' dir='ltr'><strong>indi·</strong></span> 
     </span>
     <span class='ocr_line' id='line_1_7' title="bbox 109 968 1284 1054; baseline 0.002 -17"><span class='ocrx_word' id='word_1_18' title='bbox 109 971 226 1037; x_wconf 88' lang='lat' dir='ltr'><strong>ctionis</strong></span> <span class='ocrx_word' id='word_1_19' title='bbox 248 976 382 1054; x_wconf 82' lang='lat' dir='ltr'>quartae</span> <span class='ocrx_word' id='word_1_20' title='bbox 404 968 546 1035; x_wconf 83' lang='lat' dir='ltr'><strong>decimae</strong></span> <span class='ocrx_word' id='word_1_21' title='bbox 568 976 726 1035; x_wconf 89' lang='lat' dir='ltr'><strong>uenerunt</strong></span> <span class='ocrx_word' id='word_1_22' title='bbox 752 970 808 1054; x_wconf 88' lang='lat' dir='ltr'><strong>qui</strong></span> <span class='ocrx_word' id='word_1_23' title='bbox 834 969 1029 1037; x_wconf 84' lang='lat' dir='ltr'><strong>adiurabant</strong></span> <span class='ocrx_word' id='word_1_24' title='bbox 1054 971 1097 1037; x_wconf 89' lang='lat' dir='ltr'><strong>ad</strong></span> <span class='ocrx_word' id='word_1_25' title='bbox 1118 971 1284 1039; x_wconf 84' lang='lat' dir='ltr'><strong>Armenia-</strong></span> 
     </span>
     <span class='ocr_line' id='line_1_8' title="bbox 110 1078 1284 1167; baseline 0.003 -21"><span class='ocrx_word' id='word_1_26' title='bbox 110 1101 218 1146; x_wconf 90' lang='lat' dir='ltr'><strong>eorum</strong></span> <span class='ocrx_word' id='word_1_27' title='bbox 241 1078 360 1161; x_wconf 86' lang='lat' dir='ltr'><strong>thema,</strong></span> <span class='ocrx_word' id='word_1_28' title='bbox 383 1080 437 1163; x_wconf 89' lang='lat' dir='ltr'><strong>qui</strong></span> <span class='ocrx_word' id='word_1_29' title='bbox 458 1079 566 1144; x_wconf 87' lang='lat' dir='ltr'><strong>iurare</strong></span> <span class='ocrx_word' id='word_1_30' title='bbox 586 1079 718 1145; x_wconf 91' lang='lat' dir='ltr'><strong>minime</strong></span> <span class='ocrx_word' id='word_1_31' title='bbox 737 1087 970 1147; x_wconf 89' lang='lat' dir='ltr'><strong>consenserunt</strong></span> <span class='ocrx_word' id='word_1_32' title='bbox 991 1079 1079 1164; x_wconf 88' lang='lat' dir='ltr'><strong>‘quia</strong></span> <span class='ocrx_word' id='word_1_33' title='bbox 1099 1101 1164 1146; x_wconf 93' lang='lat' dir='ltr'><strong>non</strong></span> <span class='ocrx_word' id='word_1_34' title='bbox 1185 1082 1284 1167; x_wconf 77' lang='lat' dir='ltr'><strong>impe</strong></span> 
     </span>
     <span class='ocr_line' id='line_1_9' title="bbox 111 1188 1284 1276; baseline 0.003 -21"><span class='ocrx_word' id='word_1_35' title='bbox 111 1190 254 1255; x_wconf 87' lang='lat' dir='ltr'><strong>rabimur</strong></span> <span class='ocrx_word' id='word_1_36' title='bbox 276 1208 297 1253; x_wconf 92' lang='lat' dir='ltr'><strong>a</strong></span> <span class='ocrx_word' id='word_1_37' title='bbox 318 1188 384 1253; x_wconf 88' lang='lat' dir='ltr'><strong>filio</strong></span> <span class='ocrx_word' id='word_1_38' title='bbox 406 1195 461 1253; x_wconf 92' lang='lat' dir='ltr'><strong>tuo</strong></span> <span class='ocrx_word' id='word_1_39' title='bbox 483 1189 517 1253; x_wconf 93' lang='lat' dir='ltr'><strong>in</strong></span> <span class='ocrx_word' id='word_1_40' title='bbox 538 1189 607 1253; x_wconf 90' lang='lat' dir='ltr'><strong>uita</strong></span> <span class='ocrx_word' id='word_1_41' title='bbox 621 1195 685 1253; x_wconf 80' lang='lat' dir='ltr'><strong>tua</strong></span> <span class='ocrx_word' id='word_1_42' title='bbox 730 1189 789 1256; x_wconf 91' lang='lat' dir='ltr'><strong>sed</strong></span> <span class='ocrx_word' id='word_1_43' title='bbox 802 1209 863 1256; x_wconf 91' lang='lat' dir='ltr'><strong>nec</strong></span> <span class='ocrx_word' id='word_1_44' title='bbox 884 1191 1120 1276; x_wconf 89' lang='lat' dir='ltr'><strong>praeponimns&#39;</strong></span> <span class='ocrx_word' id='word_1_45' title='bbox 1135 1191 1284 1273; x_wconf 89' lang='lat' dir='ltr'><strong>inquiunt</strong></span> 
     </span>
     <span class='ocr_line' id='line_1_10' title="bbox 78 1298 1284 1368; baseline 0.003 -4"><span class='ocrx_word' id='word_1_46' title='bbox 78 1299 246 1365; x_wconf 77' lang='lat' dir='ltr'><strong>e‘nomen</strong></span> <span class='ocrx_word' id='word_1_47' title='bbox 278 1299 396 1364; x_wconf 82' lang='lat' dir='ltr'>Eirene</span> <span class='ocrx_word' id='word_1_48' title='bbox 427 1305 502 1364; x_wconf 88' lang='lat' dir='ltr'><strong>ante</strong></span> <span class='ocrx_word' id='word_1_49' title='bbox 536 1298 741 1365; x_wconf 79' lang='lat' dir='ltr'><strong>Constantini</strong></span> <span class='ocrx_word' id='word_1_50' title='bbox 773 1320 890 1366; x_wconf 90' lang='lat' dir='ltr'><strong>nomeu</strong></span> <span class='ocrx_word' id='word_1_51' title='bbox 924 1300 981 1368; x_wconf 89' lang='lat' dir='ltr'><strong>sed</strong></span> <span class='ocrx_word' id='word_1_52' title='bbox 1015 1300 1218 1366; x_wconf 77' lang='lat' dir='ltr'><strong>Constantini</strong></span> <span class='ocrx_word' id='word_1_53' title='bbox 1251 1309 1284 1368; x_wconf 92' lang='lat' dir='ltr'><strong>et</strong></span> 
     </span>
     <span class='ocr_line' id='line_1_11' title="bbox 111 1408 1284 1493; baseline 0.002 -19"><span class='ocrx_word' id='word_1_54' title='bbox 111 1409 229 1475; x_wconf 85' lang='lat' dir='ltr'><strong>Eirene</strong></span> <span class='ocrx_word' id='word_1_55' title='bbox 257 1415 292 1473; x_wconf 96' lang='lat' dir='ltr'><strong>ut</strong></span> <span class='ocrx_word' id='word_1_56' title='bbox 318 1408 360 1472; x_wconf 87' lang='lat' dir='ltr'><strong>ab</strong></span> <span class='ocrx_word' id='word_1_57' title='bbox 388 1408 480 1473; x_wconf 90' lang='lat' dir='ltr'><strong>initio</strong></span> <span class='ocrx_word' id='word_1_58' title='bbox 512 1408 729 1493; x_wconf 66' lang='lat' dir='ltr'><strong>suscepimus?</strong></span> <span class='ocrx_word' id='word_1_59' title='bbox 772 1408 860 1476; x_wconf 89' lang='lat' dir='ltr'><strong>misit</strong></span> <span class='ocrx_word' id='word_1_60' title='bbox 886 1417 992 1475; x_wconf 90' lang='lat' dir='ltr'><strong>autern</strong></span> <span class='ocrx_word' id='word_1_61' title='bbox 1020 1411 1135 1477; x_wconf 90' lang='lat' dir='ltr'><strong>iterum</strong></span> <span class='ocrx_word' id='word_1_62' title='bbox 1164 1410 1205 1476; x_wconf 92' lang='lat' dir='ltr'><strong>ad</strong></span> <span class='ocrx_word' id='word_1_63' title='bbox 1235 1411 1284 1476; x_wconf 92' lang='lat' dir='ltr'><strong>iu·</strong></span> 
     </span>
     <span class='ocr_line' id='line_1_12' title="bbox 111 1517 1285 1604; baseline 0.002 -20"><span class='ocrx_word' id='word_1_64' title='bbox 111 1517 304 1584; x_wconf 90' lang='lat' dir='ltr'><strong>flectendum</strong></span> <span class='ocrx_word' id='word_1_65' title='bbox 326 1538 383 1584; x_wconf 93' lang='lat' dir='ltr'><strong>eos</strong></span> <span class='ocrx_word' id='word_1_66' title='bbox 397 1517 545 1582; x_wconf 81' lang='lat' dir='ltr'><strong>Alexium</strong></span> <span class='ocrx_word' id='word_1_67' title='bbox 562 1518 771 1603; x_wconf 84' lang='lat' dir='ltr'><strong>Spatharium</strong></span> <span class='ocrx_word' id='word_1_68' title='bbox 793 1526 826 1585; x_wconf 90' lang='lat' dir='ltr'><strong>et</strong></span> <span class='ocrx_word' id='word_1_69' title='bbox 846 1518 1052 1602; x_wconf 80' lang='lat' dir='ltr'><strong>drongarium</strong></span> <span class='ocrx_word' id='word_1_70' title='bbox 1075 1520 1217 1604; x_wconf 76' lang='lat' dir='ltr'><strong>uigiliae.</strong></span> <span class='ocrx_word' id='word_1_71' title='bbox 1250 1528 1285 1587; x_wconf 91' lang='lat' dir='ltr'><strong>at</strong></span> 
     </span>
     <span class='ocr_line' id='line_1_13' title="bbox 112 1628 1283 1716; baseline 0.003 -23"><span class='ocrx_word' id='word_1_72' title='bbox 112 1629 159 1693; x_wconf 93' lang='lat' dir='ltr'><strong>illi</strong></span> <span class='ocrx_word' id='word_1_73' title='bbox 187 1635 333 1694; x_wconf 88' lang='lat' dir='ltr'><strong>tenentes</strong></span> <span class='ocrx_word' id='word_1_74' title='bbox 358 1647 429 1693; x_wconf 90' lang='lat' dir='ltr'><strong>eum</strong></span> <span class='ocrx_word' id='word_1_75' title='bbox 460 1635 494 1693; x_wconf 90' lang='lat' dir='ltr'><strong>ut</strong></span> <span class='ocrx_word' id='word_1_76' title='bbox 523 1628 586 1695; x_wconf 91' lang='lat' dir='ltr'><strong>sibi</strong></span> <span class='ocrx_word' id='word_1_77' title='bbox 607 1636 776 1713; x_wconf 81' lang='lat' dir='ltr'><strong>praeesset</strong></span> <span class='ocrx_word' id='word_1_78' title='bbox 805 1636 1037 1713; x_wconf 74' lang='lat' dir='ltr'><strong>promserunt,</strong></span> <span class='ocrx_word' id='word_1_79' title='bbox 1064 1630 1283 1716; x_wconf 84' lang='lat' dir='ltr'><strong>Nicephorum</strong></span> 
     </span>
     <span class='ocr_line' id='line_1_14' title="bbox 113 1737 1359 1823; baseline 0.001 -20"><span class='ocrx_word' id='word_1_80' title='bbox 113 1759 190 1803; x_wconf 87' lang='lat' dir='ltr'><strong>nero</strong></span> <span class='ocrx_word' id='word_1_81' title='bbox 212 1738 380 1822; x_wconf 87' lang='lat' dir='ltr'><strong>patricium</strong></span> <span class='ocrx_word' id='word_1_82' title='bbox 404 1744 437 1803; x_wconf 92' lang='lat' dir='ltr'><strong>et</strong></span> <span class='ocrx_word' id='word_1_83' title='bbox 456 1744 636 1823; x_wconf 88' lang='lat' dir='ltr'><strong>praetorem</strong></span> <span class='ocrx_word' id='word_1_84' title='bbox 659 1758 752 1805; x_wconf 91' lang='lat' dir='ltr'><strong>suum</strong></span> <span class='ocrx_word' id='word_1_85' title='bbox 768 1737 933 1805; x_wconf 90' lang='lat' dir='ltr'><strong>custodiae</strong></span> <span class='ocrx_word' id='word_1_86' title='bbox 955 1740 1187 1823; x_wconf 81' lang='lat' dir='ltr'><strong>manciparunt,</strong></span> <span class='ocrx_word' id='word_1_87' title='bbox 1203 1738 1283 1805; x_wconf 93' lang='lat' dir='ltr'><strong>Con·</strong></span> <span class='ocrx_word' id='word_1_88' title='bbox 1356 1812 1359 1818; x_wconf 55' lang='grc'><strong>,</strong></span> 
     </span>
     <span class='ocr_line' id='line_1_15' title="bbox 66 1846 1284 1933; baseline 0 -20"><span class='ocrx_word' id='word_1_89' title='bbox 66 1865 96 1913; x_wconf 86' lang='lat' dir='ltr'><strong>to</strong></span> <span class='ocrx_word' id='word_1_90' title='bbox 113 1847 353 1930; x_wconf 89' lang='lat' dir='ltr'><strong>stantinumque</strong></span> <span class='ocrx_word' id='word_1_91' title='bbox 381 1847 484 1914; x_wconf 89' lang='lat' dir='ltr'><strong>solum</strong></span> <span class='ocrx_word' id='word_1_92' title='bbox 519 1846 695 1932; x_wconf 90' lang='lat' dir='ltr'><strong>principem</strong></span> <span class='ocrx_word' id='word_1_93' title='bbox 736 1855 768 1912; x_wconf 88' lang='lat' dir='ltr'><strong>et</strong></span> <span class='ocrx_word' id='word_1_94' title='bbox 797 1848 1022 1933; x_wconf 89' lang='lat' dir='ltr'><strong>imperatorem</strong></span> <span class='ocrx_word' id='word_1_95' title='bbox 1049 1848 1221 1916; x_wconf 86' lang='lat' dir='ltr'><strong>laudarunt</strong></span> <span class='ocrx_word' id='word_1_96' title='bbox 1252 1853 1284 1915; x_wconf 88' lang='lat' dir='ltr'><strong>et</strong></span> 
     </span>
     <span class='ocr_line' id='line_1_16' title="bbox 112 1956 1285 2043; baseline 0.001 -21"><span class='ocrx_word' id='word_1_97' title='bbox 112 1959 340 2022; x_wconf 89' lang='lat' dir='ltr'><strong>acclamarunt.</strong></span> <span class='ocrx_word' id='word_1_98' title='bbox 370 1956 430 2021; x_wconf 92' lang='lat' dir='ltr'><strong>boc</strong></span> <span class='ocrx_word' id='word_1_99' title='bbox 451 1963 612 2041; x_wconf 89' lang='lat' dir='ltr'><strong>comperto</strong></span> <span class='ocrx_word' id='word_1_100' title='bbox 634 1956 828 2040; x_wconf 88' lang='lat' dir='ltr'><strong>reliquorum</strong></span> <span class='ocrx_word' id='word_1_101' title='bbox 856 1959 967 2043; x_wconf 92' lang='lat' dir='ltr'><strong>populi</strong></span> <span class='ocrx_word' id='word_1_102' title='bbox 988 1958 1162 2024; x_wconf 90' lang='lat' dir='ltr'><strong>thematum</strong></span> <span class='ocrx_word' id='word_1_103' title='bbox 1190 1974 1285 2042; x_wconf 88' lang='lat' dir='ltr'><strong>prae-</strong></span> 
     </span>
     <span class='ocr_line' id='line_1_17' title="bbox 112 2065 1283 2153; baseline 0.001 -23"><span class='ocrx_word' id='word_1_104' title='bbox 112 2066 234 2132; x_wconf 90' lang='lat' dir='ltr'><strong>toribus</strong></span> <span class='ocrx_word' id='word_1_105' title='bbox 256 2066 324 2133; x_wconf 91' lang='lat' dir='ltr'><strong>suis</strong></span> <span class='ocrx_word' id='word_1_106' title='bbox 346 2066 490 2150; x_wconf 84' lang='lat' dir='ltr'><strong>expulsis</strong></span> <span class='ocrx_word' id='word_1_107' title='bbox 513 2065 757 2133; x_wconf 88' lang='lat' dir='ltr'><strong>Constantinum</strong></span> <span class='ocrx_word' id='word_1_108' title='bbox 780 2073 904 2132; x_wconf 83' lang='lat' dir='ltr'><strong>tantum</strong></span> <span class='ocrx_word' id='word_1_109' title='bbox 926 2069 1152 2153; x_wconf 87' lang='lat' dir='ltr'><strong>imperatorem</strong></span> <span class='ocrx_word' id='word_1_110' title='bbox 1174 2075 1208 2133; x_wconf 89' lang='lat' dir='ltr'><strong>et</strong></span> <span class='ocrx_word' id='word_1_111' title='bbox 1221 2067 1283 2150; x_wconf 89' lang='lat' dir='ltr'><strong>ipsi</strong></span> 
     </span>
     <span class='ocr_line' id='line_1_18' title="bbox 113 2175 1285 2263; baseline 0.003 -23"><span class='ocrx_word' id='word_1_112' title='bbox 113 2175 354 2261; x_wconf 86' lang='lat' dir='ltr'><strong>praedicabant.</strong></span> <span class='ocrx_word' id='word_1_113' title='bbox 378 2196 396 2241; x_wconf 97' lang='lat' dir='ltr'><strong>o</strong></span> <span class='ocrx_word' id='word_1_114' title='bbox 418 2176 552 2259; x_wconf 89' lang='lat' dir='ltr'><strong>maligni</strong></span> <span class='ocrx_word' id='word_1_115' title='bbox 574 2175 696 2240; x_wconf 89' lang='lat' dir='ltr'><strong>diaboli</strong></span> <span class='ocrx_word' id='word_1_116' title='bbox 717 2177 887 2257; x_wconf 86' lang='lat' dir='ltr'><strong>uersutias,</strong></span> <span class='ocrx_word' id='word_1_117' title='bbox 910 2198 973 2261; x_wconf 92' lang='lat' dir='ltr'><strong>qno</strong></span> <span class='ocrx_word' id='word_1_118' title='bbox 987 2178 1082 2243; x_wconf 89' lang='lat' dir='ltr'><strong>modo</strong></span> <span class='ocrx_word' id='word_1_119' title='bbox 1103 2198 1162 2263; x_wconf 91' lang='lat' dir='ltr'><strong>per</strong></span> <span class='ocrx_word' id='word_1_120' title='bbox 1184 2178 1285 2243; x_wconf 89' lang='lat' dir='ltr'><strong>multa</strong></span> 
     </span>
     <span class='ocr_line' id='line_1_19' title="bbox 114 2284 1285 2372; baseline 0 -20"><span class='ocrx_word' id='word_1_121' title='bbox 114 2285 220 2352; x_wconf 86' lang='lat' dir='ltr'><strong>studet</strong></span> <span class='ocrx_word' id='word_1_122' title='bbox 241 2292 430 2369; x_wconf 87' lang='lat' dir='ltr'><strong>argumenta</strong></span> <span class='ocrx_word' id='word_1_123' title='bbox 450 2306 554 2369; x_wconf 75' lang='lat' dir='ltr'><strong>genus</strong></span> <span class='ocrx_word' id='word_1_124' title='bbox 569 2284 734 2350; x_wconf 89' lang='lat' dir='ltr'><strong>hominum</strong></span> <span class='ocrx_word' id='word_1_125' title='bbox 756 2285 907 2370; x_wconf 85' lang='lat' dir='ltr'><strong>perdere!</strong></span> <span class='ocrx_word' id='word_1_126' title='bbox 930 2289 985 2372; x_wconf 88' lang='lat' dir='ltr'><strong>qui</strong></span> <span class='ocrx_word' id='word_1_127' title='bbox 1000 2288 1085 2353; x_wconf 88' lang='lat' dir='ltr'><strong>enirn</strong></span> <span class='ocrx_word' id='word_1_128' title='bbox 1102 2295 1176 2354; x_wconf 85' lang='lat' dir='ltr'><strong>ante</strong></span> <span class='ocrx_word' id='word_1_129' title='bbox 1192 2287 1285 2372; x_wconf 89' lang='lat' dir='ltr'><strong>quin·</strong></span> 
     </span>
     <span class='ocr_line' id='line_1_20' title="bbox 67 2395 1285 2482; baseline 0.004 -26"><span class='ocrx_word' id='word_1_130' title='bbox 67 2409 96 2456; x_wconf 83' lang='lat'><strong>15</strong></span> <span class='ocrx_word' id='word_1_131' title='bbox 113 2397 215 2462; x_wconf 89' lang='lat' dir='ltr'><strong>decim</strong></span> <span class='ocrx_word' id='word_1_132' title='bbox 238 2416 342 2462; x_wconf 91' lang='lat' dir='ltr'><strong>annos</strong></span> <span class='ocrx_word' id='word_1_133' title='bbox 363 2395 499 2460; x_wconf 89' lang='lat' dir='ltr'><strong>terribili</strong></span> <span class='ocrx_word' id='word_1_134' title='bbox 527 2395 732 2460; x_wconf 86' lang='lat' dir='ltr'><strong>iureiurando</strong></span> <span class='ocrx_word' id='word_1_135' title='bbox 761 2396 949 2462; x_wconf 89' lang='lat' dir='ltr'><strong>iurauerunt</strong></span> <span class='ocrx_word' id='word_1_136' title='bbox 976 2404 1008 2462; x_wconf 92' lang='lat' dir='ltr'><strong>et</strong></span> <span class='ocrx_word' id='word_1_137' title='bbox 1029 2398 1114 2464; x_wconf 83' lang='lat' dir='ltr'><strong>lacta</strong></span> <span class='ocrx_word' id='word_1_138' title='bbox 1135 2396 1285 2482; x_wconf 86' lang='lat' dir='ltr'><strong>propriae</strong></span> 
     </span>
     <span class='ocr_line' id='line_1_21' title="bbox 112 2505 1285 2589; baseline -0.001 -18"><span class='ocrx_word' id='word_1_139' title='bbox 112 2526 227 2571; x_wconf 90' lang='lat' dir='ltr'><strong>manus</strong></span> <span class='ocrx_word' id='word_1_140' title='bbox 250 2505 369 2589; x_wconf 87' lang='lat' dir='ltr'><strong>scripta</strong></span> <span class='ocrx_word' id='word_1_141' title='bbox 391 2507 424 2569; x_wconf 92' lang='lat' dir='ltr'><strong>in</strong></span> <span class='ocrx_word' id='word_1_142' title='bbox 446 2511 556 2570; x_wconf 85' lang='lat' dir='ltr'><strong>sancto</strong></span> <span class='ocrx_word' id='word_1_143' title='bbox 584 2505 736 2570; x_wconf 87' lang='lat' dir='ltr'><strong>tribunali</strong></span> <span class='ocrx_word' id='word_1_144' title='bbox 765 2506 1027 2584; x_wconf 87' lang='lat' dir='ltr'><strong>recondiderunt,</strong></span> <span class='ocrx_word' id='word_1_145' title='bbox 1055 2507 1171 2573; x_wconf 87' lang='lat' dir='ltr'><strong>iterum</strong></span> <span class='ocrx_word' id='word_1_146' title='bbox 1198 2506 1285 2571; x_wconf 92' lang='lat' dir='ltr'><strong>iura-</strong></span> 
     </span>
     <span class='ocr_line' id='line_1_22' title="bbox 111 2614 1285 2700; baseline 0 -20"><span class='ocrx_word' id='word_1_147' title='bbox 111 2616 191 2680; x_wconf 87' lang='lat' dir='ltr'><strong>bant</strong></span> <span class='ocrx_word' id='word_1_148' title='bbox 212 2636 248 2681; x_wconf 90' lang='lat' dir='ltr'><strong>se</strong></span> <span class='ocrx_word' id='word_1_149' title='bbox 271 2636 291 2680; x_wconf 91' lang='lat' dir='ltr'><strong>a</strong></span> <span class='ocrx_word' id='word_1_150' title='bbox 313 2615 379 2679; x_wconf 83' lang='lat' dir='ltr'><strong>filio</strong></span> <span class='ocrx_word' id='word_1_151' title='bbox 402 2615 472 2682; x_wconf 92' lang='lat' dir='ltr'><strong>eius</strong></span> <span class='ocrx_word' id='word_1_152' title='bbox 500 2635 564 2680; x_wconf 94' lang='lat' dir='ltr'><strong>non</strong></span> <span class='ocrx_word' id='word_1_153' title='bbox 586 2614 793 2699; x_wconf 88' lang='lat' dir='ltr'><strong>imperandos</strong></span> <span class='ocrx_word' id='word_1_154' title='bbox 820 2616 854 2680; x_wconf 92' lang='lat' dir='ltr'><strong>in</strong></span> <span class='ocrx_word' id='word_1_155' title='bbox 877 2617 943 2680; x_wconf 90' lang='lat' dir='ltr'><strong>uita</strong></span> <span class='ocrx_word' id='word_1_156' title='bbox 964 2617 1082 2700; x_wconf 86' lang='lat' dir='ltr'><strong>ipsius,</strong></span> <span class='ocrx_word' id='word_1_157' title='bbox 1114 2622 1147 2681; x_wconf 89' lang='lat' dir='ltr'><strong>et</strong></span> <span class='ocrx_word' id='word_1_158' title='bbox 1175 2635 1285 2681; x_wconf 91' lang='lat' dir='ltr'><strong>rursus</strong></span> 
     </span>
     <span class='ocr_line' id='line_1_23' title="bbox 111 2722 1286 2811; baseline -0.002 -21"><span class='ocrx_word' id='word_1_159' title='bbox 111 2726 172 2790; x_wconf 92' lang='lat' dir='ltr'><strong>boe</strong></span> <span class='ocrx_word' id='word_1_160' title='bbox 194 2724 349 2789; x_wconf 88' lang='lat' dir='ltr'><strong>obliuioni</strong></span> <span class='ocrx_word' id='word_1_161' title='bbox 370 2724 534 2790; x_wconf 86' lang='lat' dir='ltr'><strong>tradentes</strong></span> <span class='ocrx_word' id='word_1_162' title='bbox 557 2722 801 2791; x_wconf 89' lang='lat' dir='ltr'><strong>Constantinum</strong></span> <span class='ocrx_word' id='word_1_163' title='bbox 816 2726 1042 2811; x_wconf 89' lang='lat' dir='ltr'><strong>imperatorem</strong></span> <span class='ocrx_word' id='word_1_164' title='bbox 1061 2725 1166 2790; x_wconf 83' lang='lat' dir='ltr'><strong>bonae</strong></span> <span class='ocrx_word' id='word_1_165' title='bbox 1181 2726 1286 2790; x_wconf 84' lang='lat' dir='ltr'><strong>lamae</strong></span> 
     </span>
     <span class='ocr_line' id='line_1_24' title="bbox 112 2834 1288 2918; baseline -0.002 -18"><span class='ocrx_word' id='word_1_166' title='bbox 112 2835 262 2900; x_wconf 85' lang='lat' dir='ltr'><strong>laudibus</strong></span> <span class='ocrx_word' id='word_1_167' title='bbox 285 2834 462 2900; x_wconf 85' lang='lat' dir='ltr'><strong>efferebant</strong></span> <span class='ocrx_word' id='word_1_168' title='bbox 484 2854 548 2898; x_wconf 92' lang='lat' dir='ltr'><strong>non</strong></span> <span class='ocrx_word' id='word_1_169' title='bbox 570 2834 809 2918; x_wconf 90' lang='lat' dir='ltr'><strong>perpendentes</strong></span> <span class='ocrx_word' id='word_1_170' title='bbox 833 2834 943 2899; x_wconf 86' lang='lat' dir='ltr'><strong>miseri</strong></span> <span class='ocrx_word' id='word_1_171' title='bbox 958 2834 1043 2917; x_wconf 93' lang='lat' dir='ltr'><strong>quod</strong></span> <span class='ocrx_word' id='word_1_172' title='bbox 1059 2855 1124 2899; x_wconf 94' lang='lat' dir='ltr'><strong>non</strong></span> <span class='ocrx_word' id='word_1_173' title='bbox 1140 2839 1288 2918; x_wconf 85' lang='lat' dir='ltr'><strong>oporteat</strong></span> 
     </span>
     <span class='ocr_line' id='line_1_25' title="bbox 63 2943 1287 3029; baseline -0.002 -21"><span class='ocrx_word' id='word_1_174' title='bbox 63 2957 96 3008; x_wconf 82' lang='lat'><strong>20</strong></span> <span class='ocrx_word' id='word_1_175' title='bbox 113 2946 309 3029; x_wconf 84' lang='lat' dir='ltr'><strong>reciprocum</strong></span> <span class='ocrx_word' id='word_1_176' title='bbox 342 2944 411 3008; x_wconf 84' lang='lat' dir='ltr'><strong>fieri</strong></span> <span class='ocrx_word' id='word_1_177' title='bbox 444 2943 668 3008; x_wconf 88' lang='lat' dir='ltr'><strong>iuramentum.</strong></span> <span class='ocrx_word' id='word_1_178' title='bbox 724 2944 904 3009; x_wconf 87' lang='lat' dir='ltr'><strong>necessitas</strong></span> <span class='ocrx_word' id='word_1_179' title='bbox 942 2944 1029 3008; x_wconf 91' lang='lat' dir='ltr'><strong>enim</strong></span> <span class='ocrx_word' id='word_1_180' title='bbox 1065 2944 1221 3009; x_wconf 90' lang='lat' dir='ltr'><strong>incumbit</strong></span> <span class='ocrx_word' id='word_1_181' title='bbox 1253 2950 1287 3006; x_wconf 92' lang='lat' dir='ltr'><strong>ut</strong></span> 
     </span>
     <span class='ocr_line' id='line_1_26' title="bbox 113 3052 1286 3138; baseline -0.003 -18"><span class='ocrx_word' id='word_1_182' title='bbox 113 3075 238 3120; x_wconf 90' lang='lat' dir='ltr'><strong>ornnem</strong></span> <span class='ocrx_word' id='word_1_183' title='bbox 255 3055 449 3138; x_wconf 88' lang='lat' dir='ltr'><strong>reciprocam</strong></span> <span class='ocrx_word' id='word_1_184' title='bbox 466 3054 656 3118; x_wconf 86' lang='lat' dir='ltr'><strong>iurationem</strong></span> <span class='ocrx_word' id='word_1_185' title='bbox 671 3052 846 3137; x_wconf 92' lang='lat' dir='ltr'><strong>periurium</strong></span> <span class='ocrx_word' id='word_1_186' title='bbox 862 3052 1086 3137; x_wconf 87' lang='lat' dir='ltr'><strong>subsequatur,</strong></span> <span class='ocrx_word' id='word_1_187' title='bbox 1110 3053 1286 3137; x_wconf 86' lang='lat' dir='ltr'><strong>periurium</strong></span> 
     </span>
     <span class='ocr_line' id='line_1_27' title="bbox 113 3160 498 3246; baseline -0.005 -17"><span class='ocrx_word' id='word_1_188' title='bbox 113 3173 219 3230; x_wconf 87' lang='lat' dir='ltr'><strong>autom</strong></span> <span class='ocrx_word' id='word_1_189' title='bbox 241 3164 413 3246; x_wconf 83' lang='lat' dir='ltr'><strong>abnegatio</strong></span> <span class='ocrx_word' id='word_1_190' title='bbox 436 3160 498 3227; x_wconf 91' lang='lat' dir='ltr'><strong>dei.</strong></span> 
     </span>
     <span class='ocr_line' id='line_1_28' title="bbox 198 3262 1417 3355; baseline -0.002 -17"><span class='ocrx_word' id='word_1_191' title='bbox 198 3274 329 3338; x_wconf 81' lang='lat' dir='ltr'><strong>Collecti</strong></span> <span class='ocrx_word' id='word_1_192' title='bbox 352 3279 458 3337; x_wconf 88' lang='lat' dir='ltr'><strong>autem</strong></span> <span class='ocrx_word' id='word_1_193' title='bbox 474 3271 622 3337; x_wconf 86' lang='lat' dir='ltr'><strong>Octobris</strong></span> <span class='ocrx_word' id='word_1_194' title='bbox 644 3291 755 3337; x_wconf 90' lang='lat' dir='ltr'><strong>mense</strong></span> <span class='ocrx_word' id='word_1_195' title='bbox 782 3278 916 3355; x_wconf 87' lang='lat' dir='ltr'><strong>quartae</strong></span> <span class='ocrx_word' id='word_1_196' title='bbox 932 3270 1075 3337; x_wconf 88' lang='lat' dir='ltr'><strong>decimae</strong></span> <span class='ocrx_word' id='word_1_197' title='bbox 1098 3270 1283 3337; x_wconf 89' lang='lat' dir='ltr'><strong>indictionis</strong></span> <span class='ocrx_word' id='word_1_198' title='bbox 1294 3262 1387 3328; x_wconf 86' lang='lat' dir='ltr'><strong>XXV</strong></span> <span class='ocrx_word' id='word_1_199' title='bbox 1400 3270 1417 3320; x_wconf 75' lang='lat' dir='ltr'><strong>&#39;l</strong></span> 
     </span>
     <span class='ocr_line' id='line_1_29' title="bbox 113 3361 1284 3465; baseline -0.001 -17"><span class='ocrx_word' id='word_1_200' title='bbox 113 3384 147 3448; x_wconf 92' lang='lat' dir='ltr'><strong>hi</strong></span> <span class='ocrx_word' id='word_1_201' title='bbox 170 3384 225 3464; x_wconf 92' lang='lat' dir='ltr'><strong>qui</strong></span> <span class='ocrx_word' id='word_1_202' title='bbox 248 3403 288 3448; x_wconf 86' lang='lat' dir='ltr'><strong>cx</strong></span> <span class='ocrx_word' id='word_1_203' title='bbox 311 3382 507 3448; x_wconf 90' lang='lat' dir='ltr'><strong>thematibus</strong></span> <span class='ocrx_word' id='word_1_204' title='bbox 529 3388 621 3446; x_wconf 88' lang='lat' dir='ltr'><strong>crant</strong></span> <span class='ocrx_word' id='word_1_205' title='bbox 642 3381 729 3465; x_wconf 91' lang='lat' dir='ltr'><strong>apud</strong></span> <span class='ocrx_word' id='word_1_206' title='bbox 751 3361 899 3462; x_wconf 70' lang='lat' dir='ltr'><strong>dtroam,</strong></span> <span class='ocrx_word' id='word_1_207' title='bbox 930 3381 1151 3464; x_wconf 83' lang='lat' dir='ltr'><strong>exquisierunt</strong></span> <span class='ocrx_word' id='word_1_208' title='bbox 1173 3399 1284 3447; x_wconf 92' lang='lat' dir='ltr'><strong>omnes</strong></span> 
     </span>
     <span class='ocr_line' id='line_1_30' title="bbox 65 3490 1286 3575; baseline -0.003 -17"><span class='ocrx_word' id='word_1_209' title='bbox 65 3508 97 3558; x_wconf 79' lang='lat'><strong>25</strong></span> <span class='ocrx_word' id='word_1_210' title='bbox 115 3493 273 3558; x_wconf 85' lang='lat' dir='ltr'><strong>conununi</strong></span> <span class='ocrx_word' id='word_1_211' title='bbox 296 3492 430 3558; x_wconf 89' lang='lat' dir='ltr'><strong>consilio</strong></span> <span class='ocrx_word' id='word_1_212' title='bbox 453 3491 698 3557; x_wconf 88' lang='lat' dir='ltr'><strong>Constantinum</strong></span> <span class='ocrx_word' id='word_1_213' title='bbox 721 3491 948 3575; x_wconf 88' lang='lat' dir='ltr'><strong>imperatorem</strong></span> <span class='ocrx_word' id='word_1_214' title='bbox 977 3490 1165 3556; x_wconf 86' lang='lat' dir='ltr'><strong>uicesimum</strong></span> <span class='ocrx_word' id='word_1_215' title='bbox 1188 3510 1286 3573; x_wconf 83' lang='lat' dir='ltr'><strong>agen-</strong></span> 
     </span>
     <span class='ocr_line' id='line_1_31' title="bbox 115 3600 1288 3684; baseline -0.003 -16"><span class='ocrx_word' id='word_1_216' title='bbox 115 3612 178 3668; x_wconf 91' lang='lat' dir='ltr'><strong>tem</strong></span> <span class='ocrx_word' id='word_1_217' title='bbox 211 3623 347 3681; x_wconf 88' lang='lat' dir='ltr'><strong>annum,</strong></span> <span class='ocrx_word' id='word_1_218' title='bbox 378 3602 495 3667; x_wconf 88' lang='lat' dir='ltr'><strong>timens</strong></span> <span class='ocrx_word' id='word_1_219' title='bbox 528 3606 634 3666; x_wconf 89' lang='lat' dir='ltr'><strong>autem</strong></span> <span class='ocrx_word' id='word_1_220' title='bbox 665 3601 784 3666; x_wconf 84' lang='lat' dir='ltr'><strong>Eirene</strong></span> <span class='ocrx_word' id='word_1_221' title='bbox 817 3601 970 3684; x_wconf 89' lang='lat' dir='ltr'><strong>impeturn</strong></span> <span class='ocrx_word' id='word_1_222' title='bbox 1002 3600 1114 3684; x_wconf 91' lang='lat' dir='ltr'><strong>populi</strong></span> <span class='ocrx_word' id='word_1_223' title='bbox 1146 3600 1288 3666; x_wconf 86' lang='lat' dir='ltr'><strong>absoluit</strong></span> 
     </span>
     <span class='ocr_line' id='line_1_32' title="bbox 115 3691 1359 3795; baseline -0.001 -19"><span class='ocrx_word' id='word_1_224' title='bbox 115 3733 196 3777; x_wconf 89' lang='lat' dir='ltr'><strong>eum.</strong></span> <span class='ocrx_word' id='word_1_225' title='bbox 247 3718 281 3775; x_wconf 90' lang='lat' dir='ltr'><strong>at</strong></span> <span class='ocrx_word' id='word_1_226' title='bbox 315 3711 361 3775; x_wconf 91' lang='lat' dir='ltr'><strong>illi</strong></span> <span class='ocrx_word' id='word_1_227' title='bbox 394 3710 479 3775; x_wconf 90' lang='lat' dir='ltr'><strong>hunc</strong></span> <span class='ocrx_word' id='word_1_228' title='bbox 512 3710 639 3794; x_wconf 89' lang='lat' dir='ltr'><strong>quidem</strong></span> <span class='ocrx_word' id='word_1_229' title='bbox 673 3712 901 3795; x_wconf 90' lang='lat' dir='ltr'><strong>imperatorem</strong></span> <span class='ocrx_word' id='word_1_230' title='bbox 934 3710 1156 3791; x_wconf 88' lang='lat' dir='ltr'><strong>firmauerunt,</strong></span> <span class='ocrx_word' id='word_1_231' title='bbox 1191 3709 1286 3775; x_wconf 90' lang='lat' dir='ltr'><strong>buius</strong></span> <span class='ocrx_word' id='word_1_232' title='bbox 1357 3691 1359 3695; x_wconf 10' lang='grc' dir='ltr'><em>Α</em></span> 
     </span>
     <span class='ocr_line' id='line_1_33' title="bbox 116 3819 1288 3906; baseline -0.003 -21"><span class='ocrx_word' id='word_1_233' title='bbox 116 3829 221 3885; x_wconf 89' lang='lat' dir='ltr'><strong>autem</strong></span> <span class='ocrx_word' id='word_1_234' title='bbox 245 3826 379 3884; x_wconf 89' lang='lat' dir='ltr'><strong>matrem</strong></span> <span class='ocrx_word' id='word_1_235' title='bbox 402 3827 603 3904; x_wconf 86' lang='lat' dir='ltr'><strong>respuerunt.</strong></span> <span class='ocrx_word' id='word_1_236' title='bbox 646 3828 815 3906; x_wconf 87' lang='lat' dir='ltr'><strong>praeterea</strong></span> <span class='ocrx_word' id='word_1_237' title='bbox 839 3819 957 3885; x_wconf 86' lang='lat' dir='ltr'><strong>direxit</strong></span> <span class='ocrx_word' id='word_1_238' title='bbox 977 3819 1124 3904; x_wconf 88' lang='lat' dir='ltr'><strong>protinus</strong></span> <span class='ocrx_word' id='word_1_239' title='bbox 1149 3819 1288 3903; x_wconf 83' lang='lat' dir='ltr'><strong>impera-</strong></span> 
     </span>
     <span class='ocr_line' id='line_1_34' title="bbox 115 3928 1290 3996; baseline -0.003 -2"><span class='ocrx_word' id='word_1_240' title='bbox 115 3938 165 3994; x_wconf 90' lang='lat' dir='ltr'><strong>tor</strong></span> <span class='ocrx_word' id='word_1_241' title='bbox 187 3929 397 3994; x_wconf 88' lang='lat' dir='ltr'><strong>Michabclern</strong></span> <span class='ocrx_word' id='word_1_242' title='bbox 419 3930 759 3996; x_wconf 83' lang='lat' dir='ltr'><strong>Laebanodracontem</strong></span> <span class='ocrx_word' id='word_1_243' title='bbox 781 3937 812 3995; x_wconf 93' lang='lat' dir='ltr'><strong>et</strong></span> <span class='ocrx_word' id='word_1_244' title='bbox 834 3928 1011 3993; x_wconf 88' lang='lat' dir='ltr'><strong>Iohannem</strong></span> <span class='ocrx_word' id='word_1_245' title='bbox 1032 3928 1176 3992; x_wconf 89' lang='lat' dir='ltr'><strong>baiulum</strong></span> <span class='ocrx_word' id='word_1_246' title='bbox 1197 3947 1290 3993; x_wconf 92' lang='lat' dir='ltr'><strong>suurn</strong></span> 
     </span>
     <span class='ocr_line' id='line_1_35' title="bbox 65 4037 1289 4124; baseline -0.006 -16"><span class='ocrx_word' id='word_1_247' title='bbox 65 4060 98 4108; x_wconf 81' lang='lat'><strong>30</strong></span> <span class='ocrx_word' id='word_1_248' title='bbox 115 4060 152 4105; x_wconf 88' lang='lat' dir='ltr'><strong>ae</strong></span> <span class='ocrx_word' id='word_1_249' title='bbox 175 4040 468 4124; x_wconf 86' lang='lat' dir='ltr'><strong>protospatharium</strong></span> <span class='ocrx_word' id='word_1_250' title='bbox 497 4047 528 4104; x_wconf 91' lang='lat' dir='ltr'><strong>ct</strong></span> <span class='ocrx_word' id='word_1_251' title='bbox 556 4041 745 4105; x_wconf 86' lang='lat' dir='ltr'><strong>iuramentis</strong></span> <span class='ocrx_word' id='word_1_252' title='bbox 769 4039 985 4105; x_wconf 90' lang='lat' dir='ltr'><strong>submiserunt</strong></span> <span class='ocrx_word' id='word_1_253' title='bbox 1007 4037 1224 4119; x_wconf 83' lang='lat' dir='ltr'><strong>Armeniacus,</strong></span> <span class='ocrx_word' id='word_1_254' title='bbox 1248 4056 1289 4102; x_wconf 91' lang='lat' dir='ltr'><strong>ne</strong></span> 
     </span>
     <span class='ocr_line' id='line_1_36' title="bbox 116 4144 1289 4233; baseline -0.005 -17"><span class='ocrx_word' id='word_1_255' title='bbox 116 4152 316 4232; x_wconf 89' lang='lat' dir='ltr'><strong>susciperent</strong></span> <span class='ocrx_word' id='word_1_256' title='bbox 343 4150 485 4214; x_wconf 84' lang='lat' dir='ltr'><strong>Eirenen</strong></span> <span class='ocrx_word' id='word_1_257' title='bbox 514 4157 648 4215; x_wconf 89' lang='lat' dir='ltr'><strong>matrem</strong></span> <span class='ocrx_word' id='word_1_258' title='bbox 678 4171 770 4217; x_wconf 90' lang='lat' dir='ltr'><strong>suam</strong></span> <span class='ocrx_word' id='word_1_259' title='bbox 799 4149 834 4213; x_wconf 91' lang='lat' dir='ltr'><strong>in</strong></span> <span class='ocrx_word' id='word_1_260' title='bbox 863 4148 1116 4233; x_wconf 71' lang='lat' dir='ltr'><strong>imperatricem,</strong></span> <span class='ocrx_word' id='word_1_261' title='bbox 1139 4144 1289 4210; x_wconf 82' lang='lat' dir='ltr'><strong>Alexium</strong></span> 
     </span>
     <span class='ocr_line' id='line_1_37' title="bbox 117 4255 1287 4344; baseline -0.003 -20"><span class='ocrx_word' id='word_1_262' title='bbox 117 4281 193 4326; x_wconf 89' lang='lat' dir='ltr'><strong>uero</strong></span> <span class='ocrx_word' id='word_1_263' title='bbox 216 4260 418 4324; x_wconf 82' lang='lat' dir='ltr'><strong>confirmauit</strong></span> <span class='ocrx_word' id='word_1_264' title='bbox 440 4260 473 4323; x_wconf 92' lang='lat' dir='ltr'><strong>iu</strong></span> <span class='ocrx_word' id='word_1_265' title='bbox 496 4266 676 4344; x_wconf 89' lang='lat' dir='ltr'><strong>praetorem</strong></span> <span class='ocrx_word' id='word_1_266' title='bbox 700 4281 802 4326; x_wconf 89' lang='lat' dir='ltr'><strong>suum.</strong></span> <span class='ocrx_word' id='word_1_267' title='bbox 840 4264 965 4324; x_wconf 87' lang='lat' dir='ltr'><strong>etcum</strong></span> <span class='ocrx_word' id='word_1_268' title='bbox 988 4257 1128 4324; x_wconf 84' lang='lat' dir='ltr'><strong>redisset</strong></span> <span class='ocrx_word' id='word_1_269' title='bbox 1149 4255 1287 4340; x_wconf 88' lang='lat' dir='ltr'><strong>impera-</strong></span> 
     </span>
     <span class='ocr_line' id='line_1_38' title="bbox 116 4365 1290 4452; baseline -0.004 -19"><span class='ocrx_word' id='word_1_270' title='bbox 116 4378 165 4434; x_wconf 92' lang='lat' dir='ltr'><strong>tor</strong></span> <span class='ocrx_word' id='word_1_271' title='bbox 186 4370 220 4434; x_wconf 88' lang='lat' dir='ltr'><strong>in</strong></span> <span class='ocrx_word' id='word_1_272' title='bbox 243 4369 352 4433; x_wconf 90' lang='lat' dir='ltr'><strong>urbem</strong></span> <span class='ocrx_word' id='word_1_273' title='bbox 375 4389 486 4434; x_wconf 91' lang='lat' dir='ltr'><strong>mense</strong></span> <span class='ocrx_word' id='word_1_274' title='bbox 508 4369 708 4452; x_wconf 88' lang='lat' dir='ltr'><strong>Decembrio‚</strong></span> <span class='ocrx_word' id='word_1_275' title='bbox 733 4388 862 4435; x_wconf 88' lang='lat' dir='ltr'><strong>caesum</strong></span> <span class='ocrx_word' id='word_1_276' title='bbox 885 4375 917 4433; x_wconf 92' lang='lat' dir='ltr'><strong>ct</strong></span> <span class='ocrx_word' id='word_1_277' title='bbox 938 4375 1067 4434; x_wconf 90' lang='lat' dir='ltr'><strong>tonsum</strong></span> <span class='ocrx_word' id='word_1_278' title='bbox 1088 4365 1290 4432; x_wconf 86' lang='lat' dir='ltr'><strong>Stauraeium</strong></span> 
     </span>
     <span class='ocr_line' id='line_1_39' title="bbox 116 4476 1290 4562; baseline -0.004 -19"><span class='ocrx_word' id='word_1_279' title='bbox 116 4482 244 4544; x_wconf 84' lang='lat' dir='ltr'><strong>exulem</strong></span> <span class='ocrx_word' id='word_1_280' title='bbox 277 4480 351 4543; x_wconf 84' lang='lat' dir='ltr'><strong>feeit</strong></span> <span class='ocrx_word' id='word_1_281' title='bbox 389 4477 476 4562; x_wconf 87' lang='lat' dir='ltr'><strong>apud</strong></span> <span class='ocrx_word' id='word_1_282' title='bbox 510 4479 774 4545; x_wconf 84' lang='lat' dir='ltr'><strong>Armeniacorum</strong></span> <span class='ocrx_word' id='word_1_283' title='bbox 812 4478 921 4543; x_wconf 90' lang='lat' dir='ltr'><strong>thema</strong></span> <span class='ocrx_word' id='word_1_284' title='bbox 957 4476 999 4542; x_wconf 90' lang='lat' dir='ltr'><strong>ad</strong></span> <span class='ocrx_word' id='word_1_285' title='bbox 1037 4476 1290 4542; x_wconf 87' lang='lat' dir='ltr'><strong>satisfactionem</strong></span> 
     </span>
    </p>
   </div>
   <div class='ocr_carea' id='block_1_4' title="bbox 188 4714 1294 4801">
    <p class='ocr_par' dir='ltr' id='par_1_4' title="bbox 188 4714 1294 4801">
     <span class='ocr_line' id='line_1_40' title="bbox 188 4714 1294 4801; baseline -0.004 -14"><span class='ocrx_word' id='word_1_286' title='bbox 188 4740 197 4787; x_wconf 89' lang='lat' dir='ltr'><strong>l</strong></span> <span class='ocrx_word' id='word_1_287' title='bbox 218 4741 244 4787; x_wconf 80' lang='lat' dir='ltr'><strong>et</strong></span> <span class='ocrx_word' id='word_1_288' title='bbox 262 4741 276 4787; x_wconf 83' lang='lat'>5</span> <span class='ocrx_word' id='word_1_289' title='bbox 295 4741 321 4788; x_wconf 83' lang='lat' dir='ltr'><strong>et</strong></span> <span class='ocrx_word' id='word_1_290' title='bbox 339 4741 354 4789; x_wconf 82' lang='lat'>6</span> <span class='ocrx_word' id='word_1_291' title='bbox 372 4741 398 4789; x_wconf 82' lang='lat' dir='ltr'><strong>et</strong></span> <span class='ocrx_word' id='word_1_292' title='bbox 416 4740 448 4788; x_wconf 80' lang='grc'><strong>26</strong></span> <span class='ocrx_word' id='word_1_293' title='bbox 467 4738 493 4788; x_wconf 83' lang='lat' dir='ltr'><strong>et</strong></span> <span class='ocrx_word' id='word_1_294' title='bbox 511 4738 539 4787; x_wconf 81' lang='lat'><strong>31</strong></span> <span class='ocrx_word' id='word_1_295' title='bbox 560 4732 667 4787; x_wconf 81' lang='lat' dir='ltr'><strong>heucue</strong></span> <span class='ocrx_word' id='word_1_296' title='bbox 688 4731 711 4786; x_wconf 82' lang='lat' dir='ltr'><strong>b</strong></span> <span class='ocrx_word' id='word_1_297' title='bbox 789 4736 818 4786; x_wconf 74' lang='lat' dir='ltr'><strong>lt</strong></span> <span class='ocrx_word' id='word_1_298' title='bbox 839 4719 982 4801; x_wconf 72' lang='lat' dir='ltr'><strong>recrprocd</strong></span> <span class='ocrx_word' id='word_1_299' title='bbox 999 4714 1229 4797; x_wconf 68' lang='lat' dir='ltr'><strong>comulruratrou‘e</strong></span> <span class='ocrx_word' id='word_1_300' title='bbox 1245 4743 1294 4798; x_wconf 91' lang='lat' dir='ltr'><strong>pe·</strong></span> 
     </span>
    </p>
   </div>
   <div class='ocr_carea' id='block_1_5' title="bbox 115 4809 1085 4978">
    <p class='ocr_par' dir='ltr' id='par_1_5' title="bbox 115 4809 1085 4978">
     <span class='ocr_line' id='line_1_41' title="bbox 115 4809 754 4896; baseline 0.003 -18"><span class='ocrx_word' id='word_1_301' title='bbox 115 4812 184 4879; x_wconf 71' lang='lat' dir='ltr'><strong>rurni</strong></span> <span class='ocrx_word' id='word_1_302' title='bbox 204 4826 228 4880; x_wconf 85' lang='lat' dir='ltr'><em>D</em></span> <span class='ocrx_word' id='word_1_303' title='bbox 279 4819 429 4896; x_wconf 78' lang='lat' dir='ltr'><strong>perundl)</strong></span> <span class='ocrx_word' id='word_1_304' title='bbox 498 4809 754 4883; x_wconf 67' lang='lat' dir='ltr'><strong>solimanno</strong></span> 
     </span>
     <span class='ocr_line' id='line_1_42' title="bbox 160 4920 1085 4978; baseline 0.008 -19"><span class='ocrx_word' id='word_1_305' title='bbox 160 4920 276 4961; x_wconf 75' lang='lat' dir='ltr'><strong>llraroarn</strong></span> <span class='ocrx_word' id='word_1_306' title='bbox 293 4932 413 4962; x_wconf 69' lang='lat' dir='ltr'><strong>urserunt</strong></span> <span class='ocrx_word' id='word_1_307' title='bbox 1054 4929 1085 4978; x_wconf 77' lang='lat'><strong>37</strong></span> 
     </span>
    </p>
   </div>
   <div class='ocr_carea' id='block_1_6' title="bbox 0 0 1430 5394">
    <p class='ocr_par' dir='ltr' id='par_1_6' title="bbox 0 0 1430 5394">
     <span class='ocr_line' id='line_1_43' title="bbox 0 0 1430 5394; baseline 0 0"><span class='ocrx_word' id='word_1_308' title='bbox 0 0 1430 5394; x_wconf 95' lang='lat' dir='ltr'><strong> </strong></span> 
     </span>
    </p>
   </div>
  </div>
 </body>
</html>
