2834 5394
498 685 570 733 ear.
594 685 810 734 xxrm-xxx
1177 673 1238 736 383

63 858 162 922 qnam
184 837 352 902 eoronauit
372 835 559 920 Augustam.
603 856 673 902 oum
702 844 810 903 autem
839 842 925 903 esset
948 836 1038 920 pius,
1066 836 1240 904 adornauit

63 947 221 1014 eoeleaiaa
243 966 325 1031 quas
347 947 547 1013 lastinianus
570 946 799 1012 aedifioauerat
826 952 893 1011 tam
914 944 1066 1011 uidelicet
1086 966 1238 1029 magnam

64 1057 233 1124 eoeleaiam
256 1061 289 1120 et
310 1062 439 1121 sanatos
461 1055 634 1140 Apostolos
657 1075 817 1140 quamque
838 1056 922 1122 alias
944 1055 1098 1122 eeclesias
1120 1062 1152 1120 et
1172 1075 1238 1121 mo·

63 1166 224 1246 uastaria,
261 1164 387 1231 donans
416 1165 464 1231 eis
493 1165 662 1233 thesauros
699 1174 730 1230 et
759 1185 886 1231 omnem
915 1164 1060 1230 reditum.
1105 1171 1239 1250 eratque
1304 1161 1310 1170 “

32 1274 263 1342 aorthodoxus
284 1274 381 1340 ualde
413 1281 445 1340 et
466 1275 555 1341 misit
576 1275 747 1340 Photinum
769 1273 960 1339 monaahum
983 1273 1166 1358 priuignum
1187 1274 1239 1339 Bi-

63 1386 168 1451 liaarii
189 1385 326 1468 patricii,
349 1384 432 1451 dans
455 1385 484 1449 ei
507 1390 698 1468 potestatem
728 1392 840 1451 eontra
862 1403 987 1450 omnem
1009 1404 1183 1468 personam
1204 1391 1238 1451 et

62 1515 196 1562 oausam
222 1493 399 1578 paoidoana
422 1495 575 1560 eeclesias
597 1495 768 1560 uniuersas
790 1494 932 1579 Aegypti
953 1500 985 1559 et
1007 1493 1235 1560 Alexandriae.

148 1603 297 1671 Seeundo
319 1623 404 1669 anno
427 1604 552 1686 imperii
575 1602 690 1669 Iustini
712 1602 885 1670 Aetherius
907 1610 938 1668 et
951 1602 1089 1670 Auidius
1111 1622 1149 1668 ae
1171 1623 1238 1669 me-

64 1714 157 1781 dious
186 1713 241 1797 qui
269 1730 341 1777 oum
368 1713 450 1797 ipsis
479 1721 548 1779 erat
577 1711 724 1779 insidiati
747 1722 822 1780 sunt
851 1712 955 1778 eidem
978 1713 1165 1796 imperatori
1186 1713 1238 1803 Iu·

15 1835 46 1885 lo
64 1823 159 1888 atino.
204 1822 258 1906 qui
280 1823 400 1906 eogniti
421 1822 579 1887 interiecti
603 1829 677 1889 sunt
698 1821 818 1906 gladio.

149 1932 259 1997 Tertio
295 1931 421 2014 imperii
458 1932 575 1997 Iustini
603 1952 690 1998 anno
727 1932 892 1998 accersitis
929 1930 1053 2015 Sophia
1088 1929 1238 2014 piissima

63 2040 209 2124 Augusta
230 2041 436 2125 pecuniarum
459 2041 678 2107 uenditoribus
702 2048 734 2107 et
755 2041 888 2106 notariis
907 2041 1002 2106 iussit
1024 2038 1142 2104 deterri
1166 2056 1238 2103 eau-

63 2151 170 2215 tiones
197 2148 377 2214 debitorum
405 2157 438 2216 et
466 2150 596 2232 breues,
634 2150 750 2234 quibus
778 2151 870 2217 leotis
898 2128 1023 2232 aeoepit
1051 2149 1168 2216 breues
1207 2154 1238 2212 et

63 2260 215 2341 praebuit
243 2278 299 2325 eos
326 2258 525 2325 debitoribus
554 2266 586 2324 et
613 2258 753 2325 reddidit
774 2259 913 2326 dominis
937 2259 1014 2325 suis.
1052 2265 1084 2324 et
1107 2256 1239 2323 laudata

19 2382 46 2430 la
65 2377 116 2434 est
137 2388 235 2453 super
256 2368 317 2433 hoe
340 2388 536 2452 magnopere
558 2369 600 2433 ab
623 2371 776 2436 uniuersa
797 2369 938 2434 ciuitate.

150 2478 294 2563 Septimo
322 2478 449 2562 imperii
475 2478 590 2544 Iustini
619 2500 704 2544 anno
732 2479 868 2544 Romani
901 2497 939 2542 ao
966 2478 1086 2545 Persae
1122 2495 1235 2561 paoem
1256 2473 1356 2540 XXX

66 2596 275 2672 oorruperunt
295 2594 327 2650 et
349 2588 463 2651 iterum
479 2588 643 2654 Persicum
666 2594 854 2653 renouatum
878 2595 929 2653 est
950 2587 1069 2652 bellum
1091 2605 1129 2651 eo
1152 2585 1238 2669 quod

64 2696 249 2762 Homeritae
270 2694 343 2760 Indi
364 2697 557 2779 legationem
581 2696 623 2760 ad
645 2700 807 2762 Romanos
830 2697 977 2762 miserint
1004 2703 1036 2761 et
1064 2696 1238 2777 imperator

66 2806 228 2871 Iulianum
257 2805 501 2888 magistrianum
538 2825 608 2868 oum
645 2826 736 2870 saera
766 2804 977 2870 destinauerit
1013 2803 1055 2868 ad
1083 2803 1237 2869 Aretbam

18 2936 51 2986 ao
67 2934 177 2998 regern
199 2916 390 2999 Aethiopum
421 2934 479 2999 per
501 2915 609 2979 Nilum
631 2914 762 2978 fluuium
791 2914 833 2977 ab
854 2912 1054 2978 Alexandria
1075 2918 1107 2976 et
1126 2910 1237 2976 Indieo

66 3026 157 3089 mari.
201 3025 256 3106 qui
278 3032 426 3109 receptus
448 3025 489 3088 ab
511 3024 634 3089 Aretho
655 3043 731 3108 rege
761 3042 832 3087 oum
853 3021 973 3106 gaudio
994 3022 1110 3102 multo,
1140 3040 1238 3106 appe·

65 3142 153 3199 tento
182 3133 331 3197 nimirum
359 3134 533 3198 amioitiam
562 3135 777 3198 Romanorum
807 3131 1019 3216 imperatoris.
1065 3129 1238 3197 enarrabat

66 3251 173 3308 autem
196 3262 267 3307 oum
290 3241 429 3309 redisset
450 3242 535 3308 idern
558 3243 703 3308 Iulianus
726 3242 810 3326 quod
834 3242 963 3325 quando
986 3241 1142 3324 receperit
1163 3260 1236 3306 eum

65 3373 124 3419 rex
145 3352 283 3418 Arethas
306 3351 410 3417 nudus
431 3359 518 3418 esset
540 3352 664 3418 hahens
687 3352 980 3416 eireumeinoturam
1012 3351 1098 3415 etin
1120 3349 1238 3416 lumbis

18 3483 50 3533 25
67 3463 155 3527 linea
181 3462 376 3527 uestimenta
402 3482 479 3526 auro
502 3469 660 3527 contexta.
705 3462 790 3526 eirea
811 3469 957 3527 uentrem
988 3479 1064 3526 uero
1086 3459 1238 3543 portabat

66 3570 256 3636 indumenta
278 3572 473 3636 scissarum
496 3572 679 3653 margaritis
701 3571 850 3654 pretiosis
873 3571 951 3636 etin
967 3569 1107 3635 braebiis
1122 3569 1239 3653 quinos

66 3681 201 3747 eireulos
224 3687 256 3745 et
276 3701 393 3747 aureas
416 3681 561 3746 armillas
590 3681 624 3745 in
651 3681 800 3746 manibus
823 3681 905 3764 suis,
935 3682 970 3745 in
999 3680 1104 3764 eapite
1132 3685 1240 3745 autem

64 3810 208 3872 pannum
244 3796 438 3873 gemmatum
466 3790 639 3855 habentem
675 3810 716 3855 ex
744 3797 877 3871 utroque
906 3790 1081 3873 ligamento
1117 3790 1241 3872 pleetas

67 3905 216 3982 quattuor
239 3906 270 3964 et
292 3907 436 3983 torquem
460 3919 591 3964 aureum
613 3899 647 3963 in
668 3900 750 3963 oollo
774 3920 831 3965 suo
855 3906 887 3964 et
910 3899 1016 3965 stabat
1037 3919 1136 3982 supra
1151 3903 1240 3981 quat-

17 4029 50 4078 30
67 4016 138 4072 tuor
161 4008 350 4091 elephantes
373 4015 497 4075 stantes
520 4016 552 4072 et
574 4009 731 4074 habentes
753 4009 862 4093 iugum
886 4015 918 4074 et
935 4015 1022 4073 rotas
1037 4013 1187 4091 quattuor
1207 4014 1239 4071 et

67 4119 215 4201 superius
237 4138 363 4182 ourrum
386 4119 547 4185 excelsum
571 4119 712 4183 uelatum
734 4119 851 4203 petalis
875 4117 982 4183 aureis
1006 4123 1039 4181 ut
1061 4122 1136 4183 sunt
1151 4116 1238 4201 prin·

66 4229 172 4312 eipum
194 4228 432 4312 prouinciarum
454 4248 565 4293 eurrus
588 4235 620 4294 et
642 4235 732 4295 stans
755 4249 854 4312 supra
876 4229 950 4294 illos
972 4226 1096 4294 ferebat
1117 4232 1240 4292 scutum

66 4337 294 4422 paruissimum
323 4339 512 4403 deauratum
541 4343 574 4403 et
600 4337 682 4406 duas
711 4339 873 4406 lanceolas
902 4358 1019 4405 aureas
1047 4344 1079 4404 et
1106 4344 1240 4404 senatus

134 4570 327 4624 8etbenull)
428 4576 457 4624 15
476 4571 601 4625 umuerlo
620 4570 647 4626 D
751 4575 781 4624 18
799 4570 859 4624 Indi
876 4570 1035 4638 legationem
1055 4569 1186 4626 Gnatam
1203 4587 1241 4625 aa

68 4659 229 4732 Teopbaae:
256 4678 284 4715 m
309 4662 451 4717 ddeetrone
476 4661 544 4728 ΒΡ,
568 4662 759 4730 indelegionem
783 4664 945 4717 Anastasia
1039 4666 1069 4716 19
1086 4663 1239 4732 magistrum

57 4795 85 4851 b
103 4802 130 4851 et
146 4813 164 4851 a
181 4812 235 4852 see.
251 4813 336 4852 marra
355 4795 382 4850 P
447 4747 529 4863 [serg
544 4796 571 4852 D
639 4795 789 4853 aretband
874 4800 908 4852 29
926 4797 1086 4867 quatuorD
