2834 5394
166 260 227 323 too
665 273 758 321 unsar
780 274 831 322 vir

163 423 212 509 <et
233 422 399 509 Snlacem>
422 422 575 491 Crassum
598 424 770 491 occiderat.
807 425 860 491 hic
882 425 1005 510 primus
1026 426 1069 492 de
1082 425 1214 493 Parthis
1236 427 1334 494 iustis·

163 535 279 603 simum
300 534 497 620 triumphuni
518 536 640 600 Romae
662 536 737 620 egit.
780 533 924 618 (interea
944 536 1105 603 Antonius
1127 537 1183 602 uix
1205 557 1272 603 uno
1294 557 1334 604 ea·

163 646 256 713 stello
279 653 464 732 expugnato
485 664 600 730 pacem
622 665 693 711 cum
708 645 867 711 Antiocho
891 646 967 711 fecit
989 654 1023 712 ut
1044 648 1116 732 ipsc
1131 653 1259 712 tantam
1274 667 1334 713 rein

161 776 403 824 consummasse
422 755 594 822 uideretur.
623 755 808 821 Ventidium
821 757 936 841 Syriae
958 757 1114 840 praefecit
1123 756 1286 841 iussitque
1308 771 1334 824 ut

160 868 322 952 Antigono
344 867 465 932 bellum
486 866 634 948 inferret,
663 867 719 950 qui
746 866 885 932 Iudaeos
913 873 982 930 tum
1004 868 1084 933 forte
1106 865 1334 952 debellaueraf,

160 985 319 1064 captaque
341 975 568 1060 Hierosolyma
589 977 742 1060 templum
771 977 969 1061 spoliauerat
997 996 1198 1061 regnumque
1218 977 1334 1044 Herodi

162 1088 305 1170 dederat,
329 1105 423 1167 quem
445 1085 596 1151 continuo
618 1087 737 1152 uictum
759 1087 793 1152 in
816 1086 1014 1152 deditionem
1037 1087 1169 1172 recepit.

245 1197 342 1262 Mena
363 1196 497 1262 libertus
520 1214 591 1260 cum
614 1197 785 1280 sexaginta
807 1197 947 1265 nauibus
969 1198 1012 1263 ad
1026 1198 1217 1283 Pompeium
1233 1197 1333 1280 rediit,

160 1327 266 1389 aquo
289 1306 461 1372 clementer
483 1312 631 1391 receptus
654 1305 806 1374 Caesaris
835 1309 973 1374 classem
1000 1307 1159 1388 incendit,
1190 1308 1334 1391 quamuis

159 1437 263 1503 nuper
284 1414 407 1484 Cacsar
427 1417 563 1481 alteram
586 1416 727 1482 secundo
749 1417 920 1501 naufragio
941 1417 1147 1503 perdidisset.
1186 1418 1334 1502 idemque

159 1528 255 1594 Mena
276 1534 392 1612 postea
412 1527 455 1592 ab
477 1526 625 1611 Agrippa
645 1527 758 1593 nauali
779 1528 903 1613 proelio
926 1528 1162 1595 circumuentus
1185 1547 1258 1593 cum
1280 1548 1335 1594 sex

159 1638 343 1705 triremibus
366 1636 408 1703 ad
424 1634 598 1703 Caesarem
621 1637 758 1703 transiit.
790 1637 848 1703 sed
870 1638 956 1703 hunc
972 1637 1094 1705 Caesar·
1116 1639 1211 1704 tertio
1234 1646 1334 1705 trans·

159 1749 268 1832 fugam
295 1747 422 1814 indulta
449 1754 573 1813 tantum
603 1747 672 1813 uita
699 1765 831 1830 segnem
864 1747 1003 1832 reliquit.
1048 1746 1168 1814 deinde
1189 1748 1334 1834 Agrippa

158 1859 242 1924 inter
263 1859 369 1944 Mylas
391 1864 424 1923 ct
444 1857 582 1943 Liparas
606 1858 730 1924 insulas
752 1857 911 1924 aduersus
933 1858 1169 1925 Democharem
1192 1866 1224 1923 et
1246 1859 1334 1923 Pom-

157 1967 265 2052 peium
288 1969 407 2033 nauale
428 1968 586 2052 proelium
607 1968 709 2050 gessit
737 1986 775 2032 ao
803 1968 881 2033 uicit
909 1968 1018 2053 ibique
1045 1976 1122 2034 tunc
1150 1988 1255 2036 naues
1283 1970 1334 2034 tri-

157 2077 249 2160 ginta
271 2084 326 2142 aut
348 2077 504 2143 demersit
524 2083 581 2142 aut
601 2078 696 2162 cepit.
730 2079 864 2163 reliquis
886 2079 1037 2145 laceratis
1059 2080 1233 2164 Pompeius
1255 2079 1334 2146 Mes·

157 2206 271 2252 sanam
292 2187 444 2271 confugit.

92 2287 137 2357 VI
244 2297 368 2364 Caesar
396 2297 521 2363 interea
543 2297 788 2364 Taurominium
816 2298 1005 2380 traiecerat,
1037 2318 1132 2382 quem
1167 2298 1334 2382 repentino

158 2409 279 2494 impetu
301 2408 473 2494 Pompeius
496 2406 622 2473 afflixit.
668 2407 753 2473 unde
775 2408 884 2473 multis
914 2407 1071 2475 demersis
1103 2407 1245 2475 nauibus
1268 2409 1334 2476 suis

159 2538 196 2585 ac
218 2540 337 2603 magna
359 2517 563 2584 multitudine
585 2538 715 2584 suorum
738 2517 875 2582 militum
897 2517 1026 2602 perdita
1048 2518 1082 2582 in
1104 2518 1235 2583 Italiam
1256 2517 1334 2586 Cae

159 2649 212 2696 sar
242 2630 366 2713 aufugit
393 2649 454 2695 nec
481 2629 716 2695 interueniente
745 2648 835 2694 mora
864 2628 898 2692 in
920 2628 1067 2694 Siciliam
1095 2627 1192 2694 rediit
1225 2629 1334 2713 ibique

158 2738 316 2822 Lepidum
339 2758 379 2803 en
401 2738 511 2804 Africa
539 2738 770 2804 aduentantem
792 2738 921 2804 obuium
956 2737 1070 2804 habuit
1098 2759 1243 2806 summas
1272 2740 1334 2806 sibi

158 2855 267 2933 partes
289 2855 411 2914 terrore
433 2848 529 2913 minis
551 2868 591 2913 ac
613 2848 767 2933 superbia
789 2847 1016 2915 uindicantem.
1061 2855 1135 2934 post
1162 2846 1235 2916 dies
1257 2870 1334 2934 pau-

158 2977 211 3026 cos
233 2958 379 3044 Agrippa
406 2960 497 3025 iussu
525 2957 677 3024 Caesaris
710 2958 850 3024 alitore
878 2976 949 3023 cum
978 2957 1049 3025 acie
1078 2958 1236 3025 instructa
1264 2980 1334 3045 pro

227 3205 237 3253 l
259 3200 382 3254 filaceam
399 3199 425 3254 D
443 3199 508 3265 (Pa
611 3205 722 3268 t-lce,
740 3206 756 3255 6
774 3201 808 3271 <>
826 3200 864 3256 D:
890 3201 1000 3255 Interim
1016 3202 1156 3271 pompeiuf
1171 3217 1269 3270 paceni
1285 3219 1331 3259 ru-

156 3291 247 3361 pit-b
263 3291 363 3361 naluab
380 3293 465 3363 prqbo
484 3292 700 3363 ructus-fugienf
716 3294 751 3348 ad
768 3295 852 3348 afram
869 3293 1027 3349 interfectuf
1042 3294 1093 3348 eft·
1108 3294 1244 3350 Antoniuf
1260 3314 1306 3367 qui
1326 3297 1330 3367 Ι

156 3385 240 3439 afram
256 3383 280 3437 fe
298 3391 426 3440 errantem
443 3385 554 3441 tenebat
564 3411 569 3421 ·
579 3387 729 3455 repuldiata
748 3388 838 3442 forore
856 3388 953 3456 cefanf
969 3386 1075 3454 augusti
1087 3385 1234 3452 octauilam
1244 3415 1250 3426 ·
1261 3389 1334 3445 cleo·

156 3484 262 3548 petram
280 3493 398 3546 reginam
415 3483 520 3549 aegypti
535 3480 539 3547 l
555 3479 632 3534 duxit
649 3495 760 3534 uxorein
781 3486 898 3535 ·contra
922 3480 1012 3548 perfaf
1034 3485 1116 3534 etiam
1132 3482 1137 3546 l
1152 3481 1208 3549 ipfe
1224 3496 1330 3552 pugna·

155 3577 196 3626 uit
215 3597 219 3607 ·
235 3573 328 3641 primif
350 3573 395 3627 eof
420 3572 512 3642 preliis
527 3579 593 3626 uicit
609 3598 614 3608 ·
641 3578 645 3632 l
661 3573 814 3642 regrediens
829 3579 921 3628 tamen
937 3571 1009 3626 fame
1027 3571 1051 3626 fr
1067 3572 1218 3642 pestilentia
1235 3584 1239 3633 l
1254 3575 1330 3630 labo·

155 3672 226 3720 ranit
236 3664 276 3719 da
293 3681 354 3720 cum
370 3667 501 3721 instarent
516 3667 606 3735 parthi
622 3666 626 3735 Ι
641 3665 752 3736 fugienti
763 3690 768 3700 ·
779 3667 836 3735 ipfe
853 3681 902 3735 pro
921 3671 995 3720 uicto
1012 3667 1136 3721 receffit·
1152 3667 1195 3721 bic
1213 3669 1331 3739 quelque

155 3759 249 3826 ingenf
270 3759 369 3813 bellum
387 3760 465 3814 ciuile
489 3761 654 3828 commonitu
668 3766 779 3827 cogente
801 3774 885 3813 uxore
909 3759 1049 3827 cleopatra
1072 3774 1165 3828 regina
1189 3765 1328 3830 aegypti-l

156 3849 219 3906 dnm
236 3852 384 3921 eupiditate
401 3852 521 3908 mcliebn
539 3859 615 3921 optat
632 3859 712 3906 etiam
728 3853 733 3922 Ι
748 3869 776 3906 1n
793 3852 862 3906 urbe
878 3866 1010 3919 regnare·
1031 3853 1120 3906 nictuf
1135 3853 1174 3907 eft
1191 3852 1226 3906 ab
1244 3869 1329 3924 augu-

157 3945 196 3999 fto
212 3945 216 4012 Ι
232 3945 322 3998 nauali
338 3962 428 4015 pugna
447 3947 521 4002 clara
537 3953 565 4000 ct
582 3947 676 4000 illnftri
694 3945 767 4016 apud
785 3945 893 4014 aeltium
911 3943 939 3999 B
1007 3949 1022 3997 t
1050 3946 1218 4001 confumaffe
1236 3947 1263 4003 D
1314 3951 1330 4002 6

155 4037 295 4107 captisque
311 4038 493 4109 hierosolymis
518 4045 583 4094 ante
599 4056 654 4093 ras.
672 4040 701 4092 in
718 4037 746 4093 P
759 4039 848 4109 faisse
864 4038 1022 4109 suspicatur
1040 4037 1173 4094 Gruterus
1240 4040 1330 4096 hieru·

155 4128 246 4183 folima
263 4131 290 4185 D
357 4136 530 4201 regnumque]
549 4132 702 4200 templumq.
720 4131 747 4186 l)
830 4132 952 4186 fuictuf
967 4131 994 4186 I)
1091 4136 1121 4185 ft
1139 4131 1227 4202 Mylaf
1243 4132 1268 4187 de
1284 4132 1331 4188 In·

153 4223 235 4287 paraf
250 4223 292 4276 P:
310 4224 387 4278 milaf
402 4225 426 4278 fr
442 4224 598 4295 lyparafI)‚
616 4224 708 4279 mileas
725 4224 825 4293 liparas
844 4223 902 4279 cod.
921 4223 993 4278 Pitb.
1052 4224 1205 4294 domolcba
1222 4225 1257 4291 1),
1276 4227 1330 4283 De·

155 4314 279 4367 mocbam
302 4315 329 4371 P
431 4321 462 4371 18
494 4319 664 4373 tauromenii
695 4316 722 4372 D
841 4320 874 4371 20
905 4318 980 4372 italia
1010 4318 1037 4374 Ι)
1138 4322 1169 4372 21
1197 4319 1332 4376 fredred

154 4407 186 4458 23
205 4405 299 4475 fupura
317 4408 343 4462 D
