2834 5394
62 198 124 261 536
547 213 640 261 nrnnr
660 211 762 259 xxun

61 365 220 445 habitant,
243 372 274 429 et
295 365 385 430 iuxta
406 366 536 430 Petrum
559 363 715 448 Cnaphea
738 363 914 429 trinitatem
944 363 983 428 in
1015 361 1173 446 trisagio
1203 382 1272 427 cru·

63 475 203 560 cifigunt.
248 495 341 559 porro
371 483 527 558 aquarto
550 473 623 540 idus
646 476 810 557 Augustas
841 493 944 558 usque
977 473 1025 538 ad
1058 480 1193 538 octauo
1216 474 1271 538 ka·

62 585 177 658 lendas
214 585 434 669 Septembrias
470 585 625 650 tenebrae
661 583 766 649 iactae
802 594 877 650 sunt
914 584 1131 649 nebulosae.
1196 591 1270 649 tuuc

63 695 231 761 Martinam
254 695 355 760 uictor
370 696 490 760 Emesa
511 702 606 778 capta
625 694 775 759 interficit
796 715 909 760 omnes
931 703 1106 777 cognatos
1131 702 1168 759 et
1192 695 1269 759 libe

64 827 117 873 ros
145 806 290 885 Eisdem,
329 814 557 889 expugnatque
588 824 697 870 muros
726 804 934 888 Heliopoleos
963 814 999 870 et
1029 806 1209 872 Damasei
1239 816 1297 870 ets

64 916 369 999 Hierosolymorum,
385 914 548 980 trucidans
564 915 680 980 multos
696 921 842 998 potentes
864 921 896 979 ot
911 922 1078 981 truncans
1100 914 1268 982 residuos.

29 1022 45 1086 l
152 1026 245 1088 Anno
269 1044 344 1088 uero
367 1024 571 1090 Constantini
595 1030 686 1089 sexto
709 1024 812 1091 factus
835 1034 885 1090 cst
907 1032 1017 1101 terrae
1048 1035 1173 1092 motus
1203 1047 1268 1091 ma·

62 1154 145 1217 gnus
167 1133 200 1198 in
222 1134 410 1200 Palaestina
433 1142 465 1200 et
486 1134 571 1199 circa
586 1134 757 1198 Iordanem
786 1143 818 1201 et
845 1142 945 1199 totam
968 1136 1114 1219 Syriam
1149 1156 1265 1202 mense

65 1243 214 1309 ianuario
251 1243 332 1309 bora
353 1254 470 1326 quarta
506 1252 537 1309 et
566 1246 666 1309 multa
696 1246 785 1309 milia
814 1245 892 1326 quin
928 1252 960 1309 et
990 1246 1263 1312 innumerabilia

63 1362 189 1420 mortua
212 1363 288 1421 suut
311 1356 532 1438 ecclesiaeque
553 1374 592 1419 ac
616 1356 814 1421 monasteria
835 1363 1023 1420 corruerunt
1047 1365 1084 1423 et
1109 1358 1260 1424 maxime
1276 1365 1301 1414 lt

64 1485 165 1552 penes
188 1486 328 1531 eremum
358 1471 492 1531 sauctae
521 1465 672 1531 ciuitatis.
717 1465 830 1531 eodem
860 1485 937 1530 uero
965 1486 1054 1531 anno
1090 1469 1258 1552 pestilens

65 1597 150 1644 mors
178 1577 334 1642 aSicilia
362 1585 393 1641 et
416 1575 569 1640 Calabria
595 1575 753 1659 incipiens
783 1577 881 1642 ueluti
911 1576 1045 1658 quidam
1076 1578 1174 1660 ignis
1205 1579 1257 1646 de

64 1706 202 1770 pascens
231 1686 273 1751 ad
297 1685 519 1752 hlonobasiam
551 1692 583 1751 et
605 1684 774 1750 Helladem
811 1692 908 1770 atque
934 1686 1177 1756 interiacentes
1210 1690 1256 1754 in·

64 1797 155 1863 sulas
176 1797 273 1873 uenit,
297 1816 355 1880 per
371 1802 469 1860 totam
493 1801 641 1878 quartam
657 1794 815 1860 decimam
837 1795 1046 1861 indictionem
1070 1796 1251 1881 flagellans

63 1905 196 1989 impium
219 1904 467 1971 Constantinum
490 1912 522 1970 ct
544 1904 699 1970 cohibens
721 1905 762 1970 ab
785 1906 935 1984 insania,
960 1927 1057 1989 quam
1079 1907 1248 1975 aduersus
1266 1922 1291 1971 rt

64 2022 193 2081 sanctas
230 2014 385 2080 ecclesias
423 2023 455 2079 ct
490 2014 696 2082 uenerabiles
734 2015 893 2098 imagines
925 2016 1081 2081 irritabat.
1132 2038 1248 2084 uerum

62 2124 118 2190 illc
140 2132 174 2187 ut
196 2123 323 2188 Pharao
345 2123 506 2205 quondam
530 2124 725 2192 incorrectus
748 2126 936 2209 permansit.
980 2147 1060 2191 saue
1083 2129 1246 2209 pestilen-

62 2233 110 2300 tia
131 2232 211 2299 haee
234 2233 370 2299 bubonis
393 2233 577 2300 discurrens
611 2235 723 2316 quinta
752 2236 876 2301 decima
906 2235 1082 2302 indictione
1113 2239 1245 2323 regiam

26 2350 36 2404 Ι
68 2345 218 2431 peruenit
239 2345 282 2410 ad
304 2344 426 2412 urbem.
471 2352 647 2429 coeperunt
667 2351 774 2410 autem
798 2346 902 2411 subito
931 2346 1143 2413 inuisibiliter
1171 2349 1244 2415 lieri

65 2457 186 2523 tamin
209 2456 373 2522 bominum
401 2455 604 2522 uestimentis
633 2461 665 2520 et
693 2455 727 2519 in
758 2457 893 2522 sacratis
916 2457 1126 2522 ecelesiarum
1151 2459 1245 2524 indu·
1260 2469 1292 2520 tt

66 2568 182 2634 mentis
211 2588 308 2650 quam
330 2576 362 2632 et
391 2567 423 2630 in
453 2566 534 2631 uelis
563 2565 742 2630 cruciculae
771 2566 928 2648 plurimae
965 2567 1064 2632 ueluti
1094 2588 1136 2632 cx
1171 2570 1245 2634 oleo

67 2677 269 2759 designatae.
320 2677 405 2741 lacta
438 2685 488 2742 est
520 2695 595 2756 crgo
629 2674 704 2738 biuc
738 2675 869 2741 tristitia
902 2687 934 2742 et
966 2676 1102 2743 delectio
1138 2681 1245 2746 animi

65 2788 166 2852 multa
187 2794 318 2871 propter
341 2786 474 2851 dubium
497 2785 629 2851 huiusce
653 2784 739 2849 rrrodi
761 2786 898 2868 siguum.
946 2788 1034 2852 uenit
1056 2789 1161 2855 uibilo
1185 2791 1243 2855 mi-

65 2920 126 2965 nus
157 2908 189 2963 ct
218 2897 373 2963 diuinitus
401 2895 580 2977 indignatio
610 2894 776 2978 dissipans
806 2896 1006 2963 incessanter
1040 2920 1103 2963 nou
1134 2901 1243 2964 solum

66 3009 155 3075 urbis
178 3009 265 3073 ciues
289 3007 346 3072 sed
370 3012 401 3071 et
422 3006 456 3070 in
479 3005 628 3070 oumibus
658 3006 853 3071 suburbanis
884 3008 953 3073 eius
982 3008 1147 3090 degentes.
1197 3011 1243 3076 la·
1267 3024 1297 3076 2⁵

64 3126 134 3183 ctae
165 3137 241 3181 uero
272 3122 347 3181 suut
375 3122 407 3178 et
435 3099 631 3196 phantasiae
661 3115 695 3180 in
723 3117 840 3181 multos
864 3117 1026 3182 hominum
1051 3120 1163 3201 quiin
1187 3141 1243 3187 ex-

64 3225 144 3294 stasi
167 3225 243 3289 lacti
267 3223 496 3289 existimabant
518 3244 553 3289 se
575 3244 645 3288 cum
670 3227 849 3309 peregrinis
872 3228 1065 3310 quibusdam
1089 3236 1122 3293 ut
1144 3240 1243 3313 puta·

65 3337 143 3403 bant
157 3344 190 3402 ct
205 3334 350 3400 trucibus
366 3334 510 3400 faciebus
526 3335 671 3399 comitari
686 3343 718 3400 et
733 3357 789 3402 eos
805 3337 860 3420 qui
883 3337 916 3401 in
932 3339 1047 3403 itincre
1070 3339 1132 3404 sibi
1149 3341 1241 3407 obuii

55 3447 185 3515 licbaut
207 3466 242 3512 sc
266 3445 360 3529 quasi
382 3444 503 3511 amicos
526 3447 668 3511 salutare
698 3466 736 3510 ac
758 3448 906 3530 colloqui,
944 3449 1063 3514 notatis
1087 3469 1164 3513 uero
1190 3452 1242 3518 bis

64 3578 147 3645 quae
179 3557 370 3622 dicebantur
403 3557 444 3620 ab
479 3556 526 3622 eis
561 3556 642 3621 baec
670 3564 784 3641 postea
807 3558 998 3623 referebant.
1043 3562 1241 3644 contempla·
1258 3575 1294 3626 30

64 3671 181 3736 bantur
215 3677 322 3734 autem
357 3667 487 3734 eosdem
520 3675 552 3730 et
584 3665 696 3768 dquros
729 3666 855 3750 ingredi
886 3674 916 3732 et
938 3669 1020 3734 rrlios
1043 3668 1173 3752 quidem
1197 3691 1241 3736 ex

90 3867 348 3876 .--.-—-—·„...-.--....
363 3866 368 3871 .

134 3968 310 4041 lenapeodt
378 3969 439 4022 rm
457 3949 561 4038 aug-D
637 3968 811 4038 krispu-1)
879 3970 1088 4025 tmarhuaull
1138 3972 1241 4027 emelia

64 4069 89 4124 D
140 4066 238 4121 bbercl
253 4063 411 4118 lusccsicl)
454 4044 730 4120 curerotolrmardb
786 4061 1012 4132 ephalehmab
1063 4063 1192 4117 iordanes
1211 4065 1238 4118 l)

65 4167 93 4214 ll
113 4159 212 4231 poenes
226 4138 381 4212 heremr'rl)
470 4163 498 4211 15
518 4156 626 4210 corbenl
642 4155 669 4210 Ι)
756 4158 785 4208 ti
804 4141 960 4225 quaudaD
1039 4160 1068 4210 18
1088 4136 1202 4211 bithenus
1210 4158 1238 4212 D

66 4257 95 4306 19
113 4260 243 4322 ceperunt
260 4252 286 4306 l)
355 4255 387 4304 m
405 4248 580 4319 circipani)
656 4252 686 4288 θ’
707 4262 735 4272 ··
791 4246 868 4313 ult,
886 4246 983 4303 deiende
1001 4248 1125 4304 omnibus
1140 4266 1189 4303 our.
1211 4250 1238 4303 I)

63 4347 150 4399 term
166 4342 305 4400 multati)
356 4340 485 4399 extahP
