3266 5082
692 371 765 420 cnr.
788 371 847 418 ru-
862 373 898 418 vr
1314 358 1375 420 243

203 525 321 591 Sirmio
343 523 463 589 eminet
483 524 573 589 locus
595 524 719 608 palatio
746 524 788 588 ab
810 541 848 588 co
871 523 992 589 ibidem
1015 530 1205 608 constructo,
1236 525 1290 590 ubi
1319 545 1375 610 pa·

202 640 312 700 rentes
349 635 419 699 eius
457 634 651 699 exerc-ebant
687 654 787 719 opera
821 635 1054 700 mercennaria.
1110 642 1218 702 aetate
1247 634 1378 708 interiit

203 745 446 828 sexagenarius,
471 763 627 809 annorum
649 743 765 828 uiginti
788 745 971 829 imperator.
1015 745 1126 829 genuit
1158 765 1199 811 ex
1221 744 1378 828 Eutropia

202 855 286 940 Syra
318 855 452 920 muliere
483 854 680 920 Maxentium
717 861 750 920 et
781 855 934 921 Faustam
968 855 1136 939 coniugem
1161 853 1376 932 Constantini,

169 966 293 1032 ecuius
315 966 400 1050 patri
423 963 614 1031 Constantio
637 964 815 1030 tradiderat
837 964 1043 1030 Theodoram
1064 962 1276 1050 priuignam.)

287 1077 349 1140 Per
377 1074 439 1140 hoc
466 1081 592 1160 tempus
620 1094 640 1138 a
662 1074 794 1140 Galerio
815 1074 959 1141 Licinius
988 1074 1163 1160 imperator
1191 1080 1240 1140 est
1267 1074 1370 1138 lactus
1393 1068 1422 1133 V

203 1186 307 1251 Dacia
329 1183 494 1266 oriundus,
517 1191 612 1251 notus
634 1185 666 1249 ei
688 1185 823 1269 antiqua
845 1185 1077 1251 consuetudine
1092 1186 1171 1251 etin
1186 1185 1272 1250 hello
1288 1182 1372 1268 quod

201 1296 374 1362 aduersum
397 1296 558 1361 Narseum
580 1302 735 1380 gesserat,
768 1301 918 1361 strenuus
946 1295 1111 1363 laboribus
1135 1302 1166 1360 et
1188 1294 1302 1360 officiis
1326 1311 1377 1357 ac·

202 1412 322 1492 ceptus.
366 1402 508 1488 <interea
535 1404 685 1470 Galerius
714 1405 981 1489 persecutionem,
1019 1425 1102 1487 quae
1130 1403 1375 1470 aDiocletiano

153 1521 186 1572 ¹0
202 1522 233 1581 et
254 1515 452 1581 Maximiano
479 1516 513 1579 in
543 1514 746 1581 Christianos
775 1516 880 1580 iuerat
909 1515 1024 1597 missa,
1064 1516 1135 1600 ipse
1164 1513 1376 1579 atrocioribus

202 1625 315 1692 edictis
338 1625 561 1690 accumulauit.
606 1645 644 1690 ac
665 1631 838 1708 postquam
860 1645 919 1710 per
941 1644 1044 1690 annos
1067 1625 1178 1690 decem
1207 1623 1294 1688 omni
1322 1640 1375 1705 ge-

200 1755 277 1802 nere
310 1735 474 1799 hominum
507 1736 693 1818 prouincias
723 1735 883 1817 exhausit,
917 1736 1096 1819 putrefacto
1125 1735 1297 1799 introrsum
1320 1751 1375 1817 pe-

200 1853 286 1910 ctore
308 1827 340 1910 et
362 1844 517 1910 uitalibus
538 1844 705 1912 dissolutis
727 1865 798 1910 oum
822 1846 907 1909 ultra
936 1845 1101 1910 horrorem
1128 1843 1290 1909 hnmanae
1318 1841 1375 1905 rni-

201 1956 306 2021 seriac
328 1955 424 2019 etiam
448 1974 576 2020 uermes
598 1961 756 2020 eructaret
777 1975 884 2039 neque
906 1954 1024 2021 medici
1046 1956 1131 2021 ultra
1152 1955 1218 2020 iam
1241 1953 1373 2018 fetorem

156 2073 183 2122 15
200 2067 340 2131 ferentes
363 2065 474 2130 crebro
496 2066 588 2130 iussu
611 2065 681 2131 eius
703 2064 926 2131 occiderentur
948 2085 969 2129 a
990 2064 1130 2149 quodam
1153 2062 1277 2130 medico
1300 2081 1372 2126 con-

201 2175 355 2241 stantiam
388 2194 429 2240 ex
460 2174 687 2259 desperatione
720 2182 866 2241 sumente
900 2175 1076 2259 increpitus
1107 2175 1188 2239 iram
1219 2171 1272 2239 dci
1301 2190 1374 2238 esse

201 2304 340 2367 poenam
363 2304 453 2351 suam
476 2291 572 2367 atque
594 2285 667 2350 ideo
699 2306 720 2351 a
748 2285 883 2351 medicis
909 2306 975 2350 non
1003 2304 1100 2370 posse
1122 2285 1237 2367 curari,
1260 2281 1375 2348 edictis

201 2394 268 2460 late
289 2394 399 2461 missis
417 2393 619 2462 Christianos
641 2394 683 2461 de
705 2395 812 2462 exiliis
834 2395 1014 2460 reuocauit:
1038 2396 1109 2480 ipse
1132 2401 1239 2460 autem
1255 2391 1375 2457 orucia-

201 2511 253 2571 tus
286 2525 352 2568 non
385 2506 548 2571 sustinens
577 2505 643 2569 uim
671 2505 758 2570 uitae
787 2523 866 2571 suae
894 2505 1008 2570 attulit.
1052 2503 1112 2569 tuit
1143 2505 1219 2568 licet
1251 2501 1374 2566 inculta

153 2618 185 2670 ²0
203 2615 387 2698 agrestique
410 2613 534 2680 iustitia
557 2615 636 2682 satis
660 2613 844 2695 laudabilis,
868 2614 1003 2699 pulcher
1025 2632 1167 2698 corpore,
1191 2611 1327 2678 eximius
1343 2616 1375 2675 et

202 2723 278 2788 felix
300 2723 446 2808 bellator,
485 2731 573 2791 ortus
603 2724 791 2809 parentibus
821 2724 970 2808 agrariis,
1006 2729 1118 2809 pastor
1146 2728 1372 2802 armentorum,

201 2834 287 2899 unde
309 2835 339 2898 ei
361 2853 539 2918 cognomen
553 2834 779 2901 Armentarius
801 2835 869 2915 luit,
892 2840 980 2901 ortus
995 2833 1100 2900 Dacia
1114 2833 1249 2919 Ripensi
1264 2830 1374 2916 ibique

203 2945 348 3029 sepultus
379 2951 437 3024 cst,
467 2963 560 3026 quern
588 2945 693 3009 locum
720 2945 948 3011 Romulianam
976 2964 1017 3010 ex
1038 2944 1195 3009 uocabulo
1217 2942 1375 3008 Romulae

202 3055 314 3121 matris
342 3054 533 3139 appellarat.
578 3055 607 3120 is
635 3055 812 3122 insolenter
842 3055 1004 3120 affirmare
1032 3074 1131 3120 ausus
1160 3060 1210 3120 est
1236 3057 1373 3116 matrem

149 3171 182 3221 25
201 3181 289 3229 more
311 3161 515 3248 Olympiadis
537 3163 716 3230 Alexandri
739 3166 848 3248 Magni
870 3165 1033 3231 creatricis
1056 3183 1274 3249 compressam
1297 3160 1374 3227 dra-

200 3293 279 3338 cone
302 3279 405 3340 semet
426 3273 622 3358 concepisse.

284 3381 430 3466 Interea>
452 3403 504 3450 res
527 3384 743 3469 publicatum
772 3404 793 3448 a
822 3385 916 3450 nouis
944 3389 1094 3469 quattuor
1122 3382 1369 3469 imperatoribus
1392 3372 1436 3437 Vl

199 3493 370 3558 tenebatur
399 3491 610 3559 Constantino
634 3493 798 3560 Maxentio
827 3495 902 3560 filiis
924 3494 1152 3578 Augustorum,
1189 3493 1312 3558 Licinio
1345 3499 1377 3558 et

199 3601 375 3667 Maximino
403 3603 497 3669 nouis
524 3603 719 3670 hominibus.
777 3604 895 3682 Quinto
924 3611 1031 3670 tamen
1062 3603 1292 3670 Constantinus
1319 3601 1376 3666 im-

148 3723 183 3774 30
200 3710 281 3797 perii
310 3710 361 3777 sui
392 3731 478 3777 anno
507 3713 627 3778 bellum
655 3713 829 3781 aduersum
859 3714 1056 3778 Maxentium
1083 3713 1177 3777 ciuile
1205 3711 1374 3777 commouit

199 3818 274 3906 <pro
297 3841 335 3887 eo
358 3822 435 3905 quia
458 3829 642 3888 senatorum
666 3831 698 3889 ct
721 3825 859 3890 maxime
881 3823 1036 3889 nobilium
1058 3827 1224 3888 matronas
1245 3819 1374 3906 publice

198 3930 345 3997 abstrahi
367 3937 464 4015 atque
487 3931 528 3998 ad
552 3953 644 3999 suam
675 3933 841 3999 libidinem
875 3932 991 3999 deduci
1023 3930 1205 4017 imperabat
1236 3937 1268 3996 et
1299 3935 1372 4014 post

266 4220 433 4271 sannorum
450 4215 488 4270 P:
507 4215 623 4270 annoD
674 4221 798 4286 cotropra
816 4214 910 4270 trral)
1003 4215 1170 4285 thiernnmt
1187 4216 1214 4271 B
1288 4213 1370 4268 Sad-

196 4308 334 4363 uertulB
386 4313 468 4364 9-2t
486 4309 520 4379 <>
537 4308 583 4364 D.-
600 4309 673 4364 morl
686 4308 825 4380 galenlum
843 4308 983 4364 centetum
1003 4309 1124 4379 lecum-l
1144 4309 1187 4362 Ita
1205 4308 1231 4362 Β
1283 4310 1371 4376 ttqua

197 4401 223 4456 Β
277 4407 307 4455 12
326 4401 506 4472 ppurntrall)
594 4402 757 4471 ripensi)
859 4405 890 4455 22
913 4399 1030 4456 datraD
1131 4405 1164 4456 25
1183 4399 1374 4471 ohmpradriD

197 4499 228 4548 tl
248 4495 326 4549 nohrl
344 4495 372 4549 Β
440 4499 472 4549 28
491 4495 600 4549 homme
619 4493 646 4548 Β
715 4499 749 4550 29
766 4493 973 4550 ιπακιωιαῃοθ
1042 4497 1074 4549 30
1096 4494 1223 4551 aduerlul
1239 4494 1267 4550 B

1116 4599 1171 4652 re*
1228 4587 1232 4594 '
