2834 5394
8 36 1043 359 u

622 128 651 155 .ss

547 713 621 761 cur.
644 713 864 762 xxur-xxvu
1205 704 1265 769 481

95 861 230 946 eipatur,
267 862 323 947 qui
355 864 495 949 praefuit
526 864 578 932 his
611 866 706 931 annis
739 865 855 950 uiginti
886 866 1024 935 duobus.
1068 868 1129 934 hoo
1160 878 1268 937 autem

95 992 182 1037 anno
215 971 311 1038 mittit
333 973 518 1040 Abimeleoh
552 974 594 1039 ad
622 974 837 1042 lastinianum
869 976 1060 1043 eonfirmare
1091 998 1202 1063 paoem
1237 988 1270 1048 et

95 1083 247 1148 conuenit
267 1083 350 1149 inter
371 1103 427 1151 eos
449 1084 582 1150 huiusee
612 1084 699 1149 modi
727 1105 792 1170 pax
820 1093 855 1152 ut
877 1087 1000 1154 scilieet
1020 1087 1195 1173 imperator
1216 1088 1270 1156 de·

96 1199 231 1278 poneret
252 1192 482 1259 Mandaitarum
505 1214 622 1279 agmen
644 1215 665 1260 a
686 1195 813 1261 Libano
841 1203 874 1263 et
903 1197 1089 1282 prohiberet
1116 1199 1270 1266 incursio

63 1320 155 1369 snes
178 1322 288 1369 eorum
311 1310 343 1370 et
363 1304 551 1371 Abimeleeb
574 1306 728 1373 Romanis
756 1307 911 1373 tribueret
938 1328 997 1393 per
1024 1308 1169 1392 singulos
1198 1307 1270 1376 dies

95 1413 292 1480 numismata
312 1414 401 1481 mille
422 1420 455 1479 et
476 1434 591 1499 equum
615 1422 648 1481 et
669 1435 798 1482 seruum
821 1423 853 1482 et
874 1423 909 1482 ut
930 1417 1088 1485 baberent
1102 1434 1270 1486 commune

95 1543 153 1610 per
181 1523 409 1608 aequalitatem
437 1524 559 1590 tributa
581 1523 680 1611 Cypri
702 1527 875 1593 Armeniae
897 1547 936 1593 ae
957 1527 1121 1596 Hiberiae.
1165 1534 1197 1595 et
1219 1527 1270 1594 di-

98 1634 180 1700 rexit
207 1635 382 1719 imperator
409 1634 547 1699 Paulum
576 1634 822 1718 Magistrianum
850 1636 894 1703 ad
914 1637 1101 1704 Abimeleeh
1131 1637 1175 1705 ad
1196 1657 1270 1705 oon-

95 1744 287 1810 firmandum
317 1762 356 1810 ea
384 1763 469 1828 quae
490 1744 611 1829 plaeita
632 1746 760 1812 fuerant
782 1755 814 1812 et
834 1748 921 1813 faeta
942 1755 993 1815 est
1014 1748 1048 1813 in
1070 1748 1199 1833 seriptis
1221 1767 1290 1842 sep

48 1867 78 1915 ro
97 1854 217 1920 auritas
239 1853 300 1920 sub
322 1855 450 1920 testium
473 1856 712 1939 astipulatione,
742 1857 797 1941 qui
826 1858 1003 1923 liberaliter
1025 1856 1201 1924 honoratus
1222 1876 1270 1923 re

95 1984 209 2033 uersus
230 1971 289 2030 est.
334 1971 366 2028 et
387 1964 517 2031 mittens
538 1965 713 2050 imperator
734 1964 916 2052 adsumpsit
937 1966 1166 2033 Mandaitarnm
1188 1966 1269 2033 duo·

95 2073 198 2140 desim
220 2075 311 2139 milia
332 2074 486 2139 Romaiea
508 2076 626 2140 uirtute
658 2076 771 2141 reeisa.
816 2096 928 2144 omnes
959 2078 1044 2142 enim
1072 2096 1156 2162 quae
1183 2095 1269 2143 nuno

95 2184 281 2250 habitantur
295 2183 337 2249 ab
353 2183 513 2251 Arabibus
536 2185 569 2249 in
591 2185 770 2252 oonlinibus
793 2186 918 2271 positae
940 2188 1089 2255 eiuitates
1104 2209 1126 2253 a
1139 2187 1267 2272 Mopsu-

95 2295 179 2362 estia
211 2302 243 2360 et
275 2313 377 2379 usque
409 2293 451 2359 ad
469 2301 634 2379 ¹quartam
655 2296 842 2362 Armeniam
871 2295 1018 2364 infirmae
1046 2304 1079 2364 et
1107 2296 1268 2362 inhabita

49 2416 78 2466 re
96 2406 178 2472 biles
205 2411 298 2472 erant
324 2411 457 2490 propter
483 2405 637 2489 impetum
666 2403 908 2472 Mandaitarum.
964 2406 1080 2492 quibus
1108 2406 1267 2492 repressis

94 2516 203 2581 omnia
225 2514 298 2580 dira
319 2515 478 2579 Romania
499 2535 600 2599 passa
622 2522 673 2581 est
695 2517 852 2599 usquein
874 2525 1079 2602 praesentem
1101 2517 1197 2584 diem.

178 2622 301 2690 Eodem
324 2644 409 2689 anno
432 2624 530 2689 mittit
551 2625 738 2691 Abimeleelr
754 2626 889 2692 Ziadum
913 2628 1042 2693 tratrem
1058 2625 1210 2693 Maubiae
1231 2626 1266 2692 in
1297 2615 1411 2683 XXVI

93 2733 259 2802 Persidem
287 2743 398 2801 eontra
419 2735 594 2800 Muetarem
623 2734 809 2801 mendaeem
839 2744 936 2821 atque
957 2743 1130 2822 tyrannum
1160 2744 1193 2803 et
1215 2736 1264 2803 in·

95 2851 271 2930 teremptus
293 2852 343 2911 est
365 2845 486 2912 Ziadus
508 2845 700 2910 obluctare.
746 2866 808 2930 quo
831 2846 940 2911 audito
962 2846 1150 2912 Abimeleeh
1173 2847 1264 2913 uenit

44 2967 79 3016 ao
95 2956 129 3019 in
143 2954 405 3039 Mesopotamiam
429 2961 461 3019 et
482 2953 688 3039 tyrannidem
711 2956 831 3039 patitur
853 2955 999 3022 aSaido.
1044 2975 1139 3040 quom
1154 2975 1267 3040 super·

94 3083 227 3148 gressus
250 3064 349 3130 uerbo
363 3066 559 3131 Damascum
582 3065 710 3149 aperire
732 3066 807 3130 iecit
828 3086 848 3130 s
871 3086 906 3132 se
922 3072 1131 3150 praetentam
1147 3072 1268 3150 etpost

95 3174 155 3240 boo
177 3174 398 3241 fraudulenter
419 3174 544 3240 oceidit.
588 3175 788 3242 Iustinianus
810 3183 916 3242 autem
946 3196 1017 3241 eum
1047 3183 1134 3243 esset
1160 3175 1268 3242 iunior

95 3285 189 3370 quasi
211 3305 368 3350 annorum
391 3284 531 3351 sedenim
554 3292 669 3351 elsua
696 3304 843 3369 quaeque
874 3286 1053 3352 inconsulte
1082 3285 1269 3370 disponeret

95 3397 183 3463 misit
197 3396 367 3462 Leontium
390 3403 572 3481 praetorem
595 3395 627 3460 in
642 3395 830 3461 Armeniam
846 3414 918 3460 eum
933 3396 1086 3460 Romaieo
1100 3401 1269 3479 potentatu

44 3521 75 3569 25
94 3514 125 3570 et
147 3507 320 3573 Saraoenis
343 3505 410 3571 illie
432 3505 646 3572 existentibus
670 3505 870 3590 interemptis
901 3505 1018 3571 subicit
1045 3505 1130 3570 hane
1151 3505 1269 3570 Roma·

95 3615 154 3680 nis.
200 3615 349 3682 similiter
371 3622 403 3680 et
424 3616 592 3681 Hiberiam
616 3622 648 3680 et
669 3614 843 3680 Albaniam
865 3615 1043 3681 Bueaniam
1066 3634 1193 3700 quoque
1223 3622 1269 3681 at·

95 3743 158 3807 que
180 3723 319 3790 Mediam
343 3732 375 3791 et
397 3725 457 3792 sub
479 3725 600 3790 tribula
621 3725 809 3808 regionibus
831 3727 912 3793 aetis
934 3726 1091 3812 plurimas
1113 3724 1267 3810 pecunias

93 3835 279 3918 imperatori
306 3834 496 3902 transmisit.
548 3843 582 3901 at
610 3853 686 3900 uero
719 3835 906 3901 Abimeleeh
937 3835 989 3902 bis
1018 3834 1156 3918 cognitis
1199 3834 1268 3900 adit

93 3942 277 4010 Cereesium
300 3952 332 4010 et
353 3945 503 4030 Eupolim
526 3944 721 4029 subiugauit.

43 4071 75 4121 so
178 4053 272 4118 Anno
293 4053 419 4138 imperii
442 4054 614 4121 Iustiniani
638 4053 779 4120 seeundo
801 4054 886 4120 faeta
908 4060 958 4119 est
979 4054 1082 4119 fames
1105 4053 1260 4137 insyria.
1290 4046 1377 4114 XX
1416 4057 1417 4097 l

158 4292 297 4343 tetoet
316 4293 347 4344 19
364 4293 391 4344 et
408 4292 441 4342 18
460 4287 669 4346 hebdrmelscD
753 4287 1099 4355 rad-paeonem.o
1168 4287 1266 4342 sula

90 4368 529 4438 mardaitardcorr.cxain1)
603 4380 883 4436 5tnbueretom.1)
932 4396 1017 4452 super
1033 4379 1090 4434 drel'
1104 4379 1168 4434 add.
1185 4379 1271 4434 annot

89 4491 186 4529 mansus
203 4491 290 4547 aeque
307 4475 469 4546 antiquaire
489 4473 515 4529 1)
602 4478 617 4528 8
635 4462 765 4544 magritrd
782 4474 817 4529 ad
834 4473 998 4541 habdrmrllre
1020 4472 1046 4526 1>
1152 4477 1181 4527 10
1198 4471 1266 4528 hbe·

88 4573 162 4621 nater
178 4567 213 4625 D‘
310 4572 338 4622 11
359 4552 456 4638 aidplrt
474 4566 501 4621 Ι)
607 4572 636 4621 12
655 4568 837 4624 romameaD
941 4571 970 4619 11
989 4565 1159 4619 habdslm'ehe
1177 4565 1268 4636 (prior

90 4658 312 4717 lcorr.ex11)
362 4661 472 4730 zrpbren
490 4660 534 4733 Dp
554 4659 671 4721 (aradum
689 4659 794 4716 Parste
809 4665 891 4721 corr.)
943 4657 1107 4727 muhanrell
1160 4660 1190 4711 lt
1209 4672 1268 4711 mn·

90 4738 276 4808 chatharth
347 4759 377 4810 19
395 4754 510 4824 mlphren
528 4769 545 4807 a
562 4753 795 4809 machathartel)
874 4757 903 4807 21
926 4734 1104 4820 preueuth
1172 4754 1205 4805 2³
1223 4765 1265 4805 rn-

89 4844 255 4901 coululta'l)
322 4852 355 4902 24
372 4862 492 4905 romaica
508 4845 541 4900 θ’

134 4939 250 4982 Hrsnoars
264 4951 384 4983 tuscanus
1007 4951 1045 5002 31
