3142 5056
327 309 389 372 642
725 321 832 370 rapax
854 321 1093 368 caerrvnosvrs

326 487 375 528 sco
393 471 528 528 Eucherio
546 469 707 526 uhecmntis.
741 467 887 538 mongalei
938 483 1075 538 uenasque
1092 467 1222 538 quosdam
1232 469 1375 538 opulentos
1392 469 1439 522 sibi
1451 485 1481 522 ro

327 566 395 634 regis
423 565 573 619 Gothorum
608 562 792 618 barbarissimi
827 577 888 616 cum
938 563 1064 617 sistentes
1094 577 1143 632 per
1160 563 1333 617 Constantem
1361 561 1440 616 tilium
1459 577 1484 614 er

326 659 435 714 immani
452 657 573 713 exercitu
591 656 736 711 initaliam
746 654 889 708 aduentus.
938 655 1070 711 monacho
1097 654 1241 710 Caesarem
1273 655 1378 710 iactum
1412 656 1482 724 prino

325 751 469 822 trepidatio
482 750 672 806 Romanorum.
691 746 887 817 Radagaisidi·
938 749 1041 818 proelio
1059 749 1173 818 perimit.
1199 748 1333 802 barbarae
1344 755 1433 816 gentes
1448 761 1484 815 prr

326 844 429 898 ninitus
447 843 556 898 contriti
573 843 706 904 interitus,
724 848 751 894 et
765 839 888 909 captiuo·
940 841 1055 896 Galliam
1073 841 1232 906 bacchatae,
1250 841 1430 910 inllispsnins
1446 841 1483 892 in·

325 952 385 992 rum
402 937 553 992 Gothorum
577 934 612 990 ob
630 933 829 990 multitudinem
848 931 888 988 ui-
939 934 1045 988 missae.

325 1030 396 1084 litas.

361 1127 393 1176 ²6
428 1119 556 1176 Alaricus
591 1135 639 1174 rex
663 1119 812 1173 Gothorum
847 1131 889 1172 se-
1174 1130 1270 1194 31111

326 1215 415 1270 cunda
447 1213 558 1268 fortuna
595 1212 759 1268 insolescens
794 1212 890 1266 relicta

327 1306 561 1375 Constantinopoli
585 1305 613 1359 in
631 1305 738 1374 illyrico
763 1304 885 1358 omnibus
974 1312 984 1359 l
1021 1305 1158 1361 Honorius
1176 1305 1367 1360 Constantium
1394 1307 1420 1358 in
1436 1303 1486 1358 Gal

326 1400 463 1456 subuersis
481 1400 650 1468 transitaque
667 1413 721 1452 non
739 1398 796 1452 sine
810 1396 886 1450 clade
936 1399 988 1454 lias
1006 1399 1094 1453 mittit.
1126 1398 1297 1454 censemini
1314 1399 1422 1468 tyranni
1439 1413 1486 1450 cun

325 1509 375 1548 sua
393 1493 536 1548 Thessalia
559 1492 666 1546 ltaliam
691 1491 827 1558 ingressus
850 1489 885 1543 ab
937 1489 992 1545 lilio
1019 1492 1151 1546 interitus.
1186 1492 1303 1560 plurium
1329 1499 1487 1562 tyrannorum

325 1586 446 1641 Honorio
465 1586 517 1640 sibi
536 1593 563 1638 et
581 1585 636 1640 suis
646 1584 735 1638 sedem
747 1584 824 1652 petit,
842 1583 887 1636 eui
937 1585 1078 1653 imperium
1111 1585 1299 1654 arripientium
1335 1585 1415 1638 unius
1439 1591 1487 1652 post

326 1693 471 1734 manassae
484 1678 596 1734 Galliae.
624 1677 717 1732 Stilico
737 1677 842 1730 Gothos
859 1677 887 1730 in
939 1677 1052 1732 alternum
1081 1676 1186 1742 caedes,
1213 1677 1328 1732 Maximi
1350 1677 1436 1731 Iouini
1452 1675 1487 1728 Se

325 1771 471 1842 perniciem
497 1772 536 1825 rei
561 1770 686 1839 publicae
721 1785 753 1823 ex
783 1768 888 1822 insidiis
939 1771 1060 1826 bastiani
1079 1770 1193 1825 Tertulli
1212 1770 1309 1824 Amuli.

326 1880 374 1934 per
392 1865 487 1918 ducem
504 1879 638 1933 paganum
662 1862 771 1916 Suulum
797 1877 888 1930 aggre-
974 1868 989 1916 t
1025 1863 1180 1919 Heracliani
1196 1863 1306 1918 Africae
1330 1863 1436 1918 comitis
1456 1874 1488 1912 re·

326 1958 406 2020 ditur,
426 1957 663 2023 Romanorumque
681 1954 779 2008 clades.
940 1955 1020 2011 bellio
1039 1965 1066 2010 et
1084 1971 1145 2010 eum
1163 1957 1279 2012 maxims
1297 1957 1387 2012 classe
1403 1956 1430 2010 in
1446 1953 1488 2006 ltr-

361 2055 391 2102 lt
429 2049 512 2106 Gothi
535 2047 652 2102 uictoria
677 2047 758 2116 potiti
794 2063 890 2116 magna
939 2049 1003 2104 liam
1020 2049 1163 2112 aduentus,
1182 2050 1301 2104 eiusdem
1318 2049 1387 2120 iuga
1411 2056 1435 2104 et
1458 2047 1488 2098 in·

325 2143 403 2196 rabie
420 2141 536 2196 Romam
561 2139 734 2194 contendunt.
769 2140 890 2196 Romus
940 2141 1045 2196 teritus.
1082 2141 1234 2196 Constantii
1252 2141 1390 2196 industria
1412 2140 1488 2193 Hono·

326 2235 424 2290 Gothis
442 2241 558 2288 uasmta.
576 2231 638 2286 inde
655 2246 703 2301 per
715 2230 889 2302 Campaniam
940 2235 995 2288 rius
1013 2235 1041 2288 iu
1059 2235 1336 2304 tyrannispruediotis
1352 2235 1488 2304 opprimen-

326 2327 476 2382 Lucaniam
493 2325 617 2380 Brutiam
634 2324 714 2379 simili
726 2332 816 2394 strage
824 2326 888 2381 bac·
941 2325 982 2382 dis
1009 2343 1083 2381 usus.
1127 2343 1182 2397 pax
1209 2335 1235 2382 et
1262 2328 1396 2382 ecclesiae
1429 2324 1488 2379 Airi-

327 2419 400 2476 chati
418 2418 550 2488 Rhegium
571 2419 732 2487 perueniunt
749 2419 830 2487 inque
848 2418 889 2473 Si·
942 2435 1026 2474 canae
1042 2419 1155 2474 reddita.

326 2514 415 2568 ailiam
442 2512 618 2567 mansfretare
655 2511 794 2580 cupientes
821 2527 888 2566 nau·
975 2518 990 2568 3
1027 2513 1115 2567 Vallia
1140 2528 1187 2566 rex
1212 2513 1327 2568 Galliam
1357 2511 1489 2568 Placidisn

325 2607 440 2675 frugium
459 2607 606 2674 patiuntur.
939 2604 1018 2660 tratri
1042 2605 1163 2660 Honorio
1188 2605 1284 2660 reddit.
1321 2605 1488 2660 Vandaloruu

362 2704 394 2753 28
423 2699 524 2753 Alarici
542 2713 613 2754 mors
631 2703 658 2751 et
676 2697 783 2751 occulta
801 2697 889 2766 sepul·
941 2698 1088 2752 Alanorum
1114 2697 1263 2753 Sueuorum
1294 2699 1329 2752 ad
1356 2697 1489 2754 Honoriuu

328 2798 398 2846 turs.
435 2793 492 2846 eius
518 2805 659 2844 successor
675 2789 802 2844 Ataulius
829 2806 890 2845 eum
941 2789 1046 2858 legatio.
1081 2791 1232 2846 barbaricis
1260 2792 1381 2846 motibus
1405 2789 1488 2846 sedatu

328 2884 425 2939 Gothis
435 2884 548 2939 Romam
568 2882 645 2946 redit,
663 2881 777 2938 residuis
795 2883 890 2951 siqua
940 2883 1076 2937 Honorius
1094 2883 1198 2938 Gallam
1217 2883 1377 2940 Constantio
1394 2885 1422 2938 in
1438 2897 1488 2936 con·

328 2986 406 3034 erant
419 2977 535 3046 direptis
561 2975 705 3044 ablataque
730 2975 809 3030 Galla
826 2974 889 3029 Ple·
940 2975 1050 3031 nnbium
1073 2977 1166 3045 iungit
1202 2993 1262 3032 cum
1287 2978 1378 3032 Vallia
1406 2975 1486 3030 firmis

328 3070 399 3125 cidia
416 3069 642 3134 sororeHonorii‚
662 3085 741 3138 quam
759 3069 810 3122 sihi
824 3083 888 3122 con·
940 3068 1036 3124 simum
1062 3069 1158 3124 foedus
1181 3069 1292 3124 iactum.
1329 3069 1488 3126 Constantius

326 3163 414 3231 iugem
432 3162 561 3216 Atsulius
579 3162 673 3230 iungit,
693 3161 765 3229 quod
782 3161 821 3214 rei
838 3176 887 3228 pu·
942 3163 1046 3231 imperii
1064 3178 1176 3217 consors
1202 3163 1238 3216 ab
1255 3163 1379 3218 Honorio
1398 3163 1488 3218 adsum·

329 3254 415 3310 blicoe
441 3253 582 3308 commodo
602 3252 709 3309 accidit.
745 3253 802 3306 eius
829 3268 891 3306 mox
941 3261 1004 3324 ptus
1029 3271 1092 3309 mox
1110 3255 1185 3309 obiit.
1223 3255 1321 3310 Obitus
1349 3264 1378 3310 et
1395 3255 1420 3310 S.
1438 3253 1488 3306 llie

330 3347 441 3412 caedes,
470 3354 500 3401 ut
525 3353 552 3400 et
575 3346 741 3402 successoris
765 3345 890 3413 Segerici.
941 3348 1054 3418 ronymi.

328 3447 391 3509 post
408 3439 766 3494 nuncvcllisrsxadothis
779 3440 889 3493 electus.
975 3446 991 3494 t
1026 3441 1160 3497 Maximus
1185 3442 1258 3511 apud
1286 3443 1430 3510 Hispanias
1458 3437 1489 3490 is·

363 3537 396 3588 29
431 3533 540 3595 stilico,
565 3541 596 3586 ut
612 3533 776 3588 Eucherium
794 3533 822 3586 in
840 3532 889 3585 im·
941 3535 1031 3588 ctione
1051 3535 1156 3590 Ioniani
1183 3535 1350 3604 tyrannidem
1378 3531 1488 3590 amnuit

328 3627 432 3696 perium
461 3625 651 3690 substitueret,
682 3632 775 3694 gentes
802 3625 891 3679 uarias
943 3627 990 3680 sed
1007 3643 1070 3682 mox
1088 3635 1200 3697 uterque
1216 3643 1233 3681 a
1251 3629 1308 3682 suis
1325 3629 1400 3698 capti
1425 3633 1448 3680 et
1464 3619 1489 3674 sd

329 3721 451 3775 suscitat.
487 3719 546 3774 eius
563 3719 676 3788 pertidia
692 3717 801 3772 tandem
815 3724 890 3787 pate·
941 3720 1091 3774 Honorium
1108 3719 1192 3782 ducti,
1227 3722 1302 3776 Scoti
1324 3721 1445 3790 Piotique
1465 3729 1487 3767 tx

333 3813 418 3876 iacta,
446 3819 631 3882 commotoque
653 3813 799 3867 iustissime
817 3827 891 3866 exer·
941 3813 1083 3869 Britannia
1117 3830 1197 3884 quam
1228 3813 1395 3870 infestabant
1419 3811 1490 3866 bias

330 3908 396 3970 citu,
423 3907 482 3975 ipse
507 3921 567 3961 cum
591 3907 646 3960 filio
669 3907 764 3960 merito
782 3906 890 3960 tandem
941 3904 1072 3960 Romame
1090 3907 1231 3976 profligati.
1263 3901 1489 3961 eontral'andslos

330 4001 443 4054 occisus.
480 3999 567 4053 Roma
583 3999 741 4054 fulminibus
759 4005 862 4053 eximia.
941 3999 1097 4067 alanosque
1115 3999 1142 4052 in
1160 3999 1306 4068 Hispanias
1326 3999 1398 4053 missi
1416 3991 1488 4049 Casti·

364 4095 396 4144 30
421 4090 567 4146 Gratianus
586 4089 657 4158 apud
667 4091 823 4146 Britannias
841 4092 890 4146 im·
942 4107 993 4146 nus
1011 4097 1038 4145 et
1055 4091 1219 4158 Bouilaoius‚
1248 4094 1282 4146 ob
1310 4107 1421 4162 quorum
1445 4086 1489 4140 dis·

329 4191 439 4253 perator
467 4189 572 4237 creatus
600 4198 661 4236 mox
688 4185 828 4237 occiditur.
863 4185 891 4240 in
943 4183 1062 4240 cordiam
1080 4186 1117 4240 nil
1134 4185 1243 4254 dignum
1251 4192 1356 4254 gestum
1368 4185 1429 4239 illio.
1445 4179 1489 4232 Bo

330 4277 411 4330 huius
436 4276 524 4329 locum
556 4275 685 4329 suffectus
717 4277 891 4332 Constantius
943 4277 1059 4332 niiacius
1078 4279 1112 4332 ob
1130 4279 1245 4334 iniurias
1262 4278 1366 4334 Gastini
1383 4279 1411 4330 in
1428 4269 1489 4327 Airi-

331 4369 445 4437 quidam.
481 4369 525 4421 hio
552 4369 585 4422 ed
605 4369 707 4424 Gallias
725 4370 822 4424 transit
850 4371 892 4424 iu·
944 4385 1002 4424 cam
1021 4387 1050 4425 se
1068 4371 1190 4440 proripit.
