2834 5394
187 226 249 291 608
679 242 771 290 nrum
793 243 874 289 xxm

186 394 375 476 contigisset
398 415 454 461 eos
477 392 625 459 insidiari
647 395 814 476 praelatis,
843 395 1054 478 negotiantes
1078 416 1169 462 uero
1193 397 1232 462 in
1258 403 1396 481 utraque

186 504 320 589 regione
353 524 411 587 per
439 514 612 589 praecepta
641 512 672 569 et
702 505 870 587 signacula
896 506 1130 572 commendari
1169 508 1210 587 si,
1237 509 1298 592 qui
1322 528 1394 573 uero

188 615 259 681 sinc
282 615 449 699 signaculo
478 614 601 679 inuenti
632 614 783 697 luissent,
813 614 1006 700 diriperetur
1035 617 1132 700 quod
1166 618 1393 685 haberentet

187 725 357 791 inferretur
379 725 516 807 publicis
539 724 728 790 rationibus.

32 837 199 908 XXXVII
277 836 414 919 Scripsit
435 835 532 901 etiam
555 841 586 899 et
600 833 826 901 damnationes
840 835 882 899 ad
898 836 1136 921 imperatorem
1154 836 1238 904 ‘nisi
1254 840 1392 905 acceler-
1410 886 1412 890 .

188 946 303 1013 aueris'
325 946 475 1028 inquiens
505 944 563 1010 ‘ad
590 964 702 1029 pacem
731 945 850 1010 iudicio
871 951 925 1011 tuo
947 946 1141 1030 praeliabor
1172 958 1299 1014 contra
1330 950 1391 1016 lle

189 1056 379 1123 sombriam!
423 1055 474 1121 lris
502 1055 640 1139 receptis
662 1056 837 1139 imperator
863 1076 1000 1139 nequam
1031 1058 1315 1124 consiliariorum
1339 1061 1391 1125 ad-

188 1163 419 1230 monitionibus
448 1184 561 1246 pacem
584 1164 691 1230 rninus
718 1165 859 1232 admisit.
903 1167 962 1231 sub
990 1165 1129 1231 obtentu
1162 1169 1260 1234 eninr
1288 1172 1390 1236 falsae

188 1275 321 1360 pietatis
344 1274 440 1338 irrrmo
469 1270 777 1359 indisciplinationis
804 1283 837 1341 et
863 1276 948 1341 eirca
979 1296 1047 1340 rem
1071 1278 1252 1360 publicam
1280 1282 1390 1364 perdi·

187 1386 286 1451 tionis
315 1404 454 1469 nequam
484 1385 707 1451 consiliatores
736 1385 926 1452 asserebant
953 1405 1018 1450 non
1040 1393 1199 1470 oportere
1223 1391 1414 1473 fugitiuosr

188 1494 324 1562 reddere
347 1495 556 1580 perhibentes
578 1495 611 1560 in
640 1495 857 1561 testimouium
886 1494 966 1561 illud
993 1496 1231 1580 euangelicum
1260 1499 1388 1566 domiui

189 1607 350 1689 cloquium
373 1605 573 1689 perhibentis
596 1606 683 1670 ‘eum
706 1606 760 1687 qui
784 1606 872 1671 uenit
895 1605 936 1670 ad
959 1625 1010 1671 me
1032 1626 1097 1671 non
1120 1607 1248 1674 eiciam
1277 1610 1389 1678 roras·

189 1716 352 1781 mediante
382 1734 458 1780 uero
487 1735 598 1780 urense
627 1715 776 1780 Octobris
803 1715 906 1781 aciem
934 1715 1045 1798 dirigit
1073 1714 1235 1785 Crunnus
1270 1731 1389 1787 eontra

187 1826 414 1891 Mesembriam
437 1826 469 1890 iu
494 1825 761 1892 machinamentis
790 1832 821 1890 ot
843 1825 1012 1909 manganis
1041 1840 1073 1891 et
1094 1828 1265 1896 arietibus
1299 1853 1386 1916 quae

187 1934 360 2018 Nicephori
378 1935 547 1999 ‹rcerrsione
563 1934 771 2001 destructoris
787 1934 1042 2002 Christianorum
1057 1936 1235 2004 didicerat.
1271 1942 1385 2009 Arabs
1403 1954 1413 2002 t

189 2043 274 2109 enim
305 2043 437 2126 quidum
467 2041 509 2106 od
539 2043 733 2127 baptismum
763 2053 945 2111 accesserat
977 2046 1057 2111 sutis
1086 2065 1210 2131 expers
1246 2052 1385 2117 mecha-

187 2154 281 2220 nicae
303 2153 396 2234 artis,
420 2172 514 2235 quem
537 2172 607 2216 cum
641 2161 748 2219 eastra
770 2161 908 2221 metatus
930 2162 1017 2222 esset
1039 2156 1072 2219 in
1094 2156 1384 2245 Hadrianopolim

187 2263 367 2344 constituit,
397 2262 447 2328 cui
476 2263 598 2328 nullum
628 2264 804 2329 secundum
833 2265 978 2330 meritum
1007 2266 1163 2330 auxilium
1195 2271 1252 2335 uel
1279 2272 1384 2338 bene·

187 2376 293 2441 ficium
326 2374 508 2450 conterens,
538 2372 615 2455 quin
638 2373 746 2457 petius
774 2382 806 2440 ct
828 2395 938 2458 rogam
962 2375 1032 2441 cius
1054 2375 1260 2447 abbrcuians
1290 2402 1381 2448 mur·

187 2493 368 2552 morantem
391 2485 488 2549 nimis
510 2483 632 2563 eccidit,
663 2485 716 2567 qui
740 2504 837 2569 super
858 2485 919 2550 hec
941 2487 1085 2553 tristatus
1108 2486 1191 2570 fugit
1222 2490 1268 2555 ad
1301 2494 1410 2558 Bul-2

187 2617 284 2679 gares
307 2603 338 2660 et
359 2594 467 2659 (locuit
489 2613 544 2659 eos
567 2614 693 2659 ornnem
718 2595 943 2677 mangauiearn
965 2603 1073 2661 artoru.

34 2706 216 2774 XXXVIII
273 2707 312 2770 ln
341 2705 392 2769 Iris
423 2704 577 2770 insistens
606 2705 734 2768 nemine
763 2705 804 2769 eb
832 2706 965 2770 multam
994 2705 1161 2772 stultitiam
1191 2711 1378 2778 resistente

189 2837 246 2902 per
275 2823 373 2880 totum
404 2833 543 2878 urensem
572 2814 657 2897 cepit
685 2833 766 2877 carri.
810 2814 961 2881 kalendis
991 2822 1097 2880 autem
1126 2816 1377 2889 Nouembribus

189 2926 347 2993 aduocato
388 2925 563 3008 imperator
607 2942 677 2987 cum
721 2931 948 3006 angustaretur
983 2925 1168 3009 patrIarelra
1205 2927 1249 2992 de
1289 2952 1376 3014 paee

189 3037 356 3102 consilium
386 3033 530 3114 sumpsit.
575 3033 712 3096 aderant
734 3040 839 3098 autem
863 3041 895 3099 et
917 3035 1170 3119 metropolitani,
1200 3037 1375 3109 Nicaenus
1410 3059 1417 3070 ⁴

189 3144 340 3209 uidelicet
373 3149 405 3207 ct
440 3141 619 3225 Cyzicenus
652 3141 796 3226 episcopi
830 3145 1057 3227 praesentibus
1089 3166 1215 3229 quoque
1255 3153 1375 3234 prauis

189 3252 382 3320 consilianis
398 3271 469 3315 eum
484 3249 655 3316 Theodoro
668 3251 835 3334 Egumeuo
851 3254 964 3320 Studii.
988 3263 1019 3321 ct
1035 3255 1221 3339 patriarcha
1235 3259 1374 3339 quidem

189 3385 228 3432 ae
249 3361 484 3447 metropolitani
508 3360 670 3427 antistites
692 3381 762 3425 cum
784 3362 977 3447 imperatore
999 3387 1111 3450 pacem
1127 3368 1375 3448 amplecteban-

189 3486 249 3560 tur,
273 3475 349 3541 mali
373 3493 449 3539 uero
472 3472 650 3538 consiliarii
673 3492 743 3536 cmn
767 3472 938 3540 Theodoro
960 3476 1125 3558 Egurrreno
1148 3476 1253 3542 Studii
1281 3479 1372 3546 hanc

219 3709 264 3715 -w-
278 3705 494 3713 --....-—------

164 3850 168 3857 ,
256 3811 387 3882 aquol)
506 3808 702 3863 ‹lrnlcrrcntur
726 3809 752 3864 D
854 3814 869 3863 5
897 3791 1073 3879 dirpnatronel
1096 3810 1121 3864 1)
1200 3815 1369 3866 tammam-

187 3906 281 3971 tromb;
301 3904 326 3959 Ι)
429 3907 443 3955 8
463 3901 574 3955 amrnrlrt
599 3902 766 3957 subtentull
870 3907 899 3957 1³
919 3884 996 3958 cru'n'
1013 3904 1039 3958 l)
1139 3907 1167 3955 tl
1187 3907 1327 3971 maggamt
1345 3907 1371 3960 Ι)

190 4006 221 4055 lt»
247 4002 351 4067 expers]
381 3997 418 4066 cf
433 4013 463 4065 p.
483 3998 541 4055 594,
561 3999 594 4046 ‘ll
717 4000 745 4048 l'l
772 3976 984 4062 adnanopolill
1078 4001 1107 4049 IS
1128 3979 1188 4050 lecti
1213 3977 1311 4049 mentri
1344 3982 1370 4053 'D

189 4101 221 4150 to
242 4090 405 4160 nulgarolll
474 4094 501 4142 tl
525 4073 726 4155 maggaurcdll
825 4094 857 4144 22
876 4089 997 4145 allrltenl
1016 4091 1039 4144 l}
1124 4093 1155 4142 25
1176 4068 1313 4156 corrlr'rplrt
1335 4093 1370 4146 Iit

189 4191 221 4239 26
266 4168 403 4240 krzrcciml
428 4183 453 4239 Il
556 4186 586 4235 27
617 4198 765 4252 augumeno
800 4182 827 4239 Ι)
938 4187 970 4237 28
1001 4184 1029 4236 iu
1055 4182 1287 4251 amplectebantur
1318 4183 1369 4237 cle·

188 4281 254 4334 sini!
281 4279 332 4350 sol.
362 4282 408 4330 tlt
440 4291 520 4338 uera,
554 4276 606 4346 fol.
638 4282 685 4332 178·
713 4294 736 4333 r.
764 4277 861 4350 teremit
898 4275 1040 4331 lubledenl
1062 4257 1133 4345 pcipe
1172 4288 1217 4345 ep.
1243 4278 1302 4337 err,
1321 4279 1368 4335 ‘lli

189 4371 261 4425 inl)
