2834 5394
168 299 206 347 Vl
661 297 852 344 PRAEFATIO

169 450 228 516 tati
250 456 415 534 acceptum
439 448 542 512 refero
565 453 599 512 ut
626 447 754 512 tertium
777 466 903 531 quoque
934 446 1020 511 domi
1049 447 1215 512 habuerim
1247 449 1284 513 H.
1309 451 1346 513 E.

169 550 225 617 III.
254 555 379 615 1414
403 550 574 632 signatum.
609 550 747 634 scriptus
776 557 825 615 est
847 549 881 613 in
903 550 1005 614 forma
1033 549 1174 615 maxima
1196 551 1345 633 oblonga.

169 653 265 718 buius
287 652 378 717 nulla
400 651 458 716 luit
479 651 610 733 utilitas,
633 651 774 716 continet
800 651 885 716 enim
908 650 1075 717 historiam
1098 652 1281 719 uniuersam
1306 674 1347 718 en

171 755 271 820 uariis
287 752 495 839 scriptoribus
505 752 716 836 compositam
739 759 772 818 11
788 752 966 818 1111111111
982 772 1117 837 eamque
1132 753 1345 820 uehementis·

170 856 250 923 sime
265 855 500 940 interpolatam.
545 853 586 919 dc
608 873 646 920 eo
664 855 905 920 accuratissime
921 852 1001 920 dixit
1013 853 1171 921 Waitaius
1183 857 1216 920 in
1227 856 1343 920 Pertzii

168 957 255 1023 arch.
280 958 341 1022 nol.
358 956 451 1022 VIIII
472 979 504 1042 p.
521 960 699 1022 cta-703.

254 1059 400 1142 Longum
424 1065 474 1127 est
496 1058 761 1143 descriptoribus
777 1058 883 1124 dicere
900 1058 1017 1144 quibus
1033 1059 1164 1124 Paullus
1179 1060 1344 1124 Diaconos

169 1168 202 1227 et
228 1159 440 1245 Landulpbus
469 1160 579 1244 Sagen
606 1196 648 1206 -
676 1161 705 1226 si
737 1160 831 1226 modo
864 1160 917 1226 hic
949 1161 1036 1226 illius
1068 1180 1149 1245 opus
1183 1161 1344 1245 inceptum

169 1263 259 1328 auxit
281 1298 321 1307 -
343 1263 393 1328 nsi
417 1271 500 1329 sunt.
527 1262 588 1328 boc
611 1270 718 1327 tamen
741 1269 891 1347 patetne
913 1263 1089 1329 Anastasio
1112 1261 1241 1345 quidem
1264 1262 1344 1326 mibi

168 1363 322 1431 utendum
345 1364 446 1432 luisse
467 1364 530 1431 nisi
552 1364 608 1429 ubi
630 1363 786 1430 Gruterus
809 1364 1031 1430 (111111111ἰί
1060 1363 1181 1429 codicis
1204 1365 1344 1428 Palatini

168 1467 305 1532 lectione
327 1467 439 1550 aliqua
455 1465 576 1534 diserte
591 1465 733 1531 tradidit.
763 1465 906 1531 Beklreri
922 1467 1007 1531 enim
1020 1466 1212 1531 Anastasius
1236 1486 1344 1549 quam-

169 1587 264 1652 quam
288 1567 528 1652 sapientissime
550 1567 739 1634 emendatus
766 1574 874 1634 tamen
900 1567 1053 1633 librorum
1087 1588 1184 1631 manu
1215 1569 1345 1651 scripto-

168 1689 237 1734 rum
260 1689 321 1753 ope
342 1668 532 1736 emendatus
554 1688 619 1735 non
642 1676 701 1736 est.
758 1669 860 1736 sicubi
883 1670 980 1754 igitur
1006 1670 1214 1735 Anastasium
1237 1669 1344 1751 laudo,

168 1771 349 1836 Palatinum
373 1769 501 1836 Grutcri
523 1770 667 1854 intellegi
689 1771 772 1835 uolo.

232 1872 269 1936 ln
301 1871 480 1939 scribendis
512 1872 680 1939 uocabulis
711 1891 805 1938 nemo
837 1873 1051 1939 constantiam
1080 1871 1281 1955 exspectabit
1310 1873 1345 1936 in

168 1990 307 2056 operes
329 1972 456 2040 duobus
476 1973 660 2040 hominibus
680 1994 745 2040 non
768 1975 920 2059 scriptum
943 1974 1003 2040 sed
1025 1992 1065 2039 ex
1087 1973 1187 2038 uariis
1210 1975 1344 2038 auctori·

168 2072 228 2139 bus
250 2076 487 2158 transcriptum.
531 2083 638 2141 tamen
667 2094 740 2140 mea
754 2075 850 2160 culpa
872 2077 989 2140 lactum
1013 2085 1063 2141 est
1084 2083 1118 2140 ut
1139 2095 1203 2140 non
1227 2076 1344 2158 ultique

168 2172 391 2242 11111111
419 2176 567 2262 Obsequii
590 2195 630 2243 ex
665 2177 700 2239 D
723 2175 876 2261 scriptum
899 2177 957 2244 sed
980 2177 1174 2262 aliquotiens
1196 2175 1344 2238 dloulu’cs

168 2284 201 2342 et
225 2275 343 2340 Obsr'ai‘
362 2278 507 2344 relictum
529 2279 580 2345 sit.
631 2278 733 2344 sicubi
756 2285 863 2344 autem
886 2278 1013 2361 uirgnla
1043 2277 1162 2344 excidit
1192 2280 1281 2342 uelut
1309 2278 1343 2342 in

166 2361 255 2446 11111
278 2385 321 2465 (p.
338 2383 379 2445 99
401 2381 435 2446 in
457 2386 544 2456 nota)
568 2379 688 2447 excidit
709 2400 730 2445 1
751 2400 804 2446 111
833 2386 865 2447 11
887 2381 975 2465 picta
1005 2386 1038 2446 ct
1058 2381 1092 2444 in
1114 2381 1254 2464 plagulis
1278 2399 1344 2443 cor-

168 2481 313 2567 rigendis
341 2483 424 2550 uisa.
469 2490 607 2549 ceterum
630 2502 695 2549 non
718 2483 870 2550 uolebam
892 2490 981 2549 recta
1002 2490 1034 2548 et
1055 2502 1133 2547 ucra
1155 2500 1341 2566 repraesen-

167 2590 237 2648 tare
259 2583 318 2651 scd
341 2605 424 2669 quac
444 2584 567 2651 bomini
591 2585 729 2652 barbaro
754 2592 840 2650 recta
868 2591 902 2650 et
922 2604 1001 2650 uera
1023 2583 1231 2663 uidebantur,
1256 2582 1343 2665 quod

167 2703 281 2750 moneo
303 2687 418 2769 nequis
449 2707 500 2752 me
529 2687 609 2752 talia
636 2689 732 2772 quale
760 2685 877 2768 legitur
904 2706 936 2769 p.
957 2689 1025 2767 145,
1051 2687 1090 2748 18
1113 2685 1273 2768 patienter
1296 2691 1343 2748 tu·

166 2786 245 2852 lissc
266 2785 409 2852 miretur.

258 2921 380 3006 Scripsi
403 2921 545 2988 Berolini
567 2922 633 2986 kal.
657 2919 848 2987 Octobribus
871 2941 900 2985 a.
923 2918 1207 2985 otocecnxt‘lll
