2834 5394
551 721 624 771 ese.
647 723 780 771 xn-xv
1185 711 1247 775 433

75 896 97 940 a
118 875 209 958 regia
232 874 313 940 urhe
335 874 481 941 celeriter
503 874 537 938 in
559 874 745 939 Armeniam
767 874 963 960 properauit.
1006 874 1167 943 Chosroes
1194 896 1250 943 au-

77 992 141 1050 tem
163 985 335 1051 Persarum
358 1005 415 1051 rex
438 984 525 1051 misit
546 985 758 1051 Sarbanazan
779 1004 851 1050 cum
873 985 1016 1051 exercitu
1043 1005 1101 1051 suo
1131 986 1165 1051 in
1186 988 1248 1053 Rc

79 1114 246 1159 manorum
269 1102 388 1161 terram
411 1095 562 1161 intrandi.
607 1094 777 1161 Heraclius
792 1102 901 1161 autem
915 1094 1077 1163 scribebat
1091 1094 1134 1161 ad
1149 1094 1249 1163 (lhos-

77 1224 157 1272 roen
185 1212 220 1271 ut
247 1212 302 1269 aut
331 1224 445 1291 pacem
473 1205 721 1290 amplecteretur
747 1213 804 1271 aut
831 1224 867 1272 sc
895 1205 991 1271 sciret
1011 1224 1083 1271 curn
1105 1206 1247 1272 exercitu

41 1331 136 1382 csuo
159 1315 325 1382 Persidem
354 1315 585 1399 ingressurum.
629 1314 791 1381 Ohcsroes
817 1320 925 1382 autem
954 1333 1015 1382 nec
1040 1334 1152 1401 pacem
1180 1336 1247 1384 anr-

77 1425 275 1510 plectebatur
305 1445 365 1491 nec
397 1445 506 1491 uerum
534 1426 675 1491 Heraclii
702 1444 883 1494 sermonem
910 1425 1137 1492 arbitrabatur.
1181 1447 1246 1493 non

79 1534 164 1602 enim
193 1534 315 1602 audere
345 1536 435 1601 iham
456 1535 584 1602 Persidi
612 1536 873 1621 appropinquare
900 1535 1045 1620 putabat.
1089 1555 1169 1603 sane
1189 1537 1245 1603 im-

76 1653 207 1731 perator
239 1644 430 1711 duodecima
458 1646 671 1712 kalendarum
693 1645 850 1711 Maiarum
878 1646 1045 1729 ingressus
1072 1654 1123 1714 est
1143 1647 1248 1715 Persi·

76 1756 160 1822 dem.
211 1776 273 1840 quo
306 1755 467 1823 Chosroes
499 1762 660 1841 comperto
693 1756 906 1823 Sarbanazan
939 1758 1058 1823 reuerti
1089 1757 1183 1825 iussit
1215 1764 1247 1825 et

28 1866 219 1933 recollectis
242 1886 282 1932 ex
304 1873 372 1932 tota
393 1865 526 1933 Perside
549 1866 673 1933 militiis
695 1868 764 1934 suis
787 1876 819 1934 et
840 1866 968 1936 traditis
989 1867 1037 1933 eis
1059 1867 1139 1932 Sain
1159 1850 1249 1933 nelo-¹

76 1978 155 2044 citer
177 1976 314 2043 adunari
342 1998 398 2044 eas
421 1977 630 2044 Sarbanazae
652 1978 746 2045 iussit
767 1983 799 2044 et
820 1979 868 2043 ita
889 1983 1001 2044 contra
1020 1978 1245 2062 imperatorem

75 2088 258 2172 procedere.

160 2198 329 2265 Heraclius
352 2206 459 2264 autem
481 2196 639 2262 aduocato
662 2198 803 2263 exercitu
818 2218 876 2264 suo
892 2197 1002 2264 uerbis
1017 2197 1244 2265 exhortatoriis
1265 2185 1328 2250 XV

77 2308 233 2374 incitabat
255 2328 312 2374 eos
335 2308 448 2375 dicens
471 2306 548 2373 ‘uiri
578 2309 693 2375 iratres
720 2308 772 2373 dei
802 2328 943 2373 amorem
972 2308 1007 2373 in
1034 2315 1173 2374 urentem
1196 2328 1246 2375 su-

28 2432 60 2480 ra
76 2439 211 2502 mamus,
248 2418 398 2483 iniuriam
428 2418 522 2485 huius
552 2419 715 2502 requirere
740 2426 936 2502 satagamus.
980 2424 1102 2485 stemus
1124 2418 1247 2484 fortiter

75 2528 232 2595 aduersus
255 2528 400 2595 inimicos
423 2529 501 2611 quia
521 2529 622 2594 multa
643 2527 716 2594 dira
737 2528 771 2593 in
793 2527 996 2595 Christianos
1017 2528 1141 2614 operati
1162 2534 1245 2595 sunt

75 2658 283 2705 reuerearnur
303 2640 519 2703 Romanorum
550 2639 721 2723 imperium
749 2638 836 2723 quod
864 2638 913 2705 sui
937 2638 1040 2723 ipsius
1062 2645 1094 2703 et
1115 2658 1180 2704 non
1202 2637 1247 2703 al·

75 2749 175 2814 terius
198 2755 247 2815 est
269 2748 403 2813 dominii
425 2756 457 2814 et
485 2757 606 2815 stemus
634 2749 792 2816 aduersus
821 2748 932 2816 hostes
959 2748 1067 2833 impiis
1095 2749 1169 2815 telis
1198 2767 1246 2812 ar-

76 2866 189 2925 matos.
234 2858 407 2925 induamus
436 2857 541 2923 fiderrr.
592 2859 872 2943 interemptionem
900 2858 1168 2942 interemptricem
1196 2876 1244 2922 re

26 2985 60 3034 ac
76 2970 263 3054 cogitemus,
297 2969 374 3053 quia
403 2970 488 3034 intra
509 2969 680 3034 Persarum
708 2976 828 3035 terram
850 2968 1053 3035 consistimus
1076 2975 1107 3032 et
1127 2967 1244 3050 ingens

77 3080 153 3162 iuga
174 3081 352 3163 periculum
376 3080 445 3144 fert.
481 3078 683 3146 uindicerrrus
705 3079 925 3164 corruptiones
946 3078 1117 3162 uirginum,
1140 3077 1245 3144 recisa

76 3189 327 3255 commilitonum
350 3190 494 3255 membra
516 3197 696 3255 nostrorum
718 3189 866 3256 uidentes
895 3188 1046 3255 cordibus
1067 3187 1243 3255 deleamus.

75 3321 140 3365 non
163 3307 238 3366 sunt
261 3300 345 3365 haec
368 3301 488 3365 nullam
511 3299 691 3366 mercedem
720 3300 873 3365 habentia
900 3298 957 3365 sed
986 3298 1071 3364 uitae
1093 3296 1244 3383 perennis

74 3410 229 3494 praemia.
274 3418 395 3477 stemus
418 3411 553 3476 uiriliter·
575 3417 607 3475 ct
629 3410 777 3476 dominus
805 3409 885 3476 deus
907 3409 1000 3475 nobis
1021 3407 1244 3491 cooperabitur

26 3533 57 3583 aa
76 3528 107 3586 et
136 3519 251 3605 perdet
282 3520 429 3588 inimicos
462 3522 607 3587 nostros’
649 3539 785 3604 cumque
817 3519 991 3604 imperator
1022 3519 1073 3585 his
1106 3527 1138 3585 et
1169 3518 1244 3585 aliis

75 3632 342 3715 quamplurimis
365 3631 664 3698 commonitionibus
687 3632 841 3716 populum
864 3629 1050 3697 exhortatus
1072 3636 1166 3713 esset,
1198 3648 1244 3695 re

75 3739 205 3823 spondit
227 3740 258 3806 ei
281 3763 362 3807 unus
384 3762 442 3826 pro
465 3741 613 3807 omnibus
637 3740 830 3826 ‘expandisti
852 3740 1035 3824 angustiam
1057 3739 1162 3806 cordis
1185 3759 1244 3805 nc-

75 3848 133 3915 stri
156 3848 285 3916 domine
314 3872 351 3916 cs
380 3859 467 3917 tuunr
497 3852 531 3916 in
559 3851 778 3917 admonitione
807 3850 959 3918 dilatans.
1003 3856 1159 3916 acuerunt
1180 3869 1244 3915 ser·

75 3979 186 4026 mones
209 3961 255 4025 tui
277 3960 405 4045 gladios
428 3968 555 4029 nostros
585 3970 616 4028 et
645 3961 704 4027 hos
733 3961 894 4026 animatos
916 3960 1041 4044 operati
1063 3965 1146 4026 sunt.
1192 3979 1246 4024 cx·

24 4079 57 4130 30
75 4068 202 4154 peditus
223 4091 283 4138 nos
305 4064 368 4138 tuis
391 4073 500 4139 uerbis
530 4072 713 4152 exhibuisti,
742 4069 960 4138 erubescimus
988 4077 1020 4134 te
1048 4069 1243 4155 aspicientes

73 4201 132 4247 nos
154 4181 188 4246 in
210 4183 329 4266 pugnis
352 4182 556 4267 praecedere,
580 4189 611 4247 ct
634 4182 796 4248 iussiones
818 4187 890 4246 tuas
912 4181 947 4244 in
969 4179 1117 4245 omnibus
1139 4179 1244 4264 sequi·

138 4485 343 4539 lsarbanazan
363 4482 539 4555 Theophanes
564 4490 590 4539 et
613 4490 704 4538 ceaster
728 4484 820 4551 iustu.-
846 4482 1024 4535 sarmanazarr
1042 4478 1106 4545 ΒΡ,
1130 4480 1244 4535 Arrectu-

70 4576 136 4642 sius,
155 4592 333 4631 sarmanazan
352 4579 563 4649 Beriparss'auas·
665 4574 947 4645 lampleetereturI)
1050 4579 1079 4627 11
1101 4567 1244 4627 larbanax'

72 4666 95 4731 t'
114 4668 194 4722 aliter
210 4685 265 4724 arou
282 4670 422 4742 siguificat
444 4687 480 4727 mr
508 4670 534 4725 I)
639 4674 668 4724 13
690 4665 903 4724 exortatorrrlD
996 4671 1026 4721 18
1043 4666 1115 4735 telis]
1133 4665 1202 4720 talal
1216 4664 1244 4721 Ι)

72 4762 338 4818 toterramom.1')
450 4762 677 4828 hermoclea
802 4759 909 4829 nullams
930 4761 1077 4817 Gruterus:
1094 4758 1176 4814 ullam
1193 4757 1246 4815 ΒΡ

74 4855 190 4924 phennrl
205 4855 231 4910 Ι)
300 4860 332 4911 25
351 4856 461 4926 almique
478 4856 566 4927 plurib
579 4856 653 4914 ΜΘ
669 4862 858 4913 ammomtrone
874 4853 901 4909 I)

112 4949 228 4991 llrsrosrx
241 4960 361 4994 tercentus
1028 4959 1061 5009 28
