3142 5056
287 295 351 360 666

319 465 352 514 51
387 458 600 516 Lachanodraoo
624 457 786 514 monasteria
820 461 848 512 et

283 567 364 608 omne
392 567 498 610 oacrum
527 551 717 622 patrimonium
745 549 846 616 uendit,

283 646 403 714 reliquiis
425 652 580 700 sanctorum
605 651 632 698 et
656 644 730 698 libris
754 659 846 700 mona·

284 739 370 796 ohicis
388 739 549 802 combustis,
567 739 705 794 monachis
722 737 846 794 omnibus

284 833 313 888 16
329 847 379 888 666
393 832 512 888 themate
525 831 667 888 trucidatis
684 829 729 886 uel
745 830 774 884 in
790 830 845 886 oxi·

186 909 188 918 '
282 925 349 980 num
366 925 459 995 puna,
477 929 569 994 gratus
587 923 622 980 oo
639 923 668 980 n
683 923 847 994 6666666.

318 1023 350 1072 55
386 1018 563 1073 barbarorum
588 1018 713 1072 incursus
738 1017 766 1074 in
791 1015 846 1070 116-

283 1111 399 1169 maniam
421 1127 535 1181 quornm
559 1110 631 1166 mille
653 1110 732 1166 caesi.
775 1109 845 1164 Con·

282 1203 418 1260 martinus
445 1205 531 1260 616666
553 1203 659 1259 inuadit
684 1203 845 1272 Bulganam,

283 1297 331 1354 666
342 1298 475 1367 utrimque
482 1296 689 1352 formidantibus
706 1311 761 1366 pax
774 1296 844 1352 inter

282 1407 330 1447 eos
347 1391 421 1446 16616
438 1390 635 1460 imperatorque
651 1405 786 1446 reuersus.

317 1489 350 1538 56
385 1484 495 1554 3616661
518 1484 587 1540 clam
611 1483 783 1553 egrediuntur
808 1481 843 1538 66

282 1578 441 1647 capiendam
471 1577 623 1633 Berzitiam.
676 1575 845 1632 Constantini

282 1672 422 1740 praeclara
440 1671 522 1728 66116
540 1671 662 1726 uictoria.

317 1769 349 1818 51
386 1765 577 1820 Constantinus
604 1763 699 1818 iterum
732 1763 845 1818 classem

282 1857 414 1914 aduersus
438 1857 592 1926 Bulgariem
615 1856 704 1910 mittit.
739 1857 786 1912 sed
813 1869 846 1910 ea

282 1957 442 2020 tempestate
466 1950 523 2004 1666
552 1948 639 2004 661616
668 1948 753 2004 omnis
788 1949 845 2003 siue

281 2043 381 2098 6116616
415 2044 491 2098 redit.
533 2043 702 2098 Constantini
731 2041 845 2096 stultitia

282 2136 460 2204 Bnlgarornm
484 2135 599 2206 principi
629 2135 768 2204 prodentis
799 2149 844 2191 eos

281 2245 331 2300 per
348 2245 415 2298 quos
434 2245 448 2285 6
464 2229 592 2297 Β6166616
609 2228 642 2283 66
660 2227 783 2282 omnibus
801 2243 843 2305 66-

281 2323 333 2378 bus
351 2324 468 2378 hostium
486 2322 569 2376 tiebat
586 2321 692 2376 certior.

316 2420 349 2470 58
385 2415 554 2472 Constantini
579 2413 738 2470 miserabilis
762 2413 843 2468 iuter·

281 2509 335 2564 itus
353 2510 464 2579 eiusque
482 2508 651 2578 uituperatio.

316 2607 349 2656 59
377 2601 524 2657 Η66661166
542 2607 569 2658 61
587 2601 780 2656 Constantinus
799 2615 843 2656 eo·

281 2694 341 2750 dem
364 2709 435 2750 6666
459 2701 486 2748 61
509 2709 600 2750 mense
623 2693 721 2748 mortui
747 2692 844 2761 quibus

281 2788 513 2852 6666666611111,
538 2786 668 2842 111111661
692 2786 755 2842 huic
778 2786 843 2842 Leo.

281 2881 424 2950 adelgisus
447 2881 685 2950 Langobardorum
711 2895 758 2934 rex
781 2895 842 2949 pro·

281 2973 350 3044 fugit
368 2973 637 3044 Constantinopolim.

514 3237 609 3302 XXV

320 3443 329 3491 1
367 3437 423 3494 Leo
440 3439 468 3494 11
491 3439 637 3508 imperator
653 3438 751 3492 Lxxl.
788 3439 844 3494 eius

281 3532 356 3586 initio
383 3532 518 3587 laudabile
535 3533 684 3602 imperinm.
719 3547 845 3602 proceres

281 3641 343 3680 cum
368 3627 469 3695 populo
504 3641 609 3696 qnoque
640 3625 846 3680 Constantinum

280 3718 339 3773 6166
356 3719 440 3774 tilium
456 3719 643 3788 imperatorem
660 3725 785 3788 poscunt.

316 3815 331 3864 2
363 3811 480 3881 populns
497 3813 570 3866 iurat
587 3813 658 3868 sieut
679 3819 706 3868 et
718 3827 844 3882 proceres

690 307 799 356 innox
821 307 1062 379 curmvnonvm

898 457 986 514 cneati
1007 458 1041 514 66
1064 459 1167 514 16616116
1184 459 1270 516 Leoni
1284 461 1387 526 factis,
1415 463 1464 533 qni

898 551 971 607 66661
988 553 1104 608 6116661
1121 553 1199 608 exilio
1217 553 1346 610 damnati.

932 649 948 700 4
977 643 1115 714 Telerigus
1123 645 1265 714 Bnlgsriae
1281 649 1413 718 66166666
1432 651 1469 705 acl

896 735 1087 810 imperatorem
1102 739 1221 810 profugit
1244 757 1304 796 cnm
1329 759 1386 812 quo
1415 745 1467 798 im·

897 837 1006 900 perator
1023 831 1184 888 affinitatem
1201 833 1286 904 iungit
1309 835 1389 905 isque
1415 837 1467 891 ba·

896 923 1024 993 61166166.
1057 925 1222 982 1166616666
1244 929 1345 983 bellam
1368 937 1466 985 monet

897 1015 1035 1074 11666616.
1070 1017 1253 1076 Romanorum
1277 1029 1375 1078 666166
1401 1039 1466 1079 earn

896 1111 1030 1180 expeditio
1048 1117 1075 1166 et
1092 1112 1125 1168 66
1143 1113 1284 1168 Saracenis
1302 1115 1448 1172 uictoriae.

930 1209 945 1258 5
981 1203 1057 1259 Μ661
1074 1207 1155 1260 mittit
1171 1207 1247 1262 Asan
1270 1223 1332 1264 cnm
1357 1211 1465 1280 magnis

895 1297 979 1366 copiis
1002 1297 1146 1354 66666666
1163 1299 1309 1356 Romanoa
1344 1303 1465 1373 impera·

894 1397 938 1445 tor
961 1392 1036 1446 iubet
1053 1392 1154 1464 pabula
1177 1394 1284 1449 1666661
1308 1403 1336 1449 61
1360 1397 1466 1466 ubique

895 1499 972 1542 66666
990 1486 1097 1542 auferri.
1124 1486 1163 1541 ita
1177 1486 1306 1542 Saraceni
1323 1488 1399 1544 lame
1417 1507 1465 1546 co·

895 1585 975 1648 gente
991 1579 1100 1636 reuersi.

930 1677 946 1727 6
981 1671 1056 1727 11661
1084 1673 1298 1742 persecutionem
1329 1675 1465 1732 Christia-

896 1781 992 1822 norum
1008 1781 1118 1821 saeuam
1135 1765 1253 1822 institnit
1275 1767 1464 1838 ecclesiasque

896 1859 1042 1914 desolatur.

931 1957 945 2006 1
980 1951 1078 2008 Nieeta
1093 1959 1199 2008 mortuo
1218 1953 1328 2008 Paullus
1345 1954 1465 2024 Cyprius

895 2045 1051 2114 patriarche
1078 2044 1394 2115 constantinopolitanus
1421 2049 1465 2103 ia·

895 2144 963 2193 ctus.
998 2137 1055 2194 Leo
1073 2137 1164 2194 odium
1184 2153 1247 2208 erga
1264 2138 1394 2208 imagines
1414 2142 1465 2196 ha·

895 2237 990 2286 ctenus
1013 2232 1180 2287 occultatum
1197 2232 1320 2301 erumpit,
1348 2233 1464 2289 iconum

894 2323 1083 2380 adoratoribus
1094 2324 1382 2382 multisillnstrion'bus
1391 2329 1467 2382 male
1554 2319 1555 2324 ’

894 2417 1466 2475 66116116.Α6666Α6666166666661166666

894 2509 1005 2566 1666611
1041 2511 1224 2566 Romanorum
1248 2511 1282 2566 de
1307 2510 1467 2568 Ithumsmc

895 2603 1018 2659 uictoria.
1053 2603 1153 2658 Leonis
1170 2604 1340 2672 imperatoris
1359 2621 1447 2660 mors.

930 2702 946 2752 8
964 2697 1187 2752 Constantinusll
1197 2697 1345 2766 imperator
1356 2697 1466 2753 LXXII

894 2808 955 2848 cum
973 2797 1058 2846 matre
1067 2789 1165 2844 Eirene
1191 2805 1332 2859 procerum
1350 2790 1466 2860 plurimi

894 2885 1075 2954 Nicephorum
1092 2883 1279 2953 imperatorem
1301 2883 1394 2939 tacere
1413 2901 1465 2939 no-

893 2978 979 3034 lentes
997 2977 1158 3033 6666116661
1182 2985 1209 3030 et
1225 2977 1253 3030 16
1272 2975 1381 3032 diuersa
1401 2978 1466 3034 loca

893 3071 1011 3140 relegati.
1064 3069 1163 3126 Eirene
1205 3069 1295 3124 666611
1328 3071 1467 3126 ecclesiae

895 3169 1008 3219 stemma
1042 3163 1114 3232 quod
1138 3179 1155 3216 6
1177 3163 1272 3218 merito
1296 3178 1346 3217 suo
1370 3163 1468 3219 tuerat

895 3256 1024 3313 ablatum.
1042 3256 1182 3325 1161616166
1200 3255 1235 3310 66
1253 3261 1413 3325 praeturam
1421 3256 1466 3310 Si-

897 3351 975 3405 ciliae
991 3351 1088 3406 iterum
1105 3353 1253 3417 promotus.

930 3449 945 3496 9
980 3443 1121 3512 Helpidins
1139 3447 1284 3496 accusatus
1302 3441 1375 3510 quocl
1394 3458 1466 3498 con·

895 3543 939 3591 tra
956 3537 1144 3606 imperatorem
1166 3535 1277 3590 sentiret
1301 3534 1403 3588 adduci
1423 3536 1466 3589 iu·

895 3631 982 3694 betur,
1000 3645 1078 3698 quern
1087 3635 1177 3682 tamen
1188 3627 1273 3682 Siculi
1282 3643 1337 3680 666
1347 3626 1464 3684 dedunt

895 3722 1078 3778 Romanorum
1110 3721 1143 3776 de
1166 3719 1307 3775 Saracenis
1332 3719 1466 3776 61616616.

894 3831 960 3870 arca
977 3814 1109 3884 quaedam
1126 3813 1233 3882 lapidea
1250 3818 1365 3881 reperta.

281 3919 313 3960 so
329 3903 409 3959 fidem
427 3909 613 3974 praestaturos
631 3905 716 3960 Leoni
733 3913 760 3960 et
773 3904 843 3960 Con·
931 3913 962 3964 10
997 3907 1095 3962 Eirene
1117 3907 1172 3960 11116
1191 3921 1240 3961 666
1264 3905 1354 3960 Caroli
1373 3905 1467 3962 Fran·

280 3998 400 4053 61661166
419 4003 446 4052 61
461 4013 552 4054 eorum
562 3998 676 4068 posteris
695 4013 744 4054 uec
762 3998 844 4053 alium
896 4017 989 4056 corum
1012 3999 1081 4068 regis
1104 3999 1186 4054 filiam
1210 3999 1240 4054 in
1261 3999 1467 4055 matrimonium

281 4090 470 4161 imperatorem
500 4091 674 4148 admissuros.
708 4092 765 4146 Leo
788 4089 844 4146 ira·
896 4095 971 4165 petit.
990 4093 1148 4149 Theodorus
1165 4093 1295 4148 aduersus
1305 4091 1468 4160 Helpidium

280 4189 350 4240 trem
367 4185 517 4242 Endocium
534 4185 668 4254 prouehit.
894 4188 923 4243 in
941 4187 1060 4242 Siciliam
1077 4187 1190 4250 missus,
1207 4184 1411 4254 1161616111666
1431 4186 1469 4242 acl

316 4277 844 4347 306661661161666666116.111666116-
896 4280 1054 4336 Saracenos.
1554 4263 1555 4272 ³

279 4389 328 4430 rna
346 4388 440 4430 caesar
466 4379 493 4428 et
510 4373 594 4428 166166
612 4373 781 4442 imperatoris
799 4387 844 4427 ac·
934 4379 960 4428 11
999 4370 1468 4428 11611666666166666611666-
1554 4387 1555 4402 1
