2834 5394
491 682 495 689 ·
590 678 663 726 carr.
687 678 831 726 vr-vrnr
1236 662 1298 725 335

120 828 333 895 venetiarum
353 828 467 911 urbes,
497 828 557 893 hoe
582 836 632 895 est
654 829 809 894 Vicetiam
832 829 993 894 Veronam
1014 828 1158 894 Brixiam
1181 829 1298 911 Berga-

118 958 209 1005 mum
230 958 290 1005 seu
310 938 454 1021 reliquas
475 940 564 1004 nullo
586 939 758 1006 resistente
778 939 888 1004 Hunni
911 938 1118 1019 bacchantur,
1146 938 1297 1003 Mediola-

117 1051 211 1116 nium
225 1049 440 1130 'lioinumque
460 1050 532 1134 pari
555 1056 641 1116 sorte
663 1047 828 1134 diripiunt,
852 1049 894 1114 ab
916 1049 991 1132 igne
1011 1055 1119 1113 tamen
1134 1048 1295 1114 abstinen-

117 1168 171 1227 tes
198 1166 233 1225 et
258 1158 354 1225 ierro.
397 1157 517 1225 deinde
544 1159 704 1224 Aemiliae
731 1159 916 1225 ciuitatibus
948 1159 1094 1226 similiter
1123 1157 1295 1242 expoliatis
1317 1158 1398 1224 VIII

83 1269 299 1337 snomsnmo
320 1288 360 1335 eo
381 1270 451 1334 loeo
473 1290 537 1353 quo
559 1269 696 1336 Mincius
718 1268 835 1335 fluuius
856 1269 889 1334 in
912 1269 1034 1334 Padurn
1058 1268 1161 1334 influit
1189 1276 1296 1333 eastra

117 1378 232 1446 metati
254 1386 338 1445 sunt
382 1379 438 1443 ubi
459 1381 561 1445 Attila
582 1381 764 1446 consistens
796 1378 872 1444 dum
907 1387 1010 1444 utrum
1036 1378 1141 1444 adiret
1160 1380 1294 1443 Romam

118 1509 164 1554 an
185 1488 358 1556 desisteret
378 1489 487 1554 animo
508 1490 697 1569 ssuetuaret‚
720 1510 785 1554 non
807 1490 878 1553 urbi
901 1491 953 1554 nui
974 1489 1110 1556 infestus
1133 1496 1202 1554 erat
1223 1507 1295 1553 oon·

119 1600 248 1675 solens,
278 1598 337 1665 sed
359 1598 503 1664 Alariolui
532 1601 714 1684 exemplum
737 1619 877 1683 pauens,
909 1600 963 1684 qui
985 1607 1099 1683 captae
1125 1619 1146 1663 a
1167 1616 1202 1665 se
1225 1597 1296 1662 urbi

119 1728 188 1777 non
203 1708 325 1775 diutius
341 1710 530 1793 superuixit,
554 1708 630 1774 dum
654 1729 730 1794 ergo
754 1710 814 1775 bas
836 1710 944 1774 animo
967 1717 1175 1793 tempestates
1193 1708 1296 1774 reuol-

67 1842 99 1891 ιο
122 1824 229 1902 neret,
258 1825 391 1903 repente
412 1819 460 1883 illi
481 1820 601 1902 legatio
624 1819 847 1904 placidissima
869 1840 889 1884 a
911 1821 1012 1884 Roma
1034 1818 1175 1884 aduenit.
1219 1833 1294 1883 nom

118 1949 178 2016 per
199 1949 236 1996 se
258 1929 309 1993 uir
331 1930 556 1996 sanctissimus
577 1931 643 1995 Leo
672 1951 759 2014 papa
786 1930 828 1995 ad
858 1950 930 1995 eum
953 1929 1098 1995 aeeessit.
1144 1929 1200 2012 qui
1222 1947 1294 1991 eum

118 2038 162 2105 ad
183 2059 293 2122 regern
309 2038 482 2104 barbarum
501 2041 716 2124 introgressus
732 2048 827 2122 esset,
850 2046 965 2105 cuneta
980 2046 1014 2104 ut
1032 2045 1199 2124 optauerat
1214 2036 1293 2122 opti-

117 2168 210 2226 nens,
232 2168 297 2215 non
320 2152 421 2215 solum
437 2152 558 2216 Romae
581 2150 638 2216 sed
660 2158 693 2215 et
712 2152 809 2217 totius
823 2151 939 2216 Italiae
956 2151 1091 2216 salutem
1107 2147 1292 2233 reportauit.

117 2260 248 2327 territus
271 2279 410 2343 namque
432 2268 510 2325 nutu
533 2260 585 2324 dei
608 2261 709 2325 Attila
730 2262 836 2327 fuerat
856 2281 916 2327 nee
938 2260 1026 2325 aliud
1045 2258 1166 2325 Christi
1189 2276 1292 2324 saeer-

67 2390 99 2440 ls
117 2369 185 2437 doti
207 2370 295 2453 loqui
318 2371 421 2435 naluit
442 2370 506 2436 nisi
529 2370 614 2454 quod
637 2370 708 2455 ipse
722 2379 939 2457 praeoptaret.
970 2372 1068 2436 fertur
1089 2371 1197 2454 itaquo
1219 2375 1293 2455 post

117 2480 297 2547 discessum
320 2479 481 2563 pontificis
503 2480 733 2565 interrogatum
756 2501 830 2548 esse
844 2483 975 2547 Attilam
999 2502 1019 2547 a
1042 2482 1109 2548 suis
1131 2500 1187 2546 eur
1208 2481 1293 2544 ultra

118 2591 248 2658 solitum
271 2608 390 2655 morem
419 2596 542 2655 tantam
572 2592 784 2657 reuerentiam
807 2593 951 2657 Romano
974 2612 1079 2677 papae
1101 2590 1291 2665 exhibuerit,

117 2699 247 2786 quando
270 2698 398 2781 quidem
421 2719 526 2783 paene
548 2701 591 2765 ad
613 2702 737 2783 omnia,
760 2721 844 2784 quae
866 2702 921 2766 ille
942 2702 1150 2786 imperasset,
1173 2701 1292 2765 obtem·

117 2810 249 2896 perarit.
277 2818 343 2874 tum
359 2829 467 2891 regem
484 2809 691 2893 respondisse
715 2832 778 2876 non
801 2833 837 2877 se
859 2811 929 2878 eius
951 2812 1005 2894 qui
1027 2811 1206 2876 aduenerat
1219 2828 1289 2892 per·

64 2944 100 2995 zo
117 2941 230 2987 sonam
247 2920 419 2985 reueritum
435 2939 508 2985 esse
532 2920 589 2986 sed
612 2922 711 2985 alium
734 2940 769 2986 se
791 2921 894 2985 uirum
916 2921 1006 2986 iuxta
1028 2940 1101 2986 eum
1123 2920 1156 2983 in
1177 2917 1290 2982 habitu

116 3029 310 3098 sacerdotali
332 3028 514 3094 adstantem
538 3030 660 3096 uidisse
683 3032 785 3096 sonna
806 3031 1001 3114 augustiore,
1025 3031 1143 3096 canitie
1158 3047 1290 3094 uenera-

115 3141 212 3206 bilem
235 3140 389 3220 illumqno
412 3141 584 3223 euaginato
606 3141 715 3224 gladio
739 3141 801 3207 sibi
824 3142 1009 3206 terribiliter
1038 3149 1171 3206 mortem
1200 3137 1290 3203 mini·

115 3257 236 3317 tantem
259 3250 322 3315 nisi
345 3259 459 3314 cuneta
481 3270 564 3333 qnae
586 3251 640 3316 ille
662 3252 834 3336 expetebat
856 3253 1026 3336 explesset.
1071 3252 1169 3334 igitur
1189 3250 1289 3314 Attila
1312 3249 1411 3315 VIIII

114 3362 173 3426 tali
195 3358 290 3424 modo
313 3379 334 3423 a
357 3381 416 3425 sua
438 3360 575 3425 saeuitia
598 3382 765 3445 repressus
789 3365 901 3429 relieta
924 3363 1018 3427 ltalia
1032 3361 1219 3426 Pannonias
1241 3378 1289 3424 re-

64 3496 97 3547 25
114 3471 205 3556 petit.
250 3469 293 3535 ad
321 3488 415 3553 quem
438 3469 581 3535 Honorio
603 3472 822 3538 Valentiniani
844 3472 999 3558 principis
1027 3491 1184 3556 germana
1214 3470 1290 3535 dum

112 3581 154 3645 ab
177 3581 275 3645 fratre
303 3579 344 3643 ob
374 3579 472 3645 decus
500 3580 672 3664 pudicitiae
705 3582 847 3650 districte
869 3591 1053 3650 seruaretur
1075 3603 1168 3649 suum
1191 3600 1289 3646 eunu-

113 3690 208 3754 ehum
241 3688 352 3772 dirigit
386 3697 544 3773 quatenus
575 3711 646 3756 eam
677 3693 738 3758 sibi
762 3714 783 3758 a
804 3695 901 3759 fratre
922 3695 956 3759 in
978 3693 1216 3758 matrimonium
1238 3711 1290 3757 ex·

112 3807 285 3882 torqueret.
330 3808 462 3883 aeeepto
491 3801 599 3885 itaquo
629 3802 689 3867 hoe
710 3804 812 3868 Attila
841 3804 952 3868 nuntio
982 3805 1060 3887 quia
1088 3805 1152 3868 iam
1175 3800 1289 3866 ltaliae

113 3909 196 3975 fines
224 3918 408 3976 exoesserat
436 3930 494 3975 nee
525 3912 633 3977 statim
660 3913 794 3995 fatigato
824 3913 964 3979 exercitu
999 3913 1126 3995 regredi
1154 3917 1288 3996 poterat,

61 4039 95 4090 30
114 4018 248 4084 mandat
282 4020 508 4085 Valentiniano
537 4022 723 4106 imperatori
756 4023 910 4088 minitans
939 4024 1052 4106 peiora
1080 4041 1115 4087 se
1143 4020 1289 4104 proxime

112 4129 285 4194 inlaturum
306 4129 421 4194 ltaliae
443 4131 507 4196 nisi
530 4151 604 4196 mox
627 4133 657 4196 ei
680 4153 770 4197 suam
792 4152 979 4216 germanam
1003 4151 1074 4196 eum
1089 4138 1181 4215 parte
1197 4128 1288 4212 regni

314 4268 411 4275 -——-.

180 4351 191 4400 t
210 4345 344 4400 Vicetram
363 4345 400 4399 P:
417 4353 559 4402 uroeetram
578 4347 613 4411 B,
632 4353 743 4403 uroettra
760 4348 787 4403 Β
837 4363 963 4418 pgamum
982 4348 1009 4402 Β
1078 4352 1092 4401 2
1111 4348 1245 4415 bagantur
1261 4344 1288 4399 Β

109 4438 260 4494 medrolanu
278 4442 435 4509 trermlumq3
455 4441 482 4495 B
551 4441 695 4510 3dmpmt
712 4440 746 4495 Β
807 4442 994 4511 lexlpolratrl
1010 4441 1045 4495 B‘
1114 4439 1241 4494 salamon
1259 4436 1287 4492 Β

110 4537 140 4585 lt
160 4532 284 4587 enctaD
335 4533 479 4587 obtauerat
496 4533 524 4587 B
614 4539 642 4587 15
661 4535 824 4602 preoptabat
842 4535 869 4589 Β
932 4532 1024 4588 ferunt
1041 4534 1068 4589 Β
1157 4537 1183 4585 t‘l
1203 4536 1287 4586 nontst

107 4625 251 4680 referenda
269 4625 302 4680 Β
361 4625 539 4682 exibuerrtI)
611 4631 640 4681 18
657 4641 745 4696 poene
763 4626 790 4682 Β
863 4631 893 4681 111
910 4642 973 4696 rege
991 4626 1019 4680 B
1087 4630 1116 4680 tl
1137 4623 1287 4680 altanteI)

107 4717 255 4773 eanrereD
358 4722 389 4773 13
408 4719 427 4772 ln
445 4734 499 4774 non
519 4719 546 4775 Β
648 4725 680 4776 ao
698 4719 759 4776 al)
861 4724 894 4775 28
913 4720 965 4776 boe
984 4719 1081 4774 omI)
1155 4718 1231 4774 attrlo
1250 4717 1284 4774 Β

106 4818 134 4866 31
159 4809 224 4866 nl)
