2834 5394
184 250 246 315 482
694 264 785 312 nrum
808 267 868 312 xxi

184 437 249 502 qua
271 416 312 483 de
334 435 368 480 re
392 417 484 482 multi
505 415 696 482 Romaniam
720 424 794 482 sunt
816 416 965 500 ingressi.
1010 424 1042 482 et
1063 419 1198 484 ueniens
1221 417 1365 505 impera·

183 536 233 595 tor
255 528 287 593 in
311 527 496 592 Armeniam
530 526 596 591 illic
625 527 768 610 suscepit
797 526 975 593 Mardaitas
1003 528 1058 612 qui
1088 528 1122 593 in
1144 527 1271 593 Libano
1297 528 1366 595 fuc-

184 645 258 705 rant
278 657 380 704 aeneo
404 657 493 701 muro
526 635 697 702 destructo.
743 637 901 703 destruxit
934 645 1041 702 autem
1075 646 1107 702 ct
1138 658 1253 722 pacem
1288 657 1362 704 eum

182 749 378 832 Bulguribus
400 747 497 812 lixam
521 746 714 831 perturbans
736 755 841 832 typos,
879 749 932 831 qui
961 768 982 811 a
1010 755 1102 832 patre
1130 749 1261 833 proprio
1286 756 1363 815 sunt

183 859 407 925 ordinabiliter
429 856 505 921 iacti
527 865 559 922 et
580 855 668 921 iubet
690 859 829 924 transire
849 858 884 924 in
905 857 1065 924 Thracem
1087 866 1255 942 equestres
1277 860 1391 932 mili-o

183 971 245 1035 tias
279 969 391 1033 uolens
424 973 490 1031 tam
523 967 681 1050 Bulgares
713 989 808 1051 quam
842 969 1024 1035 Scleuinios
1057 968 1218 1053 praedari.
1270 989 1361 1035 anno

183 1078 311 1163 imperii
334 1078 385 1143 sui
406 1077 499 1142 tertio
523 1078 623 1142 mouit
645 1077 803 1145 exercitus
818 1079 1017 1146 Iustinianus
1033 1086 1143 1144 contra
1158 1078 1360 1143 Sclaniniam

183 1195 215 1254 et
236 1186 432 1271 Bulgariam.
477 1193 509 1251 et
530 1187 687 1271 Bulgares
709 1186 838 1272 quidem
861 1188 1083 1273 adpraesens
1105 1189 1166 1255 sibi
1190 1208 1360 1255 occurren-

183 1309 232 1365 tes
271 1297 404 1383 impulit.
449 1316 609 1381 exurgens
645 1305 751 1362 antem
785 1318 889 1382 usque
918 1299 1172 1366 Thessalonicen
1205 1299 1358 1384 copiosas

183 1408 405 1475 multitudines
433 1407 657 1474 Solauinorum
690 1409 806 1492 partim
839 1407 925 1475 bello
957 1408 1100 1494 percepit
1132 1409 1250 1490 partim
1283 1428 1357 1473 eum
1377 1418 1402 1466 lo

182 1520 225 1586 ad
247 1541 282 1585 sc
305 1521 522 1601 confugerent,
544 1517 579 1582 in
601 1516 748 1602 partibus
764 1517 888 1585 Obsicii
909 1538 980 1584 cum
1002 1537 1061 1604 per
1076 1518 1226 1603 Abydum
1250 1525 1358 1586 trans-

182 1632 333 1697 fretasset
355 1628 527 1709 constituit,
564 1626 641 1692 dum
664 1634 770 1693 autem
793 1635 1007 1696 reuerteretur
1028 1628 1061 1693 in
1085 1629 1200 1694 itinere
1221 1648 1358 1714 praepe-

182 1739 268 1806 ditus
291 1738 522 1822 allnlgaribus
542 1739 577 1804 in
599 1744 668 1803 arto
691 1738 861 1805 clausurae
882 1758 953 1804 oum
976 1738 1075 1804 caede
1098 1739 1218 1823 proprii
1242 1741 1356 1824 populi

183 1858 216 1916 et
236 1850 460 1914 uulneratione
482 1848 584 1914 multa
604 1848 660 1915 uix
682 1868 827 1915 remeare
850 1849 1041 1934 praeualuit.

267 1958 387 2023 Eodem
410 1978 495 2024 anno
518 1964 550 2023 et
570 1958 755 2025 Habdellan
777 1959 895 2025 Zubeir
916 1959 1085 2024 Musabum
1107 1959 1238 2024 fratrem
1263 1980 1357 2024 suum
1375 1966 1401 2015 ¹⁵

183 2070 279 2134 mittit
300 2075 412 2132 contra
433 2068 557 2133 Muctar
585 2075 618 2135 et
639 2068 719 2133 inito
741 2069 843 2135 Marte
864 2088 936 2135 cum
959 2089 998 2134 eo
1019 2071 1155 2134 uertitur
1177 2069 1302 2134 Muctar
1324 2075 1358 2135 et

181 2178 263 2263 fugit
284 2179 318 2243 in
341 2177 479 2262 Syriam.
523 2198 618 2262 quem
640 2198 881 2264 praeoccupans
902 2179 1071 2244 interiecit.
1116 2199 1211 2262 porro
1227 2177 1358 2243 Abime-

181 2288 250 2354 lech
275 2288 391 2353 militat
419 2296 529 2353 contra
552 2288 720 2356 Musabum
753 2295 785 2354 et
817 2289 934 2354 uictum
963 2289 1080 2355 occidit
1106 2296 1139 2355 et
1168 2289 1358 2372 subiugauit

180 2398 348 2466 Persidem
371 2406 479 2463 totam.

29 2501 177 2571 XXVIII
268 2510 363 2575 Anno
386 2528 463 2574 uero
485 2509 611 2593 imperii
632 2509 805 2576 Iustiniani
827 2515 940 2593 quarto
962 2509 1050 2575 misit
1070 2506 1258 2573 Abimelecb
1282 2526 1357 2573 con·
1373 2533 1402 2584 20

178 2625 229 2685 tra
250 2619 370 2684 Zubeir
393 2618 517 2683 Obaian
542 2619 575 2682 in
597 2619 709 2683 Macca
730 2625 763 2684 et
790 2618 907 2684 occidit
934 2638 1007 2683 eum
1028 2617 1148 2683 ibidem
1172 2616 1301 2684 Chaian
1323 2625 1356 2684 ct

180 2729 311 2796 subdita
339 2729 470 2811 regione
495 2727 619 2792 Chaian
653 2726 849 2794 aduersante
879 2728 941 2795 sibi
975 2728 1191 2793 concremauit
1223 2726 1355 2792 domum

177 2837 257 2905 idoli
285 2839 356 2904 eius
392 2858 457 2902 una
485 2856 555 2901 cum
584 2837 793 2903 idolocultore
820 2839 974 2922 ipsorum.
1019 2859 1115 2923 quam
1150 2838 1190 2902 ob
1219 2857 1354 2904 causam

179 2950 235 3016 ille
258 2947 385 3013 Chaian
413 2954 593 3032 praetorem
622 2946 767 3015 Persidis
794 2949 954 3033 promouit
983 2958 1014 3013 et
1043 2949 1177 3015 subacta
1204 2955 1254 3014 est
1276 2948 1354 3013 Abi-

176 3059 300 3125 melech
333 3065 399 3122 tam
422 3056 567 3122 Persidis
600 3057 688 3141 regio
721 3065 752 3123 et
781 3058 1035 3142 Mesopotamiae
1068 3079 1163 3142 quam
1195 3057 1354 3124 Armenia
1368 3080 1399 3130 25

177 3187 298 3252 magna
318 3165 443 3231 Etherii
464 3185 503 3230 ac
524 3186 582 3251 per
604 3167 637 3232 id
660 3168 814 3234 intestina
835 3186 945 3233 eorum
968 3168 1055 3233 bella
1076 3169 1278 3252 quieuerunt.

260 3275 355 3341 Anno
377 3276 507 3360 imperii
528 3277 699 3343 iustiniani
728 3279 838 3362 quinto
867 3277 964 3344 finem
993 3277 1106 3342 habuit
1132 3283 1165 3342 et
1192 3277 1352 3345 liberatus

176 3392 227 3454 est
247 3385 290 3450 ab
313 3385 400 3450 omni
423 3385 507 3451 bello
523 3387 666 3452 Arabum
688 3388 889 3472 principatus
912 3395 944 3454 et
965 3407 1045 3473 paee
1068 3388 1187 3471 potitus
1210 3394 1260 3453 est
1274 3387 1353 3451 Abi-

177 3495 302 3565 melech
325 3495 447 3562 cunctis
472 3495 535 3562 sibi
559 3496 711 3563 subactis.

21 3611 188 3683 XXVIIII
258 3607 353 3673 Anno
375 3605 503 3690 imperii
526 3606 576 3671 sui
599 3614 691 3672 sexto
712 3607 914 3674 lastinianus
942 3626 1055 3692 pacem
1085 3627 1181 3690 quam
1209 3606 1252 3671 ad
1275 3606 1353 3671 Abi·
1369 3627 1400 3676 uo

174 3717 299 3784 melech
321 3715 435 3781 habuit
457 3735 497 3782 ex
519 3716 661 3783 amentia
683 3716 841 3784 dissoluit.
886 3717 1024 3782 etenim
1048 3716 1239 3801 Cypriorum
1262 3716 1351 3782 insu-

241 4019 454 4089 Aunigarrb31)
522 4018 720 4088 buulgarelD
789 4011 994 4090 coclearii-e
1011 4017 1178 4088 unguere
1253 4017 1348 4071 othe-

176 4113 353 4168 lalomcenl)
427 4117 453 4166 ll
474 4110 640 4166 confluerent
656 4129 683 4166 m
701 4114 799 4182 parum
817 4114 936 4182 oblequn
949 4140 953 4149 ·
964 4103 996 4170 cd
1013 4133 1032 4184 p
1050 4097 1166 4169 cnidii)
1239 4115 1268 4162 13
1287 4109 1347 4163 nul-

170 4204 303 4275 garrb31)
373 4209 402 4259 ll
427 4211 456 4258 et
478 4209 511 4259 20
528 4211 555 4258 et
572 4208 604 4258 tt
628 4205 791 4261 habdimelrc
809 4204 835 4260 1)
886 4211 918 4261 23
937 4207 1116 4262 idoloculture
1136 4205 1160 4260 D
1212 4207 1245 4256 26
1265 4201 1342 4256 Ahrn

171 4297 206 4361 Ι),
225 4297 348 4352 ethrul’
432 4283 612 4368 lipaciD:
683 4299 1041 4356 28et30habdrlmehcl)
1127 4302 1157 4352 31
1179 4282 1282 4361 (turin
1301 4313 1346 4365 cy·

170 4380 264 4456 prioris
281 4389 416 4444 misle-da
432 4380 544 4461 populiis
562 4391 589 4447 I)
