2834 5394
476 679 550 728 cur.
572 679 804 726 xxvr-xxvnr
1162 661 1222 727 381

138 831 318 898 Tricesimo
339 831 451 913 quinto
472 830 599 915 imperii
622 830 794 895 Iustiniani
815 847 902 894 anno
924 832 1019 910 capta
1040 833 1090 893 est
1111 825 1221 894 Hebes
1242 826 1368 891 XXVII

51 942 171 1008 ciuitas
201 940 245 1006 ab
270 940 398 1007 Hunnis
429 948 461 1007 et
494 940 580 1005 misit
611 941 786 1024 imperator
817 938 1002 1003 Marcellum
1035 935 1224 1018 magistrum

54 1050 190 1117 miiitum
212 1069 284 1115 cum
306 1049 448 1117 exercitu
469 1050 568 1115 multo
590 1056 625 1114 ut
646 1049 784 1133 eriperet
805 1048 976 1113 ciuitatem.

138 1158 315 1225 Tricesimo
337 1166 429 1226 sexto
452 1157 578 1243 imperii
599 1158 771 1225 iustiniani
792 1177 889 1236 anno,
926 1154 1080 1221 uicesima
1110 1153 1224 1238 quinta

19 1269 108 1336 sdic
133 1269 322 1334 Nouembrii
351 1269 472 1335 mensis
501 1288 574 1334 sero
602 1267 737 1333 insidias
767 1266 912 1333 meditati
941 1274 1014 1330 sunt
1036 1263 1167 1349 quidam
1189 1270 1224 1329 ut

52 1378 237 1445 occiderent
267 1379 502 1464 imperatorem.
546 1384 639 1442 erant
669 1383 775 1442 autem
803 1376 960 1441 Abtanius
995 1381 1028 1441 et
1053 1374 1224 1441 Marcellus

52 1488 262 1573 pecuniarum
284 1487 432 1553 uenditor
454 1496 485 1551 et
507 1486 649 1570 Sergius.
693 1486 859 1551 meditatio
881 1491 987 1550 autem
1016 1503 1126 1550 eorum
1154 1489 1224 1550 erat

53 1597 152 1664 huius
173 1596 270 1662 modi.
299 1616 371 1661 cum
393 1595 513 1661 sederit
534 1595 568 1661 in
590 1596 727 1660 triclinio
748 1615 820 1660 sero
835 1595 1020 1679 priusquam
1035 1591 1225 1660 discedendi

54 1706 186 1773 licentia
206 1706 309 1790 detur,
346 1704 495 1770 occidant
523 1724 595 1769 enm
618 1705 791 1770 habentem
823 1703 970 1769 homines
992 1724 1068 1769 suos
1090 1703 1224 1769 sibico

10 1822 229 1902 cooperantes
249 1817 337 1883 intus
359 1814 566 1882 absconditos
588 1815 622 1879 in
645 1814 822 1880 silentiario
853 1820 885 1879 et
912 1814 947 1878 in
974 1812 1169 1895 archangelo
1191 1795 1225 1879 et

55 1926 90 1991 in
117 1944 212 1990 curru
238 1935 273 1990 ut
301 1945 373 1989 cum
400 1924 485 1989 facta
513 1924 609 1989 fuerit
639 1923 834 1988 machinatio
856 1922 1071 1988 turbationem
1093 1921 1223 1987 faciant.

54 2053 150 2118 porro
171 2033 258 2099 idem
280 2034 437 2100 Ablauius
459 2034 556 2099 etiarn
584 2054 696 2098 aurum
726 2033 849 2117 accepit
877 2054 897 2097 a
918 2032 1069 2097 Marcello
1097 2031 1225 2115 argenti

55 2142 223 2209 uenditore
250 2143 351 2208 libras
378 2143 612 2226 quinquaginta
639 2151 674 2207 ut
703 2144 764 2209 sibi
792 2149 1026 2226 cooperaretur.
1076 2140 1133 2206 sed
1162 2140 1224 2207 deo

56 2252 184 2318 uolente
211 2252 289 2319 fisus
317 2259 368 2319 est
388 2253 544 2317 Ablauius
567 2253 707 2318 Eusebio
737 2253 912 2335 exconsuli,
951 2251 1005 2334 qui
1027 2257 1097 2317 erat
1118 2270 1224 2317 comes

10 2376 38 2425 re
56 2360 301 2443 foederatorum,
324 2367 356 2427 et
376 2361 513 2427 Iohanni
529 2360 728 2444 Logothetae
748 2361 860 2428 diceus
883 2362 959 2446 quia
980 2361 1077 2426 hodie
1098 2359 1226 2443 uesperi

57 2469 205 2536 uolumus
226 2470 452 2554 imperatorem
474 2471 616 2554 aggredi.
662 2472 715 2554 qni
743 2490 814 2534 com
843 2471 904 2535 hoc
935 2471 1139 2537 nuntiassent
1167 2470 1226 2533 im-

55 2581 206 2664 peratori,
230 2581 332 2646 tenuit
353 2600 409 2646 eos
431 2588 463 2647 et
485 2581 608 2645 inuenit
623 2581 696 2646 ilios
712 2581 850 2647 terentes
865 2579 1073 2646 absconditos
1087 2579 1226 2662 gladios.

56 2689 226 2754 Marcellus
247 2689 377 2774 quidem
400 2691 524 2773 argenti
549 2690 698 2755 uenditor
720 2708 777 2773 spe
799 2690 967 2754 frustratus
988 2697 1137 2772 exempto
1159 2689 1226 2771 gla-

56 2796 111 2864 dio
133 2818 228 2880 quem
251 2799 401 2882 portabat
423 2800 512 2864 dedit
534 2800 596 2865 sibi
619 2806 684 2864 tres
706 2800 790 2863 ictus
812 2799 845 2862 in
867 2797 1005 2862 triclinio
1019 2796 1227 2881 comprehen-

10 2927 40 2977 ω
57 2928 114 2973 sus
146 2914 179 2973 et
212 2908 353 2972 moritur.
409 2909 540 2991 Sergius
573 2915 680 2972 autem
715 2907 795 2990 fugit
825 2906 869 2971 ad
901 2906 1109 2971 Blachernas.
1163 2925 1226 2987 quo

56 3016 171 3080 educto
204 3016 246 3081 ab
279 3018 418 3084 eeclesia
445 3026 476 3082 ct
507 3018 703 3100 interrogato
731 3036 919 3101 persuasum
947 3023 995 3081 est
1023 3016 1053 3081 ei
1082 3015 1226 3081 confiteri

56 3125 142 3209 quod
164 3132 197 3191 et
216 3125 389 3193 Hisaueius
411 3129 536 3210 argenti
559 3125 708 3192 uenditor·
730 3134 762 3191 et
783 3126 952 3192 Bilisarius
974 3126 1225 3209 gloriosissimus

56 3235 210 3320 patricius
238 3236 357 3302 conscii
387 3236 481 3302 huius
510 3236 597 3301 modi
626 3236 744 3303 fuerint
771 3235 1035 3315 machinamenti,
1073 3244 1104 3301 et
1133 3237 1226 3303 Vitus

57 3345 266 3428 pecuniarum
294 3346 443 3411 uenditor
470 3353 503 3410 et
525 3347 645 3412 Paulus
674 3353 800 3411 curator
822 3345 967 3411 eiusdem
989 3344 1130 3410 Bilisarii
1152 3364 1226 3410 con·

10 3477 39 3526 25
58 3454 165 3519 silium
188 3453 327 3520 scierint.
372 3456 427 3538 qui
449 3455 674 3539 comprehensi
703 3462 735 3519 et
757 3455 866 3520 traditi
887 3454 1042 3539 Procopio
1064 3455 1227 3538 praefecto

58 3563 197 3630 confessi
230 3571 305 3629 sunt
339 3570 371 3630 et
403 3564 554 3630 dixerunt
587 3565 627 3630 de
649 3565 806 3629 Bilisario.
851 3565 905 3647 qui
936 3585 1012 3631 mox
1043 3566 1145 3631 factus
1178 3570 1229 3631 est

58 3671 261 3756 imperatoris
294 3675 353 3739 snb
385 3675 476 3739 iram.
520 3674 610 3739 multi
633 3694 710 3739 uero
733 3682 765 3739 et
795 3675 870 3757 fuga
897 3675 947 3741 usi
976 3683 1060 3741 sunt.
1105 3676 1227 3740 interea

58 3781 171 3865 quinta
199 3780 251 3845 die
279 3783 400 3848 mensis
422 3784 605 3848 Decembrii
634 3785 707 3848 iecit
735 3784 909 3867 imperator
938 3784 1099 3851 silentium
1126 3782 1228 3848 addu-

58 3909 135 3956 cens
158 3897 191 3956 et
211 3892 429 3974 patriarcham
451 3893 641 3977 Eutychiani
665 3901 696 3957 et
718 3894 832 3959 iubens
860 3914 970 3958 eorum
998 3893 1125 3958 recitari
1153 3911 1228 3956 con-

10 4022 40 4072 30
60 3998 228 4066 sessiones.
273 4020 336 4084 qno
358 4001 467 4066 audito
489 4002 659 4068 Bilisarius
680 4004 804 4086 ingenti
826 4010 875 4069 est
896 4022 1042 4068 maerore
1063 4006 1226 4085 grauatus.

59 4116 93 4175 et
124 4109 254 4175 mittens
289 4110 463 4194 imperator
495 4112 738 4196 comprehendit
771 4132 881 4177 omnes
914 4111 1060 4177 homines
1093 4111 1162 4177 eius
1194 4115 1228 4176 et

57 4217 165 4301 ipsum
187 4217 274 4284 domi
295 4219 409 4286 sedere
432 4222 596 4304 praecepit
616 4221 870 4288 custodiendum.

141 4329 272 4395 Interea
293 4330 448 4396 uicesima
467 4329 522 4396 die
543 4331 665 4399 mensis
687 4331 870 4397 Decembrii
898 4338 1012 4413 captae
1035 4335 1110 4397 sunt
1130 4347 1228 4413 quae·
1238 4324 1380 4392 XXVIII

127 4599 157 4648 to
174 4596 255 4660 rntuil
272 4595 392 4651 rodoili
481 4601 510 4650 rt
528 4598 648 4653 erantD
736 4602 765 4651 15
783 4597 937 4652 federatoru
954 4596 981 4651 D
1058 4599 1087 4650 16
1106 4596 1227 4651 nuucrei·

55 4685 156 4742 tenti)
216 4692 249 4742 20
266 4687 321 4744 Imt
336 4687 370 4744 1r
428 4691 461 4743 22
474 4688 619 4746 Emancim
636 4691 812 4754 Anastasius,
831 4689 889 4745 cod.
907 4687 1030 4746 artace
1048 4688 1162 4745 macrus
1177 4686 1231 4746 DP

55 4782 89 4833 29
106 4778 249 4835 euhcruD
