2834 5394
571 672 644 719 eun.
669 673 802 721 r-vnu
1205 662 1265 723 343

95 829 185 891 locus
207 824 314 889 dicere
336 844 431 906 quatu
454 822 495 887 ob
518 843 649 888 causam
673 823 851 891 Golharuur
875 828 931 891 alii
952 826 1178 911 Ostrogothae‚
1208 828 1266 894 alii

95 955 173 1002 uero
195 932 391 1016 Visegothae
421 940 485 998 siut
514 933 590 998 dieti
619 943 874 1020 oportunumque
895 945 945 1003 est
967 937 1200 1020 aliquantulum
1222 937 1264 1004 ad

97 1045 265 1131 superiora
286 1050 432 1128 tempora
454 1044 590 1126 regredi,
618 1058 777 1128 quatenus
799 1044 913 1111 horum
934 1047 1018 1112 ratio
1040 1048 1267 1114 uocabulorum

97 1157 201 1242 possit
222 1155 349 1238 exponi.
372 1153 571 1238 temporibus
593 1153 813 1219 Valentiniani
836 1158 1011 1242 superioris
1034 1157 1173 1242 Augusti
1194 1177 1266 1223 eum

62 1269 183 1331 sinna
204 1263 364 1329 Thraciae
391 1262 473 1329 fines
497 1263 674 1329 Gothorum
706 1272 782 1329 tunc
811 1268 922 1350 populi
944 1269 1154 1335 communiter
1177 1268 1268 1334 hahi-

97 1382 213 1455 tarent,
236 1374 351 1439 bituric
375 1394 431 1457 per
446 1374 632 1439 Alariehum
654 1376 806 1458 regiones
829 1377 870 1442 ah
893 1378 1059 1444 occidente
1076 1378 1268 1462 visigothae

96 1488 130 1553 id
152 1496 202 1553 est
224 1485 441 1550 occidentales
471 1492 544 1549 sunt
566 1487 730 1569 appellati.
776 1487 842 1552 Leo
872 1488 970 1571 igitur
990 1489 1156 1573 Augustus
1184 1500 1269 1574 post·

96 1618 193 1681 quam
223 1596 376 1659 orientale
406 1594 516 1659 decem
546 1601 578 1660 et
604 1604 727 1679 septem
756 1597 850 1664 annis
879 1599 962 1663 rexit
991 1599 1159 1683 imperium
1182 1597 1267 1665 diem

96 1707 212 1773 elausit
233 1716 420 1771 extremum.

49 1823 79 1871 1⁰
182 1814 272 1899 <Mox
290 1816 463 1880 Basiliscus
486 1816 639 1898 magister
653 1815 814 1880 Thraciae
835 1817 869 1881 in
891 1836 1004 1901 eampo
1026 1801 1201 1901 imperator
1216 1824 1266 1883 est
1287 1808 1368 1873 VIII

97 1929 304 2002 acclamatus,
335 1926 475 1989 hlareum
498 1925 597 1989 filium
622 1925 795 1991 Caesarem
827 1927 899 1991 tecit
928 1936 961 1991 et
983 1928 1159 1992 Zenobiam
1188 1948 1269 1992 uxo-

99 2058 166 2102 rcm
191 2058 281 2102 suam
306 2036 483 2119 Augustam
507 2035 682 2099 eoronauit.
728 2036 852 2101 interea
874 2037 961 2102 Zeno
984 2038 1140 2120 magister
1168 2036 1270 2102 orien-

97 2147 139 2213 tis
154 2148 250 2213 totins
272 2166 343 2210 eum
359 2145 503 2210 Ariadne
525 2164 625 2210 uxore
647 2166 707 2210 sna
729 2146 771 2211 ad
794 2147 917 2229 regiam
940 2147 1134 2232 perueniens
1156 2147 1269 2211 urbem

98 2263 265 2341 susceptus
288 2263 337 2321 est
359 2276 379 2319 a
400 2257 519 2340 populo
542 2274 581 2319 ac
609 2266 733 2336 senatu,
762 2257 938 2324 Basiliscus
967 2277 1043 2323 uero
1072 2256 1199 2342 lugiens
1226 2256 1270 2321 ad

51 2376 82 2424 ¹5
99 2368 265 2433 ecclesiam
293 2365 453 2450 imperiali
483 2364 632 2449 deposita
660 2386 778 2432 corona
807 2369 839 2432 in
868 2367 981 2433 diuina
1009 2387 1123 2434 mensa
1150 2365 1194 2432 ad
1215 2366 1270 2432 ha-

97 2478 276 2563 ptisterimn
299 2476 441 2558 contegit
462 2495 533 2540 cum
555 2475 700 2542 Zenobia
729 2498 828 2543 uxore
853 2499 912 2543 sua
940 2486 972 2542 et
993 2479 1088 2544 Znuo
1118 2474 1269 2543 continuo

96 2588 305 2672 Augustalem
328 2592 442 2650 nactus
465 2594 517 2651 est
538 2586 738 2669 dignitatem.
767 2609 862 2671 porro
885 2589 991 2654 Hillus
1020 2588 1174 2671 patricius
1197 2606 1270 2652 curn

97 2697 231 2762 Leontio
254 2703 286 2760 et
308 2696 440 2779 reliquis
462 2696 552 2760 uenit
573 2697 614 2760 ad
638 2698 804 2764 castellum
821 2698 942 2781 Papirii
965 2706 997 2761 et
1012 2697 1128 2762 educta
1143 2697 1270 2761 Verena

99 2809 244 2891 Augusta
266 2808 298 2870 in
322 2809 425 2872 'l'arso
448 2804 581 2871 Ciliciae
610 2808 685 2872 tecit
712 2826 783 2872 eam
812 2807 957 2871 coronari
987 2812 1079 2871 extra
1107 2805 1271 2870 ciuitatem

50 2926 82 2974 20
100 2917 186 3003 apud
210 2925 355 2982 sanetum
378 2914 533 2998 Petrum.)
577 2918 716 2981 Leonem
740 2916 857 2998 itaque,
895 2915 936 2981 de
969 2935 1033 2996 quo
1055 2915 1269 2999 praemissum

100 3037 158 3103 est,
182 3048 277 3112 quem
300 3033 391 3110 pater
406 3027 472 3090 Leo
496 3027 529 3090 in
552 3027 643 3109 regni
666 3025 848 3092 adseiuerat
862 3031 1063 3110 potestatem,
1087 3031 1190 3090 mater
1212 3043 1272 3090 sua

99 3138 239 3204 Zenonis
262 3137 415 3220 impetum
438 3135 616 3203 formidans
639 3137 760 3200 occulte
782 3136 931 3201 clericum
960 3135 1036 3200 fecit
1064 3133 1272 3218 exigentique

100 3250 308 3314 uehementer
331 3247 453 3311 Zenoni
476 3254 510 3310 ut
532 3247 632 3311 filium
654 3246 812 3330 proderet,
837 3267 895 3331 pro
918 3266 957 3311 eo
980 3246 1079 3311 alium
1102 3246 1208 3309 torma
1230 3245 1272 3310 si-

100 3359 208 3424 milem
241 3357 366 3440 optulit.
411 3357 465 3439 qni
494 3358 559 3420 Leo
592 3356 744 3440 deinceps
777 3358 810 3421 in
844 3358 995 3421 clericatu
1025 3355 1067 3420 ad
1100 3353 1271 3420 Iustiniani

51 3477 83 3526 25
100 3488 201 3552 usque
222 3474 369 3549 tempora
391 3467 479 3531 uixit.
525 3468 595 3551 ipso
618 3467 755 3551 denique
778 3487 864 3533 anno
887 3465 1084 3550 Augustulus
1106 3462 1194 3551 apud
1208 3462 1273 3529 Ita·

100 3580 175 3643 liam
199 3576 356 3643 aduersus
380 3578 538 3660 Nepotem
562 3598 633 3642 eum
663 3577 804 3643 exercitu
834 3577 970 3642 ueniens
992 3576 1132 3659 effugato
1155 3595 1194 3642 eo
1215 3573 1274 3639 im·

100 3689 182 3776 perii
215 3688 358 3770 regimen
387 3687 516 3752 inuasit.
561 3689 672 3752 annali
705 3687 859 3771 deinceps
892 3687 1009 3752 eirculo
1041 3688 1169 3753 euoluto
1201 3704 1272 3751 cum

100 3819 175 3882 rege
188 3796 407 3863 Vandalorum
422 3796 619 3862 Genserieho
642 3797 754 3863 foedus
776 3798 888 3862 initum
911 3804 961 3863 est
983 3797 1024 3862 ah
1040 3797 1154 3863 Oreste
1175 3797 1272 3880 patri-

99 3912 157 3974 cio.
203 3910 282 3972 haee
306 3907 380 3971 dum
403 3907 489 3990 apud
513 3909 675 3975 Romanos
696 3916 850 3990 geruntur
872 3907 1040 3973 Odouacer
1068 3926 1140 3970 cum
1168 3905 1271 3970 tortis·
1295 3907 1393 3973 VIIII

172 4135 265 4189 tloeu
288 4133 319 4188 Β
362 4134 478 4202 gothortt
497 4134 523 4187 B
572 4133 741 4200 ostrogoteB
793 4133 912 4201 ‘luurtpl
927 4151 941 4179 a
958 4132 1040 4201 gothe
1058 4134 1095 4189 riu
1112 4146 1167 4185 ros.
1185 4131 1275 4201 faisse

100 4227 200 4292 redd)
213 4226 240 4280 Β
293 4232 427 4281 :straciae
445 4226 472 4280 Β
522 4226 638 4294 gothero
657 4226 683 4279 B
735 4225 864 4295 ebriane
883 4225 909 4279 B
960 4226 1089 4279 alermum
1106 4223 1179 4288 (ΒΒ)
1216 4223 1275 4290 uni,-

99 4320 202 4390 trgothe
217 4319 242 4374 B
289 4318 504 4388 1ιι-2θ<>ΒΡ;
523 4325 628 4373 mortno
646 4319 723 4373 leone
741 4334 808 4372 zeno
832 4325 959 4373 continuo
979 4318 1143 4386 augustalem
1161 4317 1277 4372 nanctus

101 4415 140 4467 est
158 4413 349 4481 drgmtatemB
404 4418 433 4465 te
452 4412 575 4466 hasrlrcut
583 4412 614 4466 Β
675 4412 814 4480 magistrat
823 4412 853 4466 Β
888 4413 981 4466 thrace
999 4409 1054 4465 ΒΡ
1105 4416 1134 4464 13
1152 4409 1275 4464 arrathne

100 4505 155 4560 ΒΡ
224 4510 253 4558 te
272 4505 421 4575 papyrul)
501 4510 530 4559 19
548 4505 680 4559 Thartum
698 4504 731 4570 P,
750 4504 865 4559 tertul)
934 4504 1071 4574 eylrctel)
1138 4507 1172 4557 20
1189 4502 1231 4558 leo
1251 4502 1276 4555 Β

101 4605 132 4654 21
152 4601 286 4654 sterneret
303 4616 331 4652 ιιι
349 4615 422 4667 regni
440 4598 467 4654 Β
535 4603 566 4652 22
584 4614 681 4652 aenonr
698 4597 843 4666 impetui)
868 4587 1088 4668 'exigenteq313
1139 4600 1171 4651 23
1189 4595 1275 4651 forma

103 4692 127 4746 Β
179 4698 211 4746 25
231 4691 379 4747 mneratl)
477 4695 509 4746 26
528 4690 686 4747 auuerrnn
788 4695 821 4745 28
838 4690 1008 4745 nuendalortt
1027 4691 1061 4751 Β,
1079 4675 1276 4746 nuidalortlD

100 4786 236 4855 genserico
257 4786 283 4840 Β
335 4785 412 4851 ledus
426 4785 558 4839 mhrtnl)
610 4785 752 4839 horested
820 4790 852 4839 22
871 4783 1030 4839 odoacerD
