2834 5394
185 287 247 347 420
671 295 764 342 nrum
785 293 887 342 xvnu

188 452 383 517 Venetorum
406 448 612 515 demarchum
636 466 753 513 manus
783 446 949 514 inmittens
977 446 1102 531 pepulit
1129 465 1200 510 curn
1230 451 1262 510 ct
1290 464 1361 509 con·

190 560 331 627 tumeliis
360 560 525 626 lacerauit.
576 578 671 643 porro
699 556 815 623 Veneti
851 556 1012 639 indignati
1047 557 1232 621 clamabant
1269 553 1360 621 ‘uude

191 670 280 738 disce
302 670 463 736 ordinem:
486 668 660 735 Mauricius
684 688 748 733 uon
771 674 821 732 est
843 667 1004 733 mortuus?
1048 673 1081 731 at
1104 686 1180 732 uero
1202 674 1360 751 tyrannus

186 781 237 847 his
258 780 379 846 auditis
401 781 434 845 in
457 779 605 844 Mauricii
627 796 739 843 necem
761 785 909 843 ruouetur
930 784 963 842 ct
984 778 1093 843 missis
1122 776 1280 843 militibus
1307 775 1358 841 du-

187 891 234 955 xit
262 910 334 956 eum
364 888 602 955 chalcedonem
631 888 673 953 ad
703 888 849 972 Eutropii
883 896 1008 971 portum
1038 896 1070 953 et
1098 888 1202 972 primo
1231 886 1386 970 quideme

187 1001 220 1064 in
256 999 357 1065 caede
392 999 543 1065 uidelicet
584 999 737 1079 filiorum,
775 1005 849 1082 post
883 1000 1108 1082 imperatorem
1138 998 1241 1082 punit.
1287 1017 1360 1060 uam

188 1111 330 1193 quinque
359 1110 417 1174 tilii
446 1111 516 1176 eius
544 1128 651 1175 mares
680 1128 787 1173 coram
816 1107 941 1175 nisibus
970 1108 1057 1174 illius
1085 1105 1360 1192 praeocciduntur.

188 1239 298 1283 uerum
327 1219 501 1285 Mauricius
537 1220 698 1305 patienter
734 1218 953 1284 infelicitatem
993 1219 1157 1284 sustineus
1194 1216 1292 1282 deum
1328 1218 1361 1282 iu

187 1329 338 1395 omnibus
370 1330 542 1395 inuocabat
574 1336 607 1396 et
636 1329 748 1395 crebro
778 1329 1008 1414 pronuntiabat
1036 1328 1148 1395 dicens
1178 1327 1299 1393 ‘iustus
1326 1346 1360 1393 es

188 1438 317 1506 domine
351 1448 382 1505 ct
414 1448 534 1505 rectum
568 1439 720 1505 iudicium
744 1440 850 1504 tuum?
892 1440 928 1503 fit
960 1439 1070 1520 itaque
1103 1437 1242 1503 liliorum
1275 1457 1360 1504 mors
1376 1448 1400 1499 to

187 1550 289 1633 patris
312 1550 511 1635 epitaphium
534 1549 788 1635 praeostendens
810 1551 959 1614 uirtutem
987 1553 1020 1613 in
1050 1549 1133 1613 niele
1156 1548 1360 1614 calamitatis.

188 1677 323 1743 cumque
344 1661 454 1726 nutrix
476 1680 572 1725 unum
596 1680 636 1726 cx
658 1659 862 1745 imperatoris
883 1659 993 1743 pueris
1008 1659 1114 1723 iurata
1129 1659 1243 1724 ficisset
1258 1679 1361 1725 suum·

187 1789 249 1853 que
260 1790 319 1854 pro
330 1789 369 1835 eo
380 1770 618 1854 interemptioni
630 1771 809 1848 obtulisset,
832 1770 1005 1835 Mauricius
1018 1789 1081 1833 uon
1094 1769 1207 1833 annuit
1218 1768 1277 1834 sed
1290 1789 1362 1854 pro·

187 1880 291 1962 prium
314 1881 494 1963 requisiuit.
538 1881 629 1946 aiunt
650 1888 757 1945 autom
780 1879 911 1964 quidam
935 1879 1020 1963 quod
1041 1899 1079 1943 eo
1102 1880 1207 1945 occiso
1222 1879 1274 1944 lac
1289 1898 1361 1943 curu

187 1989 345 2071 sanguine
367 1989 496 2054 fluxerit
517 1991 563 2054 itu
585 1997 620 2054 ut
642 2010 753 2056 omues
776 1991 987 2074 inspicientes
1009 1989 1079 2054 dire
1095 1990 1359 2055 lamentarentur.
1379 2003 1402 2053 tt

188 2097 235 2163 sic
258 2117 334 2181 ergo
357 2099 531 2183 imperator
552 2101 646 2164 etiam
670 2107 805 2166 naturae
827 2100 954 2182 legibus
970 2100 1128 2165 excelsior
1142 2101 1246 2165 iactus
1261 2101 1362 2164 uitam

188 2215 373 2273 commutat.
418 2229 513 2293 porro
536 2230 577 2276 ex
606 2211 660 2274 illo
689 2218 833 2296 tempore
854 2212 1069 2275 Romanorum
1098 2231 1164 2274 uon
1193 2208 1363 2275 defuerunt

188 2318 324 2404 imperio
353 2320 464 2385 uariae
492 2341 531 2386 ae
559 2320 706 2404 ingentes
736 2340 920 2387 aerumnae.
972 2320 1112 2403 denique
1141 2326 1171 2385 ct
1201 2319 1363 2387 Chosmes

187 2429 360 2495 Persarum
382 2451 440 2497 rex
462 2450 575 2516 pacem
599 2430 748 2498 dissoluit
769 2438 801 2497 et
822 2432 947 2497 Arsaces
970 2430 1128 2494 Thrac-em
1151 2430 1363 2495 deuastarunt

188 2546 284 2624 atquc
299 2542 514 2607 Romanorum
537 2543 698 2608 exereitus
721 2552 854 2625 uterque
876 2541 1089 2627 depopulatus
1112 2549 1161 2606 est
1180 2542 1226 2605 ita
1241 2549 1275 2605 ut
1289 2558 1361 2605 cum
1377 2540 1406 2591 2⁰

190 2649 358 2716 Heraclius
393 2660 543 2736 regnaret
575 2660 606 2718 ct
638 2653 878 2736 inquisitionem
912 2661 1106 2716 armatorum
1135 2669 1205 2714 cum
1234 2670 1363 2715 summa

188 2757 358 2842 diligentia
389 2763 516 2837 fuceret,
546 2782 586 2827 ex
618 2763 705 2826 omni
734 2760 937 2827 multitudine
958 2761 1025 2841 illa,
1056 2781 1139 2844 quac
1162 2761 1294 2825 inuenta
1317 2761 1361 2825 tu-

188 2877 280 2934 erant
309 2871 342 2935 iu
364 2870 539 2956 tyrannide
561 2872 706 2936 Mauricii
735 2892 806 2936 cum
835 2871 943 2937 Phoco
971 2872 1131 2936 nerrrincm
1161 2870 1286 2937 duobus
1308 2891 1362 2935 ex-

187 2982 288 3064 ceptis
311 2982 472 3048 ullatenus
495 2982 664 3047 inueniret.

87 3090 163 3154 Llll
269 3091 364 3155 Anne
387 3092 429 3155 ab
460 3092 680 3158 insumationc
710 3091 832 3157 domiui
862 3092 1119 3176 quingentesimo
1149 3090 1360 3173 nonagesimo
1377 3095 1408 3147 25

185 3199 296 3281 quinto
312 3200 449 3267 Psroess
470 3209 627 3285 tyrannus
648 3203 786 3285 peremit
807 3209 842 3267 ut
863 3201 1083 3287 praedicatum
1106 3208 1156 3267 est
1171 3200 1361 3264 Mauricium

185 3327 250 3372 una
273 3328 344 3373 cum
367 3312 520 3378 masculis
543 3313 682 3397 quinque
704 3313 813 3396 pueris
835 3313 905 3380 cius
935 3320 965 3377 et
995 3312 1108 3376 horum
1138 3312 1246 3394 capita
1267 3310 1363 3376 iussit

184 3418 262 3503 poni
284 3420 317 3485 in
341 3440 454 3506 campo
477 3423 648 3489 tribunalis
677 3422 792 3490 dicbus
820 3423 929 3489 multis
959 3430 991 3488 et
1013 3422 1142 3486 exiebat
1164 3420 1206 3485 ab
1228 3421 1308 3485 urbe
1330 3425 1362 3485 et

184 3532 462 3616 contemplabatur
491 3554 531 3600 ea
561 3554 662 3618 usquc
692 3554 754 3616 quo
784 3533 937 3597 foetorem
960 3532 1127 3598 dederunt.
1173 3531 1362 3595 interdicitur

187 3648 293 3707 autom
316 3650 348 3707 et
361 3644 476 3711 Petrus
500 3646 599 3710 irater
623 3644 693 3710 eius
716 3642 820 3709 etalii
836 3662 986 3727 proceres
1002 3642 1103 3707 multi.
1141 3640 1361 3707 Theodosium
1375 3643 1407 3694 ³⁰

186 3772 264 3818 uero
294 3753 394 3818 filium
424 3755 493 3822 cius
525 3774 629 3821 sermo
658 3760 746 3819 tenet
774 3753 852 3836 iuga
879 3754 1005 3837 lapsum
1035 3759 1068 3817 et
1095 3752 1141 3816 ita
1164 3751 1289 3817 saluum
1313 3769 1361 3816 re·

187 3870 322 3946 portum.
367 3871 535 3948 praeterea
558 3866 678 3929 tamam
706 3864 790 3927 hanc
813 3860 973 3929 Chosroes
996 3863 1167 3930 Persarum
1197 3880 1255 3926 rex
1284 3880 1360 3944 aug·

187 4044 206 4051 -r
222 4046 338 4053 ——ss—
351 4047 466 4053 --.-.-,-
475 4048 489 4053 ..-

256 4134 474 4204 tdrmarehirD
543 4147 712 4203 ’luenahD
780 4133 959 4202 tculcedom‘e
980 4145 1006 4199 D
1066 4152 1143 4214 porta
1162 4147 1188 4201 Ι)
1246 4152 1308 4199 um
1327 4144 1361 4209 b,

186 4240 249 4294 hune
266 4241 351 4313 culpo
434 4246 464 4295 ss
482 4247 510 4295 et
526 4246 559 4296 32
578 4239 763 4297 chotrohetD
831 4244 861 4294 21
882 4238 1032 4295 *heraclius
1048 4240 1114 4309 tsur't
1131 4239 1194 4297 ill)
1271 4238 1360 4292 22111-

185 4332 300 4386 trtudrne
327 4333 351 4387 1)
456 4338 489 4389 28
517 4335 660 4389 tribunalis
684 4333 895 4406 Benqursr'auus
918 4338 944 4387 ct
962 4334 1139 4387 Artauasdes.-
1163 4332 1291 4386 tnbunalr
1311 4330 1365 4386 ΒΡ

185 4425 219 4476 29
237 4422 367 4491 tetorell
