2834 5394
181 206 244 265 574
668 219 760 266 amar
782 218 852 264 xxv

181 371 306 437 Arabes
340 369 476 437 tuissent
508 371 642 453 egressi,
681 371 760 436 exiit
787 370 892 437 omnis
920 371 1033 455 regius
1060 379 1260 458 apparatus
1283 379 1371 457 atquc

182 483 351 568 suppellex
374 501 475 566 usque
498 481 540 546 ad
562 481 730 566 Malagina
751 487 783 547 et
804 481 1004 549 introeuntes
1027 482 1062 548 hi
1088 484 1152 568 qui
1175 483 1372 550 exteriorum

181 592 358 659 thematum
391 599 493 674 erant,
532 599 702 658 tenuerunt
735 593 856 658 urbem.
900 594 1032 659 mittens
1065 602 1188 659 autem
1226 594 1276 661 ad
1307 595 1374 661 illos

128 679 136 695 ⁸
182 703 380 787 significauit
402 702 449 769 eis
472 702 602 769 dicens:
627 700 758 768 ‘mittite
786 703 865 768 mihi
893 722 985 768 arma
1012 711 1141 788 uestra,
1174 726 1268 790 opus
1292 707 1372 772 enim

181 815 274 880 uobis
303 834 369 878 non
390 813 514 879 habeo!
557 820 592 878 at
620 814 668 878 ihi
702 815 790 880 stulti
823 814 978 880 diuinitus
1000 815 1079 880 tacti
1117 814 1299 881 dederunt
1331 821 1397 882 eat

181 933 256 991 tuno
279 925 387 990 missis
409 925 541 991 familiis
564 944 673 990 eorum
697 925 731 989 in
753 945 865 1009 naues,
888 925 1000 991 exules
1023 944 1081 992 eos
1099 927 1223 993 emisit
1241 926 1288 991 ab
1304 925 1376 991 urbe

181 1037 216 1101 in
244 1035 407 1120 propriam
435 1035 601 1118 regionem
630 1055 728 1098 unum
751 1054 909 1121 quemque
931 1035 1047 1101 iubens
1070 1035 1174 1102 abire
1199 1037 1239 1102 im
1264 1048 1377 1122 quaet

181 1146 310 1229 genitus
333 1149 429 1210 esset.
473 1150 598 1209 etcum
621 1145 751 1211 fecisset
773 1147 947 1211 exercitum
963 1146 1137 1231 proprium
1155 1155 1192 1212 et
1206 1148 1375 1232 principes

182 1255 245 1321 sibi
268 1254 538 1340 obtemperantes,
561 1256 635 1339 ipsa
657 1275 768 1321 mense
781 1256 867 1321 Maio
882 1256 996 1322 iterum
1012 1256 1150 1324 mittens
1167 1236 1384 1342 peromnem

180 1365 286 1431 locum
314 1366 506 1431 conuocauit
533 1367 788 1450 episcoposque
811 1367 978 1432 uenissent
1000 1367 1034 1430 in
1056 1367 1313 1436 Nicaeensium
1340 1369 1376 1434 ci·
1390 1368 1411 1418 ¹⁰

181 1477 314 1542 uitatem
336 1476 510 1561 Bithyniae
532 1476 574 1540 ad
596 1475 801 1541 efficiendum
822 1477 888 1542 illio
910 1477 1091 1541 concilium.
1140 1487 1178 1544 et
1194 1500 1263 1564 per
1280 1487 1376 1546 totum

182 1589 342 1654 aestiuum
386 1593 512 1670 tempus
577 1587 763 1670 congregati
807 1594 881 1653 sunt
917 1605 1028 1652 omnes
1063 1587 1159 1671 apud
1200 1591 1374 1656 Nicaeam

183 1699 211 1764 si
235 1696 364 1782 quidem
388 1716 443 1762 eos
467 1696 521 1781 qui
543 1714 584 1761 ex
606 1696 726 1761 Rornae
749 1694 837 1763 sedis
859 1705 891 1762 et
913 1696 1117 1761 orientalium
1142 1719 1305 1784 persona
1327 1720 1376 1766 ue

182 1814 298 1874 nerant
320 1827 385 1872 non
407 1806 576 1871 dimiserat
598 1806 655 1872 sed
678 1813 820 1873 retentos
843 1826 950 1874 secum
973 1807 1124 1873 habebat.

61 1901 162 1969 XXII
267 1917 362 1981 Anno
391 1917 518 2000 imperii
541 1917 681 1981 Eirenac
709 1923 742 1981 et
763 1916 968 1984 Constantini
991 1924 1105 1983 octauo
1133 1919 1247 1986 eximit
1272 1924 1374 1987 Tara-
1390 1924 1411 1972 ¹⁵

183 2027 251 2092 sius
273 2025 535 2110 archiepiscopus
551 2024 876 2112 constantinopoleos
900 2029 933 2092 in
948 2029 1181 2095 Nicaeensium
1199 2032 1372 2099 ciuitatem

183 2142 215 2201 et
236 2135 400 2201 celebrata
422 2141 472 2200 est
494 2141 609 2201 sancta
637 2142 669 2200 ct
690 2138 886 2205 uniuersalis
908 2138 1044 2221 septima
1067 2139 1220 2222 spmodus
1244 2143 1372 2227 episco

181 2267 295 2332 porum
318 2253 350 2311 et
371 2245 493 2331 recepit
514 2245 652 2312 ecclesia
673 2247 832 2312 catholica
854 2249 995 2333 priscum
1018 2258 1252 2315 ornamentum
1277 2273 1371 2318 snum

183 2357 265 2424 nihil
297 2378 416 2423 nouum
450 2356 643 2442 praedicans
672 2358 730 2424 sed
760 2366 942 2425 sanctorum
971 2365 1003 2424 et
1035 2359 1206 2424 beatorum
1238 2370 1369 2446 patrum

184 2468 337 2554 dogmata
359 2469 490 2534 immota
512 2467 698 2535 custodiens
721 2475 753 2533 et
774 2489 892 2533 nouam
914 2469 1074 2534 haeresim
1098 2469 1265 2538 abdicans
1290 2481 1370 2538 tres·
1383 2477 1409 2529 ²⁰

183 2598 244 2662 que
273 2580 373 2645 falsos
402 2578 585 2644 nominatos
614 2578 816 2663 patriarchas
844 2579 1124 2645 anathematizans
1146 2579 1368 2649 anastasium

182 2688 335 2754 uidelicet
358 2688 605 2754 Constantinum
628 2695 660 2753 et
680 2689 828 2753 Nicctarn
856 2696 953 2772 atque
982 2709 1093 2754 omncs
1122 2699 1367 2759 consentaneos

184 2818 304 2864 eorum.
349 2800 435 2864 iacta
457 2806 506 2864 est
528 2807 635 2864 antem
657 2799 763 2883 prima
791 2800 960 2864 conuentis
990 2819 1027 2863 ac
1057 2800 1161 2865 sessio
1191 2802 1368 2888 episeopo

183 2931 254 2974 rum
284 2910 317 2974 in
346 2910 484 2975 ecelesia
512 2909 670 2974 catholica
698 2915 830 2974 sanctae
853 2909 996 2994 Sophiae
1023 2910 1189 2975 Nicaenae
1220 2913 1366 2978 ciuitatis

185 3020 296 3101 quinto
330 3019 403 3084 idus
433 3018 602 3084 Octobrias
635 3016 820 3086 indictionis
853 3019 1051 3084 unulecirnac.
1096 3027 1128 3084 ot
1160 3021 1365 3088 Nouenrbrio
1380 3034 1406 3084 25

184 3147 296 3193 mense
328 3126 468 3210 ingressi
501 3134 576 3192 sunt
609 3149 720 3194 omncs
754 3129 877 3213 regiam
909 3129 1019 3194 urbem
1043 3136 1074 3194 et
1095 3131 1363 3213 praesidentibus

184 3233 432 3321 imperatoribus
453 3256 520 3301 una
542 3256 613 3301 curn
636 3238 798 3324 episcopis
820 3239 854 3304 in
869 3239 1048 3322 Magnaura
1070 3241 1172 3305 lectus
1189 3251 1240 3307 cst
1254 3249 1364 3310 tomus

185 3355 216 3413 et
238 3347 429 3430 subscripsit
451 3353 556 3411 autom
579 3347 752 3432 imperator
781 3355 813 3414 et
841 3356 943 3414 mater
972 3350 1042 3415 cius
1070 3351 1237 3416 firmantes
1261 3353 1365 3438 pieta·

183 3466 248 3524 tem
271 3457 445 3524 seeundum
467 3459 603 3541 antiqua
625 3458 778 3542 dogmata
806 3479 906 3544 opera
928 3460 1130 3525 sacerdotum
1153 3466 1184 3525 et
1207 3480 1281 3525 oum
1306 3463 1365 3528 ho-

185 3589 263 3634 nore
286 3568 477 3635 dimiserunt
498 3589 564 3650 eos,
588 3577 619 3635 et
640 3589 721 3654 pace
743 3571 845 3654 potita
867 3577 916 3635 est
939 3570 1076 3635 ecelesia
1091 3569 1144 3635 dei
1160 3591 1360 3656 quamquam
1380 3583 1409 3633 tc

184 3679 332 3744 inimicus
356 3680 481 3745 zizania
504 3699 563 3745 sua
585 3680 619 3745 in
641 3680 864 3764 operatoribus
886 3680 953 3746 suis
978 3680 1139 3746 seminare
1162 3701 1228 3745 non
1242 3690 1362 3750 cesset.

186 3788 244 3856 scd
267 3789 405 3855 ccclesia
427 3788 479 3855 dci
503 3809 631 3873 semper
653 3791 843 3875 impugnata
865 3790 1050 3875 triumphat.

254 4080 285 4130 10
303 4056 474 4131 nocensniD
580 4080 607 4128 n
629 4075 742 4145 brthrmc
769 4074 796 4130 Ι)
902 4079 930 4129 12
949 4056 1071 4132 nrcca'tD
1160 4082 1188 4130 15
1207 4078 1318 4133 beurene
1336 4080 1363 4136 Ι]

186 4153 406 4224 18n1cemsn'1D
513 4168 701 4223 btmeeneD
803 4169 1056 4223 251doctobr1·l)
1159 4171 1365 4227 mahomath

183 4263 216 4313 29
235 4261 259 4315 da
277 4278 337 4315 cum
355 4280 406 4316 orn.
425 4262 480 4318 ΒΡ
544 4263 641 4316 bonon
658 4261 724 4326 BP,
744 4261 828 4318 ‘locres
845 4279 900 4317 noo
912 4263 1017 4334 porses'
1039 4262 1179 4330 Gruterus,
1197 4263 1253 4318 oid
1274 4264 1299 4317 Τ
1296 4263 1362 4320 loeo-

178 4349 289 4422 phanes
306 4354 384 4425 apud
402 4354 475 4410 Grut.
