2834 5394
142 289 203 351 196
634 300 726 347 cmm
748 301 821 347 v1n1

137 474 259 519 annum
282 472 354 518 cnm
377 452 494 518 ciuitas
516 451 550 517 in
572 471 653 537 pace
676 458 708 517 ct
730 450 933 516 abundantia
949 450 1091 528 duraret
1114 449 1150 515 in
1165 448 1221 514 dic
1237 449 1313 515 fest<

138 563 421 629 tabernaculorum
451 569 583 647 repente
611 563 754 628 clamare
781 562 888 647 coepit
917 559 992 627 ‘uox
1021 560 1064 626 ab
1098 560 1226 626 oriente
1255 579 1313 624 nor

138 674 181 739 ab
204 672 371 738 occidente
393 692 456 739 uox
479 692 500 737 a
521 678 671 756 quattuor
694 672 817 738 uentis:
848 690 911 737 uox
934 690 1033 756 super
1054 671 1308 755 Hierosolymam

138 789 171 850 et
186 784 355 869 templum:
379 803 443 849 uox
457 802 555 867 super
570 802 707 867 sponsos
723 790 754 848 ct
771 802 925 866 sponsas:
950 802 1013 848 uox
1035 801 1135 867 super
1156 780 1308 866 populum’

138 899 172 962 et
193 893 415 959 indesinenter
426 892 480 959 die
493 900 652 976 noctuque
673 911 733 976 per
752 912 865 959 omnes
878 893 1005 977 plateas
1027 891 1223 957 circumiens
1238 890 1307 955 haec

138 1002 302 1069 clamabat
335 1022 436 1087 usque
469 1023 532 1087 quo
567 1001 699 1087 quidam
733 1003 891 1087 primores
921 1021 968 1069 ex·
987 1003 1109 1088 populo
1138 1001 1201 1067 uiri
1230 1002 1308 1065 uelut

138 1112 273 1179 infausti
307 1113 469 1198 praesagii
498 1112 722 1197 indignatione
756 1113 904 1177 commoti
933 1119 1114 1197 correptum
1151 1110 1308 1176 hominem

140 1223 249 1289 multis
270 1222 461 1288 uerberibus
473 1223 625 1288 afficiunt.
655 1231 688 1288 at
710 1223 765 1288 ille
787 1241 991 1307 nequaquam
1013 1242 1072 1307 pro
1086 1242 1122 1289 se
1135 1221 1262 1306 aliquid
1272 1222 1309 1286 lo·

139 1351 242 1417 quens
265 1331 322 1400 scd
344 1351 450 1416 neque
472 1352 528 1399 cos
551 1331 680 1417 quidem
704 1333 758 1417 qui
773 1354 810 1399 se
825 1334 1109 1416 circumsteterant,
1134 1331 1309 1417 deprecans

139 1442 272 1510 easdem
305 1462 401 1509 uoces
435 1442 507 1528 pari
539 1442 756 1509 obstinatione
783 1450 815 1508 et
844 1444 984 1509 clamore
1013 1442 1190 1528 repetebat.
1240 1450 1311 1507 tunc

140 1552 305 1639 principes
327 1553 553 1636 intellegentes
575 1559 684 1619 utres
706 1559 776 1618 crat
798 1553 940 1620 numinis
963 1572 1036 1620 esse
1058 1559 1164 1618 motus
1186 1553 1221 1617 in
1236 1552 1310 1633 uiro,

140 1663 320 1748 producunt
347 1683 419 1729 eum
448 1661 491 1728 ad
519 1662 657 1728 iudicem
679 1665 868 1729 Romanum.
913 1663 1001 1748 apud
1022 1683 1118 1746 quem
1140 1662 1253 1745 flagris
1274 1660 1313 1726 ad

140 1793 217 1841 ossa
250 1792 352 1857 usque
379 1773 521 1840 laniatus
550 1793 655 1857 ncque
683 1760 926 1858 procesusque
958 1774 1109 1839 lacrimas
1141 1773 1225 1838 ludit
1258 1770 1313 1838 sed

140 1881 278 1950 candem
301 1902 413 1949 uocem
437 1883 664 1950 miserabiliter
691 1890 722 1948 et
752 1903 824 1948 eum
853 1882 992 1967 quodam
1017 1883 1140 1947 ululatu
1163 1883 1311 1948 emittens

140 2012 199 2077 per
229 1993 360 2076 singula
386 2012 490 2078 paene
519 1993 658 2059 uerbera
684 1993 868 2078 proferebat
891 1991 1016 2059 addens
1039 1993 1135 2057 ctiam
1158 1992 1221 2057 hoc
1244 1992 1313 2058 ‘nac

142 2121 204 2168 uae
225 2103 478 2187 Hierosolymis.

225 2212 328 2296 Igitur
342 2212 565 2297 Vespasianus
587 2220 618 2278 et
640 2214 734 2279 Titus
756 2212 968 2297 imperatores
990 2212 1198 2296 magnificum
1222 2231 1313 2296 agen·

139 2330 188 2389 tcs
210 2322 250 2388 de
272 2321 403 2389 Iudaeis
431 2322 628 2408 triumphum
657 2323 770 2388 urbem
792 2322 931 2406 ingressi
955 2329 1038 2388 sunt.
1083 2322 1254 2405 pulchrum
1285 2330 1313 2388 et

138 2434 283 2518 ignotum
306 2440 382 2500 ante
405 2434 528 2499 cunctis
551 2433 741 2498 mortalibus
764 2433 847 2497 inter
875 2439 1034 2498 trecentos
1063 2433 1179 2515 uiginti
1209 2434 1313 2498 trium

140 2543 232 2628 phos,
256 2544 311 2628 qui
333 2545 366 2608 iu
388 2543 422 2609 id
445 2550 572 2629 ternpus
595 2544 658 2608 acti
681 2550 782 2623 crant,
805 2543 867 2608 lroc
883 2542 1101 2626 spectaculum
1117 2542 1178 2607 fuit
1192 2548 1313 2626 patrem

143 2660 174 2718 et
196 2653 296 2717 filium
319 2674 383 2720 uno
405 2654 592 2739 triumphali
621 2672 716 2718 curru
744 2660 854 2719 nect-os
883 2652 1151 2735 gloriosissimam
1183 2654 1225 2718 ab
1256 2652 1313 2734 his,

144 2763 198 2846 qui
220 2769 345 2847 patrem
369 2764 523 2829 etlilium
545 2763 757 2845 offenderant,
781 2763 948 2827 uictoriam
971 2769 1165 2847 reportasse.

90 2865 119 2930 V
225 2874 327 2956 Igitur
348 2872 588 2958 Vespasianus>
610 2875 733 2939 Romae
755 2892 791 2939 se
819 2872 853 2937 in
887 2872 1022 2956 imperio
1060 2872 1313 2939 moderatissime

142 2984 252 3067 gessit,
283 2985 440 3068 pecuniae
468 2990 592 3049 tantum
621 2982 748 3048 auidior
776 2982 835 3048 fuit
857 2984 903 3047 ita
925 2988 959 3045 ut
981 3000 1054 3046 cam
1075 2983 1176 3048 nullis
1199 2983 1313 3049 iniuste

144 3093 293 3159 auferret.
345 3114 441 3178 quam
474 3113 546 3158 cum
578 3094 662 3158 omni
697 3092 887 3177 diligentiae
921 3091 1107 3176 prouisione
1140 3092 1313 3176 colligeret¹

144 3211 252 3268 tamen
286 3203 523 3271 studiosissime
555 3204 754 3287 largiebatur
786 3203 960 3288 praecipue
982 3201 1214 3286 indigentibus.
1259 3221 1313 3268 nec

144 3311 239 3377 facile
261 3319 336 3378 autc
360 3333 431 3379 eum
455 3315 645 3397 cuiusquam
667 3313 825 3397 principis
855 3314 904 3377 uel
935 3313 1038 3377 nraior
1067 3318 1116 3378 est
1138 3312 1313 3379 liberalitas

144 3430 298 3507 conperta
320 3423 372 3488 uel
393 3423 517 3488 iustior.
561 3422 804 3508 placidissimae
827 3423 971 3489 leuitatis
992 3431 1026 3488 ut
1054 3424 1109 3507 qui
1139 3423 1313 3489 maiestatis

144 3552 272 3617 qnoque
295 3539 406 3599 contra
428 3552 463 3600 se
490 3530 700 3617 (atrociores)
727 3553 800 3599 reos
832 3553 897 3598 non
931 3533 1026 3598 facilc
1060 3532 1202 3617 punierit
1236 3534 1313 3598 ultra

144 3643 233 3711 exilii
261 3664 409 3728 poenam.
459 3640 579 3728 (huius
601 3644 685 3709 inter
710 3650 818 3709 cetera
839 3641 926 3707 bona
962 3642 1041 3707 illud
1071 3643 1239 3727 singulare
1262 3643 1313 3708 tuit

214 3867 474 3924 thabundantraD
577 3867 727 3939 tecprtl)
830 3866 1056 3923 scncnhrenrb
1141 3869 1313 3938 tiprrorell

143 3960 354 4026 anemonen)
425 3966 455 4015 12
473 3960 669 4030 perducuutP
718 3960 806 4015 iudice
823 3960 850 4015 D
931 3965 961 4015 13
979 3960 1140 4015 lamatnrD
1212 3967 1242 4016 ts
1260 3963 1313 4017 ber·

143 4054 253 4109 ueraD
322 4055 452 4110 ueueD
545 4059 576 4108 19
593 4055 670 4118 inter]
689 4053 760 4107 mD
853 4052 1313 4111 tlunc-tldeirhumomd

143 4150 176 4200 24
194 4148 271 4215 gelbt
289 4147 329 4202 D:
348 4154 418 4202 rexrt
436 4147 464 4201 B
549 4152 581 4201 27
601 4146 739 4201 cuiusdam
758 4146 785 4200 B
878 4150 909 4200 28
929 4153 1067 4214 comperta
1084 4146 1112 4201 B
1205 4152 1238 4202 29
1255 4154 1313 4203 uate

143 4240 432 4303 reoloddettctl)
483 4240 606 4294 ultroll¹
693 4239 884 4307 coperani)
970 4239 1313 4309 ³0-1ar‚s<>ll.·8ul

144 4329 197 4385 hoc
215 4331 296 4400 iudea
309 4335 314 4402 Ι
329 4349 440 4389 romano
459 4335 570 4388 acccllrt
587 4347 698 4402 imperto
719 4356 724 4367 ·
740 4331 764 4385 dr
780 4333 957 4402 hrerololyma
972 4333 976 4401 Ι
991 4346 1044 4402 quc
1062 4332 1114 4387 furt
1131 4333 1198 4387 mot
1213 4335 1313 4388 nobilrl

147 4423 212 4480 lima
228 4426 375 4496 palestine·
397 4427 547 4495 {Achaiam
565 4426 653 4481 lteram
671 4424 765 4479 rodum
783 4426 931 4480 bizantium
950 4427 1050 4480 [amum
1065 4427 1070 4495 Ι
1085 4439 1138 4495 que
1155 4425 1241 4482 libere
1258 4435 1313 4482 anti
