2834 5394
474 688 581 736 111111
603 687 844 736 csmrvnonvu
1179 671 1241 734 619

98 846 112 895 5
147 840 211 895 belli
242 839 337 894 Punici
372 837 484 893 secundi
515 837 630 891 initium.
680 836 798 892 Gracchi
815 836 984 906 proconsulis
1002 834 1106 891 caedes.
1143 833 1239 889 Cente-

61 933 222 988 Hannibalis
245 933 357 988 iunioris
380 931 511 987 aduersus
527 930 628 985 Roma·
680 930 740 984 nius
757 931 861 985 Penula
878 946 940 985 cum
957 928 1077 984 exercitu
1095 942 1191 983 caeam
1208 928 1243 982 ab

62 1043 113 1082 nos
138 1026 236 1081 odium.
272 1026 331 1081 eius
348 1025 489 1080 somnium.
515 1023 629 1092 Sagunti
679 1023 838 1078 Hannibale.

57 1119 202 1175 excidium.
238 1119 336 1174 Poenis
353 1118 454 1173 bellum
470 1117 609 1171 indictum.
718 1121 746 1170 ¹2
781 1116 941 1170 Hannibalis
964 1116 1079 1170 uictoria
1096 1115 1130 1170 de
1147 1114 1244 1169 Fuluio

97 1218 113 1266 6
148 1212 307 1267 Hannibalis
324 1211 351 1265 in
365 1211 471 1265 ltaliam
485 1225 534 1280 per
545 1210 628 1279 Alpes
679 1216 811 1280 praetore.
844 1208 915 1263 idem
931 1209 1029 1263 mulus
1047 1208 1171 1262 ciuitates
1188 1206 1245 1262 Ro·

61 1305 205 1376 expeditio.
254 1304 438 1359 Romanorum
471 1303 561 1358 clades
594 1303 630 1357 ad
679 1318 820 1357 manorum
845 1308 970 1370 occupat
1011 1301 1127 1370 Phlippi
1152 1300 1245 1356 Mace·

61 1400 187 1455 Ticinum
211 1404 238 1452 et
263 1397 324 1452 dein
350 1397 386 1452 ad
404 1397 531 1452 Trebiam
554 1403 629 1450 utra-
680 1395 757 1451 donis
783 1396 864 1464 legati
886 1394 1032 1449 Hannibali
1055 1394 1156 1449 auxilia
1179 1393 1245 1449 offe·

60 1508 116 1562 que
139 1492 209 1547 duce
232 1491 357 1560 Scipione
381 1490 498 1545 consule.
540 1490 629 1544 uictrrs
680 1488 941 1544 rentesaRomanls
952 1487 1102 1557 intercepti.
1129 1487 1245 1542 Romani

60 1586 238 1655 Sempronius
262 1584 297 1639 ad
314 1583 426 1638 candem
444 1582 571 1637 Trebiam
594 1583 629 1637 ab
679 1582 737 1651 regi
753 1582 844 1651 itaque
860 1581 960 1636 bellum
976 1587 1095 1636 mouent.
1122 1580 1246 1634 Sardinia

64 1679 225 1733 Hannibale.
272 1677 433 1731 Hannibalis
463 1691 631 1745 progressus,
681 1675 845 1731 allemanie
874 1675 995 1730 subacta
1031 1674 1172 1743 Philippus
1197 1687 1246 1727 rex

63 1772 110 1841 qui
142 1772 170 1824 in
196 1770 338 1840 Apennino
368 1775 528 1839 tempestate
553 1769 631 1838 graui
681 1769 828 1824 aLaeuino
844 1768 1063 1823 comuleuictus.
1090 1766 1246 1836 Scipionum
1336 1799 1340 1806 ·

62 1865 217 1934 corripitur.

100 1962 114 2011 1
149 1956 265 2012 Romani
281 1957 364 2012 uaris
381 1955 509 2026 prodigiis
525 1970 575 2024 per
590 1954 631 2010 di-

64 2066 145 2106 uersa
176 2052 237 2106 loca
265 2050 357 2104 territi.
400 2048 537 2103 Hannibal
567 2065 629 2103 cum

64 2143 225 2198 difficultate
250 2142 375 2198 itinerum
394 2142 512 2210 grauiter
536 2141 628 2196 confli-

64 2243 155 2292 ctatus
173 2252 270 2306 magua
290 2240 367 2306 parte
394 2250 506 2289 suorum
524 2234 629 2303 perdita

64 2332 122 2401 ipae
140 2330 218 2386 oculo
237 2329 337 2384 amisso
353 2329 400 2383 uix
417 2327 516 2383 euadit.

100 2429 115 2479 8
150 2424 333 2478 Romanorum
359 2422 452 2491 ingens
480 2420 571 2476 clades
594 2420 631 2475 ad

62 2517 268 2572 Trasumenum.
320 2514 481 2569 Hannibalis
515 2515 631 2584 impetus

65 2625 83 2663 a
100 2610 131 2676 Q.
150 2608 236 2662 Fabio
254 2608 373 2662 Maximo
399 2607 504 2661 tractus
521 2608 631 2677 ipseque

64 2701 166 2770 proelio
184 2701 282 2754 uictus.

101 2799 117 2847 11
152 2792 268 2847 Romani
291 2792 326 2845 ad
349 2792 557 2846 internecionem
574 2793 631 2848 lere

63 2886 138 2940 caesi
161 2885 196 2939 ab
220 2885 371 2938 Hannibale
394 2884 428 2938 ad
447 2884 563 2939 Cannas·
599 2901 632 2941 ea

64 2978 181 3033 uictoria
197 2977 334 3031 Hannibal
351 2977 391 3031 uti
408 2978 500 3032 nescit.

103 3076 134 3126 to
167 3070 297 3124 Varronis
324 3065 434 3124 alterius
452 3071 593 3126 consulum
616 3087 631 3126 e

65 3164 144 3220 clade
171 3163 305 3218 Cannensi
340 3163 492 3232 superstitis
523 3165 631 3218 tristitia

64 3274 114 3328 per
140 3263 228 3312 totum
254 3258 328 3311 uitae
352 3262 465 3326 tempus.
508 3257 631 3325 captiuos

66 3352 181 3406 Romani
203 3350 354 3404 Hannibale
381 3350 503 3419 quamuis
520 3350 548 3403 id
565 3349 630 3404 olie-

66 3452 143 3499 rente
175 3443 304 3497 redimere
339 3444 449 3509 nolunt,
482 3443 527 3512 qul
553 3443 632 3496 naria

65 3544 152 3590 morte
170 3536 204 3589 ab
222 3535 374 3589 Hannibale
400 3536 516 3590 extincti.
553 3551 631 3590 sena·

67 3634 157 3682 torum
182 3628 366 3682 Romanorum
394 3628 428 3682 de
458 3629 632 3697 relinquenda

66 3721 146 3774 Italia
155 3720 324 3775 consultatio.
343 3721 440 3790 quibus
451 3720 532 3776 Corn.
542 3722 632 3791 Scipio

66 3811 198 3881 intrepide
215 3828 244 3866 se
261 3814 373 3881 opponit
390 3828 535 3882 omnesque
562 3814 634 3884 cogit

66 3905 156 3959 iurare
172 3921 222 3974 pro
240 3906 343 3974 patriae
361 3905 523 3960 defensione.

104 4003 131 4052 11
170 3998 297 4052 Decimus
315 3999 409 4053 Iunius
425 3998 540 4054 dictator
558 4015 632 4054 crea·

65 4097 119 4145 tus.
147 4098 248 4160 quanto
263 4092 353 4146 studio
372 4099 399 4145 et
407 4106 491 4161 opera
500 4093 632 4148 exercitus

67 4183 185 4253 undique
209 4185 325 4238 corrasis
348 4185 501 4253 sumptibus
530 4191 557 4241 et
583 4187 632 4241 ho·

66 4277 182 4331 minibus
197 4275 352 4331 aRomanis
374 4286 532 4348 corrogatas
544 4278 633 4333 luerit.

66 4370 232 4439 Campaniae
241 4369 364 4423 delectio.
387 4370 541 4426 Postumius
554 4387 633 4441 prae·

66 4467 113 4517 tor
143 4478 204 4517 cum
231 4462 350 4517 exercitu
375 4478 392 4517 a
419 4462 503 4518 Gallia
529 4480 633 4519 caesus.

66 4554 204 4610 Hannibal
215 4555 317 4625 proelio
332 4554 487 4612 ahlarcello
501 4557 632 4612 funditur.

65 4646 223 4717 Scipionum
241 4648 408 4717 inHispania
425 4649 539 4704 uictoria
553 4665 631 4719 prae·

65 4739 142 4796 clara
180 4739 215 4794 de
253 4740 430 4796 Hasdrubale.
481 4743 631 4814 Sempronii

680 1863 813 1918 uictoriae
829 1862 856 1915 in
874 1861 1013 1930 Hispania.

718 1959 749 2010 11
784 1954 935 2024 Syracusae
958 1953 1120 2008 ahlarcello
1140 1958 1245 2021 captae.

680 2048 817 2103 Hannibal
834 2063 896 2102 cum
908 2047 1027 2101 exercitu
1039 2060 1123 2115 prope
1132 2045 1247 2100 Romam

679 2140 801 2196 considet
822 2142 968 2210 ingensque
992 2140 1021 2194 in
1045 2140 1112 2192 urbe
1129 2137 1246 2207 trepida·

679 2235 725 2289 tio.
763 2235 879 2290 Romani
902 2235 930 2288 in
952 2233 1038 2288 aciem
1059 2240 1155 2287 contra
1171 2231 1246 2284 Han-

680 2328 797 2382 nibalem
809 2326 1016 2397 progrediuntur
1028 2325 1076 2380 sed
1089 2325 1147 2379 sine
1155 2340 1247 2394 pugna

681 2421 716 2476 oh
739 2427 926 2490 tempestatem
948 2419 990 2473 bis
1009 2418 1141 2487 utrimque
1159 2426 1248 2473 retro-

682 2529 787 2569 cessum
804 2522 861 2568 tam
878 2513 920 2567 his
938 2528 1019 2582 quam
1035 2512 1087 2566 illis
1106 2512 1246 2567 exterritis.

718 2613 749 2661 11
784 2606 940 2677 Scipionum
963 2607 990 2659 in
1008 2605 1138 2674 Hispania
1155 2603 1247 2659 interi·

680 2706 734 2754 tus.
770 2699 865 2769 Capua
883 2715 900 2753 a
917 2699 1014 2753 Fuluio
1032 2713 1137 2767 procos.
1157 2703 1247 2767 capta,

682 2793 793 2860 eiusque
819 2792 957 2847 seueritas.
998 2791 1157 2844 feminarum
1181 2789 1247 2843 dua·

681 2902 742 2939 rum
774 2884 972 2953 Campanarum
1003 2882 1152 2950 benignitas
1185 2897 1248 2950 erga

681 2977 820 3032 Romanos
855 2991 977 3045 repensa.
1045 2975 1159 3029 Laeuini
1191 2990 1248 3030 cos.

681 3071 813 3139 gloriosus
854 3069 968 3124 Romam
1011 3067 1113 3122 reditus
1157 3067 1248 3123 Sicilia

681 3170 741 3218 tota
771 3169 880 3232 recepta
913 3168 940 3216 11
967 3161 1127 3216 Macedonia
1151 3161 1247 3218 tracta
1352 3144 1356 3151 ⁵

681 3256 819 3310 Hannibal
854 3255 980 3309 Fuluium
1016 3254 1152 3309 consulem
1187 3270 1249 3309 cum

682 3349 800 3404 exercitu
819 3349 916 3403 caedit.

719 3448 749 3496 lb
785 3442 881 3496 aerarii
910 3441 986 3495 Rom.
1008 3441 1121 3509 penuria
1147 3448 1249 3509 quanto

682 3535 771 3590 studio
804 3551 821 3589 a
852 3534 1021 3589 senatoribus
1055 3535 1082 3586 in
1110 3550 1250 3588 commune

683 3645 762 3684 omne
785 3645 881 3682 aurum
905 3633 1098 3696 argentumque
1115 3627 1249 3695 signatum

684 3722 884 3777 conferentibus
917 3720 1068 3774 subleuata.
1117 3719 1250 3789 Scipionis

682 3815 794 3869 minoris
820 3815 913 3868 uirtus.
954 3814 1012 3867 eius
1041 3813 1069 3866 in
1092 3813 1250 3880 Hispaniam

683 3907 817 3976 expeditio
847 3913 874 3960 et
904 3907 1043 3974 praeclara
1066 3911 1148 3975 gesta.
1185 3904 1249 3960 Car-

683 4002 765 4070 thago
781 4015 853 4054 noua
863 3999 949 4069 primo
962 3999 1063 4068 impetu
1076 4004 1163 4068 capta.
1192 3997 1249 4053 Sci-

684 4094 771 4163 pionis
790 4092 963 4147 continentia.

720 4191 751 4241 16
785 4185 920 4239 Hannibal
943 4192 1006 4255 post
1027 4185 1129 4254 aliquot
1146 4201 1250 4255 pugnas

684 4295 701 4332 a
718 4279 847 4333 Marcello
873 4277 908 4332 ad
926 4277 1022 4332 Nolam
1043 4278 1160 4347 fugatus.
1196 4279 1250 4334 Ta·

684 4378 791 4427 rentum
811 4371 1052 4427 aFabioblanimo
1070 4379 1250 4441 expugnatum

685 4466 824 4534 praeclara
849 4465 963 4519 uictoria
986 4465 1019 4519 de
1044 4465 1129 4533 copiis
1146 4465 1249 4519 Hanni-

684 4559 751 4613 balis
770 4564 797 4613 11
814 4558 882 4612 duce
900 4558 958 4611 eiua
976 4557 1138 4612 Carthalone
1158 4574 1249 4627 repor-

682 4658 749 4705 tata.
792 4650 854 4704 inde
879 4650 979 4704 multae
1007 4650 1088 4705 urbes
1118 4658 1249 4722 receptae.

682 4743 827 4799 Marcellus
869 4750 895 4797 et
937 4742 1075 4811 Crispinus
1117 4760 1185 4799 coss.
1216 4745 1250 4800 ab
