2834 5394
206 303 268 366 286
701 318 795 364 urant
816 317 867 363 xrr

205 469 463 550 elaborauerant,
487 469 662 553 imperator
684 467 893 554 despiciebat.
937 468 1037 533 etiam
1058 466 1229 532 collatores
1250 485 1383 550 praeee-

204 581 252 666 pit
272 579 460 665 prouinciae
482 598 541 663 per
567 579 657 642 uicos
684 585 716 643 et
744 580 892 643 ciuitates
913 597 973 663 per
994 597 1093 642 unum
1116 595 1277 662 quemque
1299 576 1383 641 mili-

203 698 269 758 tem
291 690 455 774 octoginta
476 688 597 755 solidos
619 689 760 772 exigere.
804 689 866 754 hoc
899 707 976 773 ergo
1007 688 1067 752 tuit
1096 687 1223 752 initium
1256 693 1291 752 ut
1323 687 1380 752 illo

203 808 350 887 tempore
372 802 519 865 Romana
547 819 600 866 res
628 800 758 884 publica
785 799 1025 866 calamitatibus
1055 796 1256 865 subderetur.
1308 797 1379 862 bar·

203 912 275 977 bari
303 929 443 994 namque
469 929 541 975 cum
568 909 742 976 Thraciam
771 910 962 991 tenuissent,
1000 909 1132 974 licenter
1158 909 1414 972 Romanorumt

203 1021 389 1107 prouincias
410 1020 626 1087 deuastabant
648 1020 763 1104 uiginti
789 1019 1024 1105 depopulantes
1049 1019 1209 1084 ciuitates.
1254 1019 1381 1084 interea

204 1132 326 1198 Valens
347 1130 390 1195 ab
412 1130 584 1196 Antiochia
599 1130 913 1215 Constantinopolim
935 1129 1071 1195 ueniens
1093 1126 1182 1214 apud
1196 1126 1379 1212 Bosporum

205 1260 386 1326 agnoscens
408 1239 587 1305 Gothorum
608 1249 737 1325 gentem
760 1247 951 1306 commotam
972 1240 1072 1304 fuisse
1095 1238 1137 1304 ad
1159 1238 1279 1303 bellum
1303 1259 1380 1304 mox

204 1352 248 1417 ad
270 1351 533 1417 Valentinianum
556 1351 686 1416 fratrem
708 1352 795 1417 misit
819 1350 941 1416 solacia
962 1357 1088 1434 petens.
1134 1356 1168 1414 at
1188 1349 1245 1414 ille
1265 1349 1381 1415 rescri-

203 1462 270 1550 psit
297 1461 375 1545 quia
402 1462 586 1545 religiosum
616 1481 681 1526 non
710 1468 885 1528 essetnec
913 1461 1031 1526 iustum
1060 1461 1158 1525 talem
1180 1458 1287 1524 uirum
1310 1459 1407 1524 iurat

203 1572 331 1658 imperii
353 1590 466 1654 regere
488 1571 543 1655 qui
565 1570 627 1636 deo
648 1571 780 1637 rebellis
802 1570 956 1637 existeret
978 1569 1036 1636 sed
1051 1570 1156 1654 magis
1171 1587 1247 1635 esse
1260 1569 1380 1635 iustum

203 1689 239 1748 ut
261 1683 332 1749 eius
355 1679 510 1765 superbia
532 1679 709 1746 sedaretur.
733 1680 819 1764 quod
834 1680 910 1745 dnm
932 1680 989 1747 ille
1011 1680 1211 1746 miserrimus
1226 1680 1379 1764 agnouis-

204 1800 263 1869 set
292 1793 368 1857 lieet
395 1791 510 1856 maiori
539 1790 734 1857 necessitate
762 1790 953 1857 constrictus
980 1810 1044 1855 non
1073 1796 1183 1856 tamen
1205 1809 1227 1855 a
1249 1810 1313 1856 sua
1332 1790 1380 1855 ni-

203 1903 335 1968 mietate
356 1901 499 1967 cessauit
521 1900 579 1966 sed
601 1900 661 1965 fnit
683 1900 811 1966 ueritati
834 1899 976 1967 rebellis.

117 2006 181 2074 XV
290 2011 461 2076 Terentius
490 2011 588 2094 igitur
615 2011 699 2076 inter
728 2009 809 2076 haee
841 2010 943 2075 uictor
970 2029 1121 2076 reuersus
1148 2009 1189 2076 ab
1212 2008 1379 2092 Annenia,
1396 2020 1417 2068 t

202 2123 254 2187 uir
275 2121 415 2206 optimus
436 2127 469 2185 et
490 2121 612 2204 pietate
632 2120 784 2187 decenter
805 2127 947 2187 ornatus.
991 2127 1067 2186 tunc
1088 2120 1119 2184 ei
1140 2119 1236 2186 iussit
1257 2119 1379 2186 Valens

203 2250 338 2318 poscere
367 2230 453 2295 dona
481 2250 564 2314 quae
585 2231 692 2297 uellet.
737 2238 772 2296 at
792 2231 849 2297 ille
876 2230 962 2314 quod
991 2229 1127 2296 decebat
1154 2231 1244 2314 pium
1272 2230 1378 2295 uirum

201 2343 345 2426 cogitare
367 2340 552 2425 respondit:
581 2360 647 2406 non
669 2361 792 2424 aurum,
815 2361 879 2407 non
902 2348 1079 2425 argentum,
1109 2360 1175 2406 non
1196 2339 1377 2425 praedium,

201 2457 274 2531 non}
297 2453 459 2536 cingulum
487 2449 581 2536 petiit
607 2471 713 2536 neque
734 2451 864 2517 domum
887 2451 945 2517 sed
967 2458 1002 2515 ut
1023 2452 1071 2517 eis
1093 2451 1147 2533 qui
1169 2470 1230 2535 pro
1250 2459 1368 2537 aposto

203 2563 267 2628 liea
288 2563 435 2628 doctriua
456 2562 601 2646 pericula
623 2562 858 2643 sustinuerant,
897 2581 961 2626 una
988 2561 1198 2644 praeberetur
1226 2562 1376 2628 ecelesia.
1404 2572 1416 2604 *⁵

203 2680 237 2738 at
258 2674 314 2738 ille
335 2673 523 2757 petitionem
553 2692 594 2737 ex
621 2672 740 2756 scripto
769 2680 952 2756 susceptam
980 2690 1188 2755 cognoscens,
1222 2671 1373 2757 disrupit

203 2801 341 2866 eumque
369 2783 436 2847 alia
462 2782 628 2865 postulare
655 2783 831 2866 praecepit.
876 2801 988 2847 uerum
1016 2782 1072 2847 ille
1095 2781 1216 2846 ‘uerba
1243 2801 1376 2867 precum

203 2893 345 2977 suscipe'
368 2893 473 2976 inquit
496 2891 525 2955 ‘o
548 2892 731 2977 imperator,
761 2900 793 2958 et
813 2892 918 2957 habeo
941 2891 1075 2957 donum:
1099 2890 1187 2957 aliud
1210 2910 1290 2959 uero
1312 2912 1376 2958 non

201 3004 339 3087 postulo.
383 3002 570 3068 intentionis
592 3021 684 3067 meae
706 3001 803 3068 iudex
826 3009 875 3068 cst
896 3001 1120 3068 uniuersorum
1144 3002 1258 3067 iudex'.
1304 3022 1375 3067 cum

202 3132 279 3194 ergo
301 3112 423 3178 Valens
445 3120 608 3179 transacto
630 3111 775 3197 Bosporo
798 3113 942 3179 uenisset
963 3112 998 3176 in
1020 3111 1203 3196 Thraciam,
1234 3112 1373 3197 primum
1398 3129 1417 3162 e

202 3221 331 3306 quidem
365 3221 646 3307 Constantinopoli
679 3229 894 3288 commoratus
926 3232 977 3288 est
1007 3240 1210 3307 praeparans
1242 3221 1373 3301 bellum,

201 3330 319 3396 deinde
341 3333 517 3396 Traianum
551 3335 739 3416 magistrum
773 3351 844 3398 cum
867 3331 1018 3418 expeditu
1041 3338 1153 3398 contra
1174 3330 1300 3399 Gothos
1322 3331 1376 3400 de-

201 3442 344 3509 stinauit.
388 3442 443 3522 qui
467 3442 570 3508 uictus
594 3443 808 3526 ignominiose
829 3463 981 3510 reuersus
997 3449 1056 3508 est.
1100 3442 1151 3507 eui
1166 3462 1237 3506 cum
1252 3442 1374 3508 Valens

202 3552 368 3617 mollitiem
392 3553 603 3637 exprobraret
625 3553 792 3638 respondit
815 3553 889 3618 ‘non
908 3572 968 3637 ego
992 3552 1095 3618 uictus
1112 3572 1182 3618 sum
1198 3553 1374 3639 imperator

202 3662 260 3730 sed
282 3670 315 3727 tu
338 3662 393 3746 qui
416 3670 527 3727 contra
549 3661 644 3727 deum
674 3684 824 3748 pugnans
847 3670 879 3729 et
900 3662 1050 3728 barbaris
1071 3668 1185 3727 nutum
1208 3662 1280 3730 eius
1301 3682 1374 3728 eon·
1388 3674 1414 3725 e

201 3774 304 3839 eilias.
347 3794 390 3837 an
418 3774 526 3839 nescis
555 3791 635 3856 qrros
664 3774 705 3839 ab
736 3773 883 3841 ecclesiis
912 3771 1065 3857 expulisti
1094 3772 1146 3837 uel
1174 3772 1294 3856 quibus
1316 3793 1374 3839 eas

199 3881 395 3949 tradidisti?’
439 3883 523 3949 inter
546 3883 626 3948 lraec
649 3883 779 3948 barbari
794 3904 853 3970 per
868 3882 1026 3949 Thracias
1041 3882 1261 3948 discurrentes
1276 3882 1373 3948 etiam

201 3992 525 4077 Constantinopoleos
558 3992 745 4058 suburbana
772 3992 932 4059 incendiis
959 3991 1177 4076 caedibusque
1199 3992 1375 4059 uastabant

271 4166 536 4223 lelaboraucratl)
587 4168 788 4222 tucmentel)
840 4169 977 4238 bosphoria
994 4167 1021 4222 Β
1078 4166 1203 4222 tlfuriiet
1219 4166 1246 4222 Β
1298 4166 1373 4221 uto-

201 4260 267 4315 latra
285 4261 311 4315 Β
389 4265 419 4314 10
438 4260 718 4315 necrultumom.1)
807 4258 1143 4316 trassamundum
1221 4264 1255 4313 25
1283 4259 1373 4315 maul-

205 4359 267 4407 acta
285 4353 418 4422 bosphoro
437 4352 491 4407 ΒΡ
547 4357 580 4409 26
599 4354 847 4422 constantinopohm
865 4356 891 4409 Β
943 4360 974 4409 27
994 4353 1119 4424 expedrtu
1136 4350 1201 4407 DP:
1219 4352 1373 4423 expeditum

204 4446 262 4501 cod.
282 4445 354 4499 Pul.
443 4451 476 4501 29
495 4445 612 4500 mollrtrer
630 4446 656 4502 Β
725 4450 757 4500 at
776 4447 861 4513 cedrb3
880 4446 907 4502 Β
