2834 5394
153 270 215 332 302
648 284 739 331 nrum
761 285 824 332 uui

153 438 235 503 alter
256 435 434 502 Iohannem
457 435 689 517 euangelistam
717 436 799 501 alter
827 455 863 502 se
886 435 1070 521 Philippum
1099 436 1228 500 dicebat
1249 457 1326 520 apo·

154 548 279 613 stolum.
324 546 386 610 hae
409 546 535 612 uisione
557 555 711 630 conperta
732 566 937 628 nequaquam
960 547 1002 612 ab
1025 547 1170 611 oratione
1185 549 1326 613 cessauit

153 656 211 724 sed
234 657 383 722 lacrimas
405 655 570 722 uberiores
592 656 713 721 effundit.
759 676 842 740 quae
870 658 954 724 nisio
984 658 1081 722 etiam
1110 657 1205 722 alicui
1234 656 1326 720 militi

153 768 298 833 reuelata
327 774 377 833 est
406 773 438 832 et
465 786 524 850 per
552 767 699 832 diuersos
727 768 877 850 peruenit
903 768 945 833 ad
976 768 1163 852 prinoipem.
1208 775 1242 832 at
1270 766 1326 830 ille

154 879 230 943 ‘uon
252 883 383 962 propter
404 875 471 942 me’
493 877 598 960 inquit
626 875 724 942 ‘haec
752 877 814 943 iste
841 876 922 942 uidit
951 877 1009 943 sed
1036 877 1150 960 nequis
1179 875 1361 941 crederets

153 987 231 1072 quia
258 988 338 1052 finxi
366 986 450 1071 quod
480 1005 539 1069 ego
568 986 635 1052 uidi
664 987 802 1070 ideoque
831 987 927 1052 etiam
956 988 1009 1054 isti
1030 993 1241 1052 monstratum
1265 995 1324 1053 est.

152 1117 229 1163 narn
252 1097 355 1182 primo
378 1097 457 1162 mihi
479 1096 540 1162 boc
561 1096 709 1162 dominus
732 1098 909 1163 communis
932 1097 1089 1163 ostendit?
1132 1116 1267 1179 eumque
1290 1117 1327 1163 se

153 1226 228 1274 esse
249 1227 270 1271 a
292 1206 360 1273 suis
383 1205 567 1274 distinctum
591 1205 704 1289 sciret>
732 1207 773 1271 ab
802 1207 948 1274 hostibus
976 1209 1244 1291 circumsaeptum
1273 1227 1327 1272 ue-

153 1317 257 1399 sciret‚
294 1316 486 1383 fiducialiter
522 1338 614 1383 arma
649 1318 827 1401 corripiens
864 1317 1021 1401 signoque
1057 1319 1160 1384 erucis
1195 1318 1323 1401 signum

152 1428 275 1514 proelio
297 1427 386 1492 dedit
407 1448 446 1492 ae
467 1448 503 1495 se
526 1429 559 1492 in
582 1428 699 1493 bellum
729 1429 826 1492 etiam
848 1428 876 1495 si
899 1446 992 1492 nemo
1016 1435 1201 1511 sequeretur
1223 1428 1326 1493 uictor
1347 1437 1377 1485 10

154 1538 278 1605 tuturus
302 1538 433 1603 inmisit.

36 1636 133 1703 XIIII
241 1646 367 1729 <Prima
389 1649 503 1714 salutis
527 1648 582 1712 uia
603 1648 708 1713 extitit
722 1649 846 1713 Arbitio
869 1648 1021 1714 hostilum
1045 1648 1182 1733 partium
1207 1668 1325 1714 eomes.

156 1760 210 1842 qui
233 1778 305 1823 eum
327 1759 475 1841 ignarum
497 1758 721 1841 imperatorem
737 1760 972 1843 circumpositis
988 1760 1169 1843 excepisset
1184 1758 1324 1829 insidiis.

153 1888 329 1934 conuersus
359 1888 433 1933 mox
462 1867 504 1932 ad
533 1869 746 1933 reuerentiam
769 1870 903 1952 Augusti
934 1888 1006 1934 eum
1030 1890 1094 1933 non
1117 1870 1219 1935 solum
1242 1869 1328 1952 peri-

153 1979 225 2043 culo
247 1977 399 2043 liberauit
421 1997 531 2043 uerum
554 1979 651 2042 etiam
673 1979 794 2044 auxilio
817 1979 977 2045 instruxit.
1021 1980 1056 2044 fit
1077 1999 1153 2061 ergo
1177 1998 1325 2062 congrcs·
1347 1995 1375 2044 15

154 2088 202 2155 sio
241 2087 327 2151 eirea
358 2087 490 2152 fluuium
525 2087 679 2153 uocabulo
713 2088 889 2172 Frigidum.
939 2089 1036 2171 igitur
1067 2093 1102 2153 in
1134 2097 1226 2173 parte
1260 2109 1324 2171 qua

152 2197 290 2265 Romani
323 2203 434 2262 eontra
465 2199 628 2264 Romanos
660 2198 884 2282 confligebant,
922 2200 1008 2264 bella
1039 2207 1131 2264 erant
1164 2200 1324 2282 aequalia.

153 2307 239 2373 trude
262 2327 339 2373 uero
363 2306 492 2373 barbari
516 2307 725 2375 auxiliatores
741 2309 953 2393 imperatoris,
976 2329 1053 2392 pars
1069 2310 1207 2392 Eugenii
1222 2311 1310 2394 potio

153 2435 228 2485 esse
249 2417 430 2484 uidebatur.
474 2420 649 2503 imperator
671 2426 776 2484 autem
800 2419 916 2485 uidens
938 2419 1093 2485 barbaros
1109 2419 1267 2503 deperire,
1291 2420 1325 2483 in

153 2529 297 2594 maxima
324 2528 460 2595 ueniens
489 2530 692 2595 aestuatione
720 2536 752 2595 et
780 2536 870 2595 stans
899 2530 932 2593 in
961 2529 1049 2594 edita
1076 2549 1156 2613 rupe
1185 2529 1270 2594 unde
1293 2537 1326 2595 et
1342 2542 1377 2592 to

153 2639 339 2721 conspicere
368 2646 400 2703 et
427 2639 569 2724 conspici
599 2641 640 2705 ab
670 2647 804 2723 utroque
840 2646 950 2722 posset
977 2640 1135 2719 exercitu,
1173 2640 1326 2723 proiectis

153 2747 252 2814 armis
274 2747 317 2812 ao
340 2749 437 2814 solita
458 2768 494 2814 se
517 2750 613 2815 uertit
634 2749 757 2814 auxilia
785 2756 816 2814 et
843 2757 1022 2833 prostratus
1051 2750 1084 2813 in
1113 2756 1200 2814 terra
1228 2749 1327 2814 iacuit

152 2857 332 2923 adiutorem
364 2858 521 2924 inuocans
549 2857 646 2923 deum
675 2857 786 2924 dicens
816 2858 1028 2943 ‘omnipotens
1051 2858 1140 2938 (leurs,
1177 2866 1211 2923 tu
1239 2861 1325 2925 nosti

153 2968 229 3052 quia
251 2968 285 3032 in
307 2969 436 3034 nomine
452 2967 571 3034 Christi
593 2968 651 3032 filii
674 2968 721 3034 tui
745 2968 876 3034 ultionis
898 2972 1002 3034 iustae
1024 2969 1148 3052 proelia
1170 2970 1233 3035 ista
1255 2991 1325 3035 sus-

152 3080 234 3163 cepi.
280 3078 307 3143 si
330 3098 432 3155 secus,
455 3078 489 3142 in
512 3097 562 3141 me
584 3077 729 3143 uindica:
753 3079 782 3144 si
804 3098 880 3144 uero
896 3098 967 3143 eum
982 3099 1083 3145 causa
1098 3078 1267 3163 probabili,
1292 3087 1323 3143 et
1342 3093 1374 3142 25

153 3187 187 3252 in
209 3194 241 3251 te
263 3187 403 3252 confisus
425 3187 488 3251 huc
510 3190 594 3267 ueni,
619 3189 746 3271 porrige
768 3187 933 3254 dexteram
961 3188 1025 3253 tuis
1048 3210 1089 3254 ue
1112 3190 1192 3255 forte
1213 3187 1325 3253 dicant

152 3302 282 3380 gentes:
315 3296 370 3360 ubi
402 3306 452 3363 est
480 3296 560 3363 deris
589 3299 730 3363 eorum‘t’
774 3306 807 3362 et
836 3299 944 3364 statim
973 3299 1126 3383 petitione
1155 3300 1324 3364 frustratus

151 3427 217 3471 non
251 3412 310 3472 est.
355 3406 487 3489 quidam
521 3408 606 3472 euim
633 3409 806 3474 Baesurius
840 3409 968 3473 nomine
1002 3410 1156 3491 inagister
1188 3409 1323 3473 militum

153 3516 233 3598 eius,
257 3516 307 3581 uir
328 3515 393 3581 fide
415 3517 536 3601 pictate
559 3524 591 3582 et
612 3518 729 3583 uirtute
752 3519 852 3584 animi
874 3519 1010 3603 pollens,
1033 3528 1166 3602 repento
1189 3519 1235 3585 sic
1250 3538 1325 3583 con·

153 3627 288 3692 tortam
317 3633 366 3692 est
393 3633 427 3690 ut
455 3646 525 3691 cunr
556 3628 668 3711 primis
698 3627 834 3695 ducibus
862 3635 1004 3695 curreret
1030 3627 1073 3692 ad
1101 3648 1171 3694 eam
1201 3636 1324 3712 partem
1344 3641 1377 3690 30

224 3862 316 3913 trohi
332 3861 497 3930 euuangehita
516 3861 541 3916 I)
609 3862 765 3917 imatione
784 3864 817 3918 D*
887 3864 1014 3931 5111q1ud
1032 3861 1059 3916 Ι)
1128 3861 1327 3918 §defuncturo

153 3953 373 4022 circumseptus
444 3959 475 4007 to
494 3958 613 4019 aelel)
686 3961 712 4009 tt
733 3955 882 4011 immrth
969 3955 1326 4026 12—303‚3<>D:Nem

153 4045 287 4100 consultui
311 4047 440 4101 iohannes
459 4048 462 4114 Ι
484 4049 648 4104 anachoreta
671 4057 705 4103 eb
729 4054 836 4103 meturss
861 4049 1039 4117 spoponderat
1054 4051 1058 4117 1
1075 4057 1127 4118 que
1154 4057 1188 4103 esu
1214 4048 1325 4102 arbrtno

151 4138 258 4193 hoitrlni
276 4145 367 4208 paruo
385 4142 474 4195 cornei
487 4144 490 4208 t
506 4150 600 4211 rgnaru
625 4143 789 4211 elrcupohtrt
812 4141 952 4211 exceptis&
970 4142 1086 4202 infidus!
1103 4142 1247 4196 canuerint
1263 4156 1324 4191 mox

152 4231 187 4287 ad
205 4238 356 4286 reuerentia
373 4237 477 4302 nurguita
493 4236 497 4303 Ι
513 4250 573 4289 eum
591 4251 644 4288 non
663 4234 719 4288 toln
737 4234 856 4303 periculo
883 4234 1026 4289 hheraurt·
1046 4243 1111 4288 uerri
1128 4236 1132 4303 l
1148 4239 1201 4288 etia
1225 4232 1325 4287 auxilio

152 4325 289 4391 rnitrrmt3
323 4324 415 4396 Ouum:
446 4328 480 4381 ad
495 4330 499 4396 i
514 4328 646 4398 gresimne
675 4334 758 4381 uentu
783 4326 845 4380 esi&
876 4327 1020 4381 uehemens
1043 4328 1132 4396 turlbo
1157 4333 1271 4382 uentoru
1302 4326 1326 4379 B

156 4422 185 4472 18
204 4424 307 4488 portior
323 4418 350 4472 D
418 4424 450 4473 22
468 4427 553 4476 iacuit
569 4437 619 4475 om.
640 4419 665 4474 D
733 4424 766 4474 29
784 4420 887 4489 pollent
902 4436 953 4475 orn.
969 4419 995 4474 1)
