2834 5394
559 669 633 718 car.
656 670 763 718 v-vu
1175 657 1237 721 365

64 826 198 906 praetor
225 828 331 886 autem
357 819 410 887 his
437 821 604 888 accersitis
625 821 708 888 haee
729 821 772 888 ad
794 840 850 889 eos
872 823 996 889 locutus
1025 829 1076 890 est
1104 820 1238 888 ‘uiolen-

64 932 144 997 tiam
172 929 301 1014 quidem
330 930 449 996 inferro
485 932 666 1016 alienisque
694 932 784 1016 pasci
819 932 978 998 iniustitia
1005 939 1056 998 est
1083 933 1117 996 in
1149 934 1237 999 omni

65 1048 210 1125 tempore
238 1039 442 1123 maximeque
470 1041 564 1108 nobis
595 1042 628 1106 in
658 1042 810 1126 periculis
832 1042 1022 1108 constitutis.
1066 1041 1236 1125 egoenim

65 1151 100 1216 in
122 1149 184 1215 hoo
204 1150 285 1216 fisus
306 1149 340 1215 in
363 1149 448 1214 hanc
469 1171 527 1217 uos
549 1160 667 1217 terram
689 1152 856 1218 transuexi
885 1160 920 1217 ut
940 1150 1065 1217 iustitia
1086 1157 1118 1217 et
1139 1170 1238 1236 opero

32 1260 150 1326 ebono
171 1268 238 1326 tam
259 1259 356 1327 deum
378 1261 542 1344 placemus
565 1282 660 1345 quam
682 1262 777 1328 Alros
799 1261 842 1327 ad
870 1270 996 1327 nosmet
1024 1262 1115 1345 ipsos
1138 1268 1237 1327 attra-

66 1370 144 1436 here
166 1389 384 1455 procuremus.
428 1370 510 1436 haec
531 1380 638 1436 autem
661 1379 771 1438 uestra
793 1371 1043 1456 intemperantia
1063 1372 1097 1435 in
1113 1378 1237 1437 contra·

65 1482 149 1546 rium
180 1481 275 1546 nobis
307 1480 476 1564 proueniet
508 1487 541 1546 et
572 1489 648 1565 aget
680 1489 714 1546 ut
742 1481 812 1546 Afri
841 1478 999 1548 Vandalis
1031 1481 1236 1547 auxilientur.

65 1588 126 1657 sed
146 1590 390 1673 acquiescentes
411 1591 512 1656 uerbo
533 1611 605 1657 meo
627 1598 770 1657 ementes
792 1610 885 1657 escas
907 1597 1071 1676 asportate
1086 1598 1119 1657 et
1132 1610 1238 1675 neque

64 1700 178 1766 iniusti
201 1697 378 1764 nideamini
401 1719 474 1766 esse
497 1720 601 1782 neque
623 1701 797 1765 amicitiam
821 1701 970 1766 Afrorum
985 1702 1020 1766 in
1035 1701 1237 1767 inimicitiam

14 1821 46 1871 to
63 1809 260 1876 conuertatis
290 1808 348 1875 sed
377 1809 472 1875 deum
502 1812 609 1895 potius
630 1812 762 1895 placare
784 1809 920 1893 studete,
958 1820 1084 1876 cessate
1112 1796 1237 1876 insilire

63 1920 98 1985 in
120 1919 230 1986 aliena
251 1926 283 1984 et
307 1921 429 1984 lucrum
452 1921 591 1985 excutite
612 1920 763 2004 periculis
785 1919 933 2003 plenum!
976 1919 1107 1986 mittens
1129 1926 1236 1985 autem

64 2029 238 2096 Bilisarius
259 2031 394 2095 electum
418 2031 592 2095 exercitum
616 2031 728 2095 urbem
757 2030 828 2096 sine
850 2029 961 2096 labore
983 2028 1235 2114 comprehendit

64 2146 158 2205 nocte
180 2141 266 2205 eninr
288 2139 425 2205 adeam
448 2140 636 2205 accedentes
659 2147 690 2205 ct
711 2160 776 2205 una
798 2159 868 2205 cum
891 2139 1125 2205 introeuntibus
1147 2138 1237 2222 plan-

65 2249 142 2316 stris
163 2250 352 2315 rusticorum
376 2250 594 2333 ingredientes
617 2249 701 2314 hanc
723 2251 931 2332 optinuerunt
953 2255 984 2315 et
1006 2268 1077 2313 cum
1100 2247 1170 2315 dies
1192 2249 1237 2313 la

19 2369 48 2418 1⁶
65 2366 135 2425 otus
164 2359 276 2425 luisset
304 2368 369 2424 tam
399 2360 597 2426 sacerdotem
630 2380 727 2443 quam
749 2359 838 2426 ciues
859 2359 981 2444 primos
1003 2364 1171 2443 captantes
1194 2356 1237 2424 ad

64 2478 247 2554 praetorem
271 2468 526 2536 destinauerunt.
577 2470 748 2535 Bilisarius
775 2470 885 2553 itaque
917 2468 1114 2553 Carthagine
1141 2475 1238 2554 capta

64 2580 286 2645 commonebat
313 2581 432 2645 milites
461 2578 573 2645 dicens
603 2579 721 2645 ‘uidete
758 2580 992 2645 commilitones
1024 2586 1146 2663 quanta
1167 2598 1238 2663 pro

64 2708 162 2773 spera
184 2689 268 2754 lacta
290 2689 355 2756 sint
377 2689 471 2755 nobis
494 2690 645 2772 quoniam
669 2688 877 2755 sobrietatem
906 2707 984 2771 erga
1005 2689 1102 2756 Atros
1130 2694 1238 2754 osten·

64 2798 180 2880 dimus,
193 2797 299 2864 uidete
322 2807 354 2863 ct
375 2798 575 2865 honestatem
600 2799 633 2863 in
649 2797 846 2881 Carthagine
869 2805 1060 2864 conseruate
1075 2804 1107 2863 et
1122 2797 1237 2881 nequis

14 2923 47 2972 m
64 2927 254 2991 quemquam
278 2909 438 2993 opprimat
459 2928 518 2974 neo
540 2909 710 2991 quicquam
735 2908 838 2992 ipsius
862 2907 1032 2991 subripiat,
1056 2926 1128 2971 cum
1150 2906 1238 2972 enim

64 3018 164 3082 multa
186 3019 272 3082 mala
293 3019 431 3084 luissent
452 3038 473 3083 a
496 3017 652 3084 Vandalis
675 3017 823 3084 barbaris
847 3017 926 3082 uiris
948 3021 1107 3101 perpessi,
1139 3017 1239 3101 irnpe-

64 3136 151 3192 rator
172 3134 279 3193 autem
301 3135 411 3193 noster
432 3128 475 3194 ad
496 3127 719 3193 auxiliandum
748 3127 796 3193 eis
825 3146 884 3193 nos
913 3127 1001 3193 misit
1022 3132 1055 3193 et
1076 3126 1118 3193 ad
1142 3128 1237 3194 liber·

63 3244 161 3302 tatem
183 3236 386 3303 donandam.¹

147 3347 236 3412 llaec
258 3367 465 3414 commouens
489 3348 717 3431 Carthaginem
748 3346 892 3412 introiuit
920 3354 952 3412 et
979 3346 1160 3413 ascendens
1182 3365 1237 3431 pa·
1260 3340 1321 3407 VlI

16 3474 48 3524 25
65 3458 175 3522 latium
205 3459 240 3523 in
262 3456 436 3524 Gelimeris
459 3458 539 3522 solio
562 3457 656 3540 sedit,
687 3456 730 3522 ad
757 3476 852 3540 quern
881 3455 1073 3523 accedentes
1096 3457 1238 3538 negotia-

64 3573 150 3632 tores
172 3566 379 3650 Carthaginis
402 3576 559 3633 uenerunt
581 3575 614 3634 et
643 3574 797 3651 quotquot
826 3568 917 3632 iuxta
944 3587 1033 3632 mare
1062 3566 1239 3634 manebant

64 3678 263 3760 queritantes
286 3697 322 3743 se
345 3678 493 3761 rapinam
517 3698 538 3742 a
559 3678 718 3744 classibus
741 3677 923 3762 pertulisse.
950 3684 984 3741 at
1005 3696 1082 3742 uero
1097 3677 1238 3762 Kalony-

64 3806 150 3850 mum
173 3789 303 3852 nauium
326 3789 505 3873 principem
529 3788 709 3853 iuramento
732 3787 925 3853 constrinxit
947 3795 1106 3871 quatenus
1128 3788 1239 3853 omnia

65 3916 149 3979 quae
176 3903 272 3982 rapta
297 3899 425 3977 lucrant
454 3904 640 3982 apportaret
669 3905 700 3963 et
728 3896 868 3982 propriis
904 3895 1043 3961 dominis
1078 3894 1237 3962 redderet.

16 4020 48 4071 so
66 4006 120 4089 qui
143 4005 339 4074 defraudans
362 4027 403 4072 ex
425 4009 471 4074 eis
495 4015 527 4072 et
549 4007 720 4091 periurans
743 4027 808 4072 non
822 4013 897 4088 post
911 4007 1045 4070 multum
1061 4004 1236 4070 uindictam

68 4116 217 4183 exsoluit.
240 4138 315 4183 nam
338 4123 431 4183 extra
453 4136 570 4184 sensus
592 4116 725 4183 effectus
748 4135 840 4182 suam
862 4116 966 4199 ipsius
988 4115 1132 4198 lingnam
1154 4135 1237 4181 com-

66 4223 166 4292 edens
188 4226 278 4292 obiit.
323 4227 369 4292 ita
392 4247 468 4293 uero
491 4232 622 4311 praetor
645 4226 716 4292 sino
748 4226 886 4290 tumultu
911 4224 1023 4291 urbem
1048 4223 1238 4309 possidebat

132 4431 145 4479 1
165 4427 336 4482 molentral)
405 4432 419 4479 7
438 4428 515 4481 nobrl
532 4426 557 4481 1)
626 4431 641 4481 9
659 4432 766 4496 nipast
788 4424 916 4480 Afrorum
933 4442 985 4479 om.
1004 4423 1043 4479 θ’
1114 4428 1145 4479 15
1164 4425 1238 4479 ciues

65 4519 184 4589 smqrsi:
212 4518 292 4574 hunul
308 4518 361 4574 ΒΡ
375 4521 470 4574 Aaost.
578 4524 610 4575 16
633 4526 659 4573 ct
689 4524 718 4573 19
746 4516 936 4587 kartagmel)
1058 4521 1087 4571 l'l
1112 4526 1237 4573 comode·

64 4609 113 4665 bat
137 4610 164 4666 D
259 4613 452 4668 commrhtonel
473 4630 524 4668 om.
553 4612 580 4667 Ι)
694 4616 722 4668 19
749 4615 865 4682 etpost
894 4610 984 4666 mdete
1016 4608 1120 4665 onnD
1204 4614 1238 4665 11

62 4703 246 4772 kamglndl)
338 4710 372 4760 16
389 4704 578 4776 mangrmtlt
655 4709 788 4761 uenerunt
804 4710 856 4762 baa
874 4703 901 4759 Ι)
995 4707 1028 4759 19
1046 4702 1238 4774 ermensul)

60 4800 93 4851 ³0
111 4799 237 4867 perurant
252 4797 279 4853 l)
