3142 5056
270 223 333 288 664
681 233 790 282 mnux
811 229 1051 282 caerrvuonvn

311 389 342 439 13
371 383 447 438 uarie
464 382 670 438 aconitantino
689 382 717 436 in
733 381 834 437 amicos
885 381 960 451 pines
978 381 1121 437 concilium
1138 379 1270 446 celebrat,
1294 379 1456 436 Constanti-

273 475 421 534 Artanasdi
439 481 466 530 et
484 477 557 531 ciues
575 477 602 530 iu
612 476 679 530 urbe
693 474 833 530 saeuitum
886 471 1172 544 numquemonachnm
1189 473 1224 529 ad
1235 474 1458 544 patriarchatum

272 569 445 626 Artauasdua
462 585 523 624 eum
540 568 601 624 liliis
615 568 742 623 etamicis
759 568 835 636 igno·
887 568 986 623 euchit.

274 663 386 718 miniosa
411 663 439 717 in
465 676 565 732 pompa
590 660 723 726 traducti,
750 665 781 714 ut
809 664 837 714 ct
922 665 954 715 25
989 661 1169 716 harbarorum
1201 661 1388 715 contentiones
1426 665 1456 714 ct

272 754 434 810 Anastasius
451 754 608 824 patriarcha
624 753 670 823 qni
687 759 777 808 umen
794 751 834 806 di·
887 753 958 809 bella
974 754 1044 808 inter
1061 768 1099 819 ae,
1116 759 1199 822 utque
1211 752 1320 808 tandem
1328 751 1458 806 Habdal·

272 847 368 919 pnitati
391 847 540 902 restitutus.
575 853 685 918 praetor
702 845 835 900 Thraciae
885 847 927 903 las
940 847 975 902 ad
986 847 1167 917 principatum
1178 845 1375 901 Saracenorum
1386 859 1454 915 per·

250 943 319 1013 ‘qui
336 942 543 997 Constantinum
564 940 678 994 multum
695 938 837 994 adunant
886 942 968 997 uenit.

273 1035 308 1090 ab
326 1049 357 1089 eo
375 1033 484 1088 tandem
502 1040 672 1088 excaecatus.
921 1039 954 1089 26
988 1033 1208 1088 Panliciauorunr
1232 1031 1352 1086 haeresis
1383 1030 1457 1084 dila·

310 1131 340 1183 14
375 1125 518 1181 Mathuam
544 1125 601 1180 dux
626 1125 754 1180 Arabum·
789 1139 835 1178 co·
886 1133 953 1182 tata.
996 1127 1060 1182 urbs
1094 1126 1168 1196 regia
1202 1123 1402 1193 habitatoribus
1439 1139 1458 1177 a

273 1225 346 1274 meta
373 1225 495 1289 apparat.
530 1219 626 1274 seditio
653 1224 749 1274 contra
773 1216 833 1270 Ma-
885 1221 1063 1277 Constantino
1082 1218 1216 1288 completa
1232 1218 1369 1288 plerisque
1386 1231 1456 1286 pro·

274 1312 379 1376 rheam,
398 1311 509 1382 eiusque
526 1312 648 1367 motoria
690 1309 834 1378 Theophy·
884 1316 958 1370 xima
974 1313 1126 1384 pestilentia
1139 1311 1285 1367 munaus.
1303 1311 1456 1380 Bulgarum

272 1405 360 1460 lactura
377 1405 538 1460 Antiochiae
563 1403 653 1460 lactus
671 1403 834 1474 patriarcha.
885 1408 1011 1462 incursus
1037 1406 1148 1462 hostiles
1176 1420 1262 1474 usque
1288 1403 1324 1458 ad
1341 1419 1455 1458 murum

273 1499 350 1553 Abae
376 1498 422 1568 qui
444 1497 544 1552 munitos
569 1495 736 1552 Christianos
764 1495 836 1550 occi·
887 1502 1009 1570 longum.

273 1591 350 1646 derat
366 1590 498 1646 interitus.
921 1597 952 1648 22
989 1601 1077 1648 terrae
1104 1597 1193 1646 motus
1216 1605 1329 1659 magnus
1353 1589 1382 1642 in
1401 1587 1459 1643 Pa·

309 1687 339 1738 15
376 1683 444 1738 aliae
474 1683 607 1738 uictoriae
632 1682 776 1738 hlarhuam
804 1681 837 1736 de
886 1687 1002 1741 laestina
1026 1691 1053 1740 et
1077 1673 1164 1754 Syrias
1197 1681 1333 1738 Theodori
1351 1681 1458 1736 Antio·

273 1775 410 1830 Snleiman
432 1781 460 1830 et
482 1775 515 1830 de
532 1775 666 1830 seditiosis
689 1781 770 1844 atque
793 1789 836 1828 re-
888 1779 967 1834 eheni
990 1777 1161 1848 patriarchae
1185 1776 1301 1830 exilium.
1337 1775 1457 1829 Sarace-

272 1869 397 1924 btllibns·
432 1867 625 1924 Constantinus
655 1883 688 1922 ex
715 1867 836 1923 Annbntn
888 1869 1299 1928 norumexercitusliomauiam
1319 1868 1460 1923 inundans

272 1967 367 2015 mutua
384 1976 474 2030 pugna
496 1961 667 2016 occasionem
691 1960 772 2016 sumit
793 1960 834 2014 in·
887 1981 938 2020 nee
956 1964 1020 2034 quid
1037 1963 1181 2033 proficiens
1199 1961 1306 2016 recedit.
1330 1960 1460 2016 Habdal·

273 2053 390 2108 audendi
408 2052 520 2123 Syriam.
885 2058 926 2114 las
944 2058 1045 2112 tributa
1063 2055 1276 2110 Christianorum
1293 2061 1384 2122 anget

310 2153 341 2200 to
375 2153 462 2200 terrae
480 2152 569 2200 motus
585 2145 677 2214 ingens
695 2157 727 2200 ut
743 2153 771 2201 et
787 2161 834 2217 pe·
919 2154 952 2205 28
987 2149 1180 2204 Constantinus
1204 2147 1347 2202 Sclaninas
1372 2148 1464 2217 capit

274 2239 399 2294 stilentia.
884 2241 1462 2312 MaurophororumPersarumquorundam

310 2335 339 2386 l'l
375 2331 544 2401 prodigiosae
562 2331 714 2388 cruciculae
736 2333 764 2388 in
789 2349 834 2388 ue·
885 2337 1118 2406 praestigiatorum
1151 2335 1284 2388 interitus.
1328 2334 1461 2388 Arabum

273 2425 404 2480 animantis
430 2425 506 2480 uisae
537 2424 673 2494 miraeque
699 2426 837 2482 hominnm
888 2429 990 2484 inuidia
1015 2428 1144 2484 aduersus
1163 2427 1329 2481 Christianos
1355 2427 1463 2494 quibus

276 2525 401 2573 ecstases.
888 2528 978 2576 tamen
1002 2537 1096 2576 carere
1119 2536 1174 2575 non
1197 2524 1312 2590 possunt
1337 2519 1373 2572 ad
1402 2520 1463 2574 cal·

311 2615 340 2666 18
374 2611 497 2665 immanis
523 2611 677 2681 pestilentia
711 2613 739 2666 in
770 2612 837 2667 urbe
888 2615 1036 2670 culationes
1054 2629 1118 2670 suas
1141 2611 1306 2668 scribendas.
1341 2611 1465 2667 Paullus

273 2703 353 2772 regia.
389 2702 585 2758 Saracenorum
610 2703 704 2760 classis
730 2705 758 2759 in
785 2705 836 2778 Cy·
887 2713 996 2778 praetor
1013 2708 1048 2761 ab
1066 2707 1097 2762 iis
1115 2705 1221 2762 sochus
1239 2711 1266 2760 et
1282 2704 1330 2758 alii
1343 2705 1466 2774 quidam

273 2811 351 2866 prum
369 2781 452 2861 uenit,
471 2812 551 2866 quarn
568 2795 701 2852 inuadunt
712 2797 836 2853 Romani.
887 2801 1003 2870 insignes
1021 2800 1073 2855 uiri
1091 2799 1172 2869 capti.
1196 2798 1383 2854 Romanorum
1402 2799 1465 2853 cla·

310 2893 341 2942 19
359 2893 392 2943 20
410 2892 440 2942 21
477 2891 575 2944 turbae
596 2906 629 2944 ac
656 2889 836 2946 dissensiones
888 2893 935 2949 das
953 2908 970 2947 a
987 2893 1111 2962 Bulgaris
1128 2896 1249 2962 accepta.
1547 2939 1548 2944 ,

272 2981 395 3050 bedaque
425 2981 622 3038 Saracenorum
656 2989 684 3038 et
716 2983 836 3038 Arabum
922 2991 955 3040 22
991 3002 1065 3041 error
1087 2986 1116 3040 in
1133 2984 1313 3040 celebratione
1330 2982 1470 3040 Paschae
1547 2977 1548 3056 i

274 3074 347 3130 inter
364 3089 402 3128 se.
889 3079 1055 3134 commissus.
1108 3078 1135 3133 S.
1169 3076 1278 3132 Ioannis
1311 3075 1472 3144 Baptistae
1547 3087 1548 3146 1

308 3171 340 3220 22
376 3166 553 3223 Constantino
576 3168 732 3236 imperatori
766 3169 836 3224 lilius
889 3178 971 3241 caput
988 3172 1157 3226 translatum.
1192 3169 1301 3223 docetes
1326 3168 1463 3223 incaelo
1547 3177 1548 3252 l

274 3259 396 3314 nascitur
419 3259 484 3314 Leo.
521 3267 608 3316 terrae
632 3268 722 3317 motus
749 3262 836 3318 horri-
889 3265 1024 3334 apparuit.
1049 3263 1183 3318 Theodori
1193 3260 1336 3315 Libanitae
1353 3261 1466 3315 bellum

272 3351 333 3407 bilis
361 3351 389 3406 in
416 3352 494 3421 Syria
525 3359 552 3407 et
582 3359 745 3423 portentum.
779 3355 836 3412 Leo
889 3373 951 3411 curn
962 3357 1106 3412 Arabibus.
1124 3355 1231 3424 eclipsis
1247 3353 1274 3406 in
1290 3353 1356 3407 sole.
1375 3353 1471 3408 hlau-

276 3444 444 3500 Ooustantiui
462 3445 533 3502 lilius
552 3453 705 3504 coronatus.
889 3451 1068 3519 rophororum
1085 3455 1237 3504 monstrosa
1251 3445 1388 3513 dogmata.

308 3541 340 3592 23
364 3537 533 3594 hluhammat
549 3541 670 3594 Arabum
688 3540 748 3594 dux.
767 3541 838 3596 bella
923 3548 956 3598 30
992 3542 1175 3597 Cassiotarnm
1212 3545 1307 3594 eontra
1343 3537 1470 3594 Mauro-

273 3632 342 3687 intar
367 3631 508 3686 barbaros.
560 3633 729 3689 Constantini
760 3641 837 3702 gesta
889 3635 989 3705 phoros
1024 3636 1128 3690 seditio.
1168 3631 1291 3688 Andreas
1319 3630 1471 3700 Calpbites

275 3731 370 3780 contra
393 3725 542 3780 Armenios.
588 3725 747 3782 Theodorus
773 3733 836 3798 post
887 3729 1036 3783 monachus
1055 3727 1261 3784 Constantinum
1278 3723 1312 3778 oh
1331 3723 1469 3793 impieta-

274 3816 507 3887 Theophylactum
547 3819 702 3887 patriarcha
739 3820 835 3875 Antio-
887 3826 941 3876 tem
958 3821 1103 3891 increpans
1125 3823 1159 3876 ab
1177 3839 1209 3878 eo
1227 3815 1368 3874 occiditur.

273 3910 358 3966 chiae.
394 3909 586 3966 Constantinus
610 3912 750 3968 ecclesiam
775 3919 833 3968 tur-
924 3919 953 3968 31
1000 3914 1110 3971 dorotea
1140 3920 1275 3987 apparuit.
1324 3917 1476 3985 Bulgsres

272 4003 339 4058 bare
363 4003 509 4074 meditatur
534 4005 664 4073 populum
693 4005 729 4060 ad
755 4022 834 4060 suum
890 4008 988 4063 occisis
1015 4008 1128 4064 dominis
1151 4011 1208 4066 suis
1238 4013 1396 4082 principem
1418 4011 1469 4065 fa-

273 4111 381 4150 seusum
398 4095 516 4151 flectens.
890 4100 1102 4157 ciuutTeletziu.
1130 4101 1299 4159 Constantini
1316 4105 1469 4175 expeditio

308 4192 341 4242 24
375 4188 513 4244 Anastasii
530 4189 703 4258 patriarchae
727 4192 837 4246 misera-
889 4193 1019 4250 aduenas
1036 4195 1168 4266 Bulgaros
1186 4196 1346 4252 et'leletuin
1363 4215 1473 4271 pugna.

274 4281 422 4336 biliamors.
448 4279 639 4339 Constantinus
658 4292 753 4340 contra
770 4285 836 4340 ima·
888 4286 955 4342 uicti
971 4287 1043 4357 luga.
