2834 5394
181 275 241 336 172
688 287 781 333 amru
803 285 851 331 rrr
895 286 900 295 ¹

179 461 277 505 unum
300 457 338 503 ac
360 438 617 523 potentissimum
640 440 673 503 in
697 437 757 501 boc
772 436 891 501 mundo
909 436 1077 518 solumque
1088 435 1307 501 clarissimum
1324 437 1356 500 in

179 550 288 617 orbem
301 555 503 630 monstraret,
516 549 607 614 euius
619 557 761 632 tempore
778 553 934 612 uenturus
948 552 1036 612 esset
1057 545 1111 628 qui
1130 545 1239 631 ipsum
1256 546 1356 611 solem

179 661 267 729 solus
297 658 514 743 mundumque
541 666 641 723 totum
672 665 704 724 et
732 658 861 724 fecisset
886 665 919 722 ot
945 663 1079 739 regeret.
1125 653 1246 721 deinde
1286 675 1354 719 cum

180 769 321 838 secundo
353 770 386 835 in
413 769 525 835 Sicilia
553 770 692 853 receptis
723 788 744 833 a
776 768 929 853 Pompeio
957 775 990 833 et
1009 764 1134 851 Lepido
1161 765 1349 848 legionibus,

179 882 313 965 triginta
343 881 434 945 milia
470 898 637 945 seruorum
674 878 813 945 dominis
841 878 1034 945 restituisset
1069 883 1102 942 et
1138 875 1349 960 quadraginta

180 1000 331 1076 quattuor
351 990 496 1073 legiones
519 990 607 1055 solus
629 989 764 1074 imperio
787 1011 845 1055 suo
867 989 910 1054 ad
932 995 1076 1054 tutamen
1092 986 1183 1053 orbis
1198 992 1349 1052 terrarum

179 1100 400 1167 distribuisset
421 1119 587 1183 ouansque
609 1100 720 1165 urbem
743 1102 909 1183 ingressus
931 1106 1028 1182 esset,
1056 1099 1166 1162 omnia
1189 1097 1351 1181 superiora

178 1211 291 1296 populi
319 1211 454 1274 Romani
484 1209 594 1276 debita
621 1209 776 1275 donanda
803 1211 982 1275 litterarum
1010 1210 1109 1275 etiam
1139 1207 1351 1272 monumentis

179 1319 310 1391 abolitis
331 1320 465 1386 censuit.

96 1433 162 1499 XII
269 1432 362 1495 Auno
395 1430 436 1494 ab
470 1429 549 1494 urbe
583 1428 712 1494 condita
745 1430 1032 1515 septingentesimo
1064 1428 1226 1494 tricesimo
1262 1436 1348 1491 sexto

179 1542 373 1626 imperatore
395 1541 541 1623 Augusto
567 1538 708 1606 Caesare
731 1541 839 1606 sexies
862 1549 895 1605 ct
916 1539 967 1606 bis
990 1540 1097 1605 blarco
1114 1539 1262 1623 Agrippa
1284 1558 1354 1601 eou-

182 1651 306 1719 sulibus
330 1650 453 1717 Caesar
474 1670 588 1735 parum
611 1650 646 1715 in
668 1651 830 1735 Hispania
851 1670 909 1735 per
931 1649 1086 1715 ducentos
1114 1669 1218 1714 anuos
1249 1655 1353 1712 actum

181 1761 375 1844 intellegens
399 1763 426 1827 si
450 1760 632 1826 Cantabros
654 1768 751 1844 atque
767 1760 902 1826 Astures
925 1760 1006 1826 duras
1029 1760 1221 1825 fortissimas
1239 1759 1353 1843 Hispa·

181 1873 257 1936 niae
279 1878 393 1953 gentes
416 1872 484 1936 suis
506 1872 552 1935 uti
575 1871 701 1953 legibus
724 1872 853 1950 sineret,
882 1871 1009 1954 aporuit
1030 1870 1101 1935 Iani
1124 1877 1235 1953 portas
1259 1876 1353 1952 atque

182 1981 217 2046 in
240 1980 417 2064 Hispanias
452 1981 522 2063 ipse
557 2000 626 2045 eum
659 1983 801 2046 exercitu
834 1981 994 2065 proiectus
1027 1990 1086 2046 est.
1131 1978 1288 2044 Cantabri
1322 1988 1353 2044 et

182 2090 318 2155 Astures
341 2088 527 2154 Callaeciae
549 2091 735 2174 prouinciae
757 2092 862 2176 portio
885 2097 968 2172 sunt,
991 2110 1056 2175 qua
1078 2097 1243 2155 extentum
1259 2090 1355 2174 Pyre

181 2199 257 2264 naci
281 2200 389 2282 iugum
412 2199 501 2264 baud
521 2203 632 2285 procul
655 2202 797 2267 secundo
820 2201 950 2267 Oceano
975 2201 1204 2285 septemtrione
1225 2199 1356 2266 deduci·

182 2317 242 2375 tur.
288 2309 321 2374 hi
350 2329 414 2373 uon
443 2312 546 2376 solum
579 2312 743 2396 propriam
777 2312 957 2376 libertatem
988 2311 1072 2376 tueri
1105 2310 1212 2394 parati
1244 2329 1355 2375 verum

182 2422 280 2486 etiam
299 2419 510 2485 'finitimorum
533 2423 720 2505 praeripere
742 2422 813 2488 ausi
830 2423 972 2487 Vaeceos
995 2428 1027 2487 et
1041 2424 1222 2503 Turmogos
1245 2428 1278 2486 et
1291 2421 1354 2484 Au·

182 2532 314 2614 rigouas
343 2530 486 2597 assiduis
516 2531 739 2616 eruptionibus
768 2530 1058 2616 depopulabantur.
1103 2531 1202 2612 igitur
1231 2528 1355 2596 Caesar

183 2641 269 2725 apud
293 2641 494 2722 Segisamam
519 2650 626 2708 eastra
655 2643 762 2726 posuit
790 2642 893 2707 tribus
921 2641 1105 2726 agminibus
1127 2647 1227 2706 totam
1250 2659 1356 2725 paene

184 2752 355 2833 amplexus
371 2750 588 2816 Cantabriam.
633 2751 688 2816 diu
704 2751 839 2836 fatigato
862 2752 980 2818 frustra
1002 2758 1098 2835 atque
1120 2751 1154 2815 iu
1175 2751 1354 2836 perieulum

184 2878 283 2945 saepe
305 2859 442 2924 deducto
465 2862 606 2925 exercitu
629 2861 759 2927 taudem
788 2863 829 2926 ab
852 2862 1044 2946 Aquitanico
1075 2862 1148 2927 sinu
1176 2881 1235 2946 per
1258 2861 1356 2927 Ocea-

182 2990 259 3035 uum
282 2970 421 3036 incautis
443 2971 592 3038 hostibus
621 2971 788 3037 admoueri
817 2972 955 3037 classem
985 2978 1082 3057 atque
1104 2972 1222 3056 exponi
1244 2973 1356 3057 copias

184 3080 282 3145 iubet.
326 3087 402 3145 tuuc
434 3081 562 3146 ‹leruum
586 3080 741 3147 Cantabri
774 3081 834 3148 sub
868 3082 1035 3148 moenibus
1057 3082 1184 3146 Atticae
1214 3082 1356 3147 maximo

183 3189 348 3271 congressi
372 3189 456 3253 bello
480 3200 512 3255 et
533 3192 609 3255 uicti
631 3193 666 3256 irr
687 3192 839 3256 Vimriuru
861 3198 1000 3256 orontem
1023 3199 1139 3256 natura
1160 3190 1354 3257 tutissimum

183 3299 403 3381 confugerunt,
428 3282 482 3364 ubi
505 3301 684 3368 obsidionis
706 3303 790 3367 lame
805 3301 848 3366 ad
863 3308 1039 3367 extremum
1055 3321 1160 3386 poeno
1175 3301 1356 3386 consumpti

184 3413 268 3473 suut.
314 3409 488 3474 Traeilium
512 3410 630 3478 deinde
653 3411 806 3498 oppidum
828 3431 948 3495 magna
976 3412 1008 3476 ui
1031 3430 1069 3476 ae
1091 3411 1147 3476 diu
1169 3430 1356 3497 repugnans

183 3526 343 3600 postremo
366 3527 493 3604 captum
516 3541 555 3586 ae
577 3521 715 3587 dirutum
740 3529 797 3588 ost.

185 3674 422 3683 ——-

183 3776 323 3816 martorum
340 3764 461 3832 ungentes
476 3765 585 3834 copruil
601 3765 719 3833 cecidit·
740 3765 810 3832 ipsos
830 3779 937 3833 quoque
963 3764 1037 3817 trani
1061 3764 1159 3817 alutam
1183 3776 1226 3819 tra
1244 3764 1273 3816 iu
1289 3771 1356 3828 ras.)

183 3850 303 3918 fluiurum
322 3856 453 3911 lubmourt
470 3873 551 3914 tcorr.
570 3859 599 3912 ia
618 3859 740 3923 mmourtr
760 3882 766 3894 ·
783 3874 829 3927 qm
854 3874 882 3911 m
900 3857 1043 3911 barbarreo
1062 3856 1140 3923 longe
1154 3859 1158 3921 l
1173 3857 1246 3910 ultra
1262 3873 1355 3911 renum

184 3946 244 4000 eit·
266 3948 325 4003 lIoc
348 3956 438 4004 tamen
463 3951 561 4005 bellum
576 3952 644 4020 {per
661 3951 768 4005 drusum
791 3956 877 4015 (corr.
895 3952 924 4005 ia
947 3950 1080 4013 drutrum)
1104 3965 1256 4018 priuignum
1281 3950 1356 4004 luum

184 4014 400 4122 apdmrmltrelurt
426 4045 492 4097 ireut
519 4059 568 4112 per
591 4044 724 4113 tyberium
749 4060 901 4113 priuignum
924 4043 1037 4097 alterum
1053 4045 1057 4103 l
1072 4057 1254 4111 pannonicum
1273 4069 1278 4080 ·
1295 4043 1355 4112 Quo

183 4137 252 4191 bello
272 4151 337 4191 ccco
355 4143 523 4204 captiuorum
534 4140 543 4205 tl
557 4137 629 4191 mrlra
652 4152 685 4191 ox
708 4152 843 4206 germania
867 4137 1016 4189 transtulit·
1036 4136 1061 4189 dt
1078 4138 1159 4205 supra
1173 4139 1177 4201 Ι
1193 4152 1280 4206 rupem
1292 4138 1350 4191 reni

185 4244 214 4281 ru
232 4229 311 4295 gallia
328 4228 527 4282 collocanti-B
616 4236 727 4284 lunum
745 4246 796 4282 om.
815 4227 842 4283 D
901 4228 1078 4297 pontumal)
1170 4232 1302 4298 leuauq.
1324 4229 1356 4283 bt

184 4320 319 4374 orbcmD
369 4322 435 4375 estet
451 4322 547 4378 onai)
618 4328 649 4377 to
665 4323 809 4386 tricesimo]
827 4324 996 4378 ureesrmoD
1076 4326 1104 4375 tt
1123 4327 1216 4376 actutu
1235 4323 1270 4376 θ’
1325 4327 1355 4377 16

182 4411 336 4480 gallecrol)
388 4413 484 4480 qual)
552 4420 583 4469 tt
601 4416 729 4470 meaustrt
744 4415 771 4469 I)
821 4432 967 4472 ammouerr
984 4416 1010 4470 Ι)
1078 4416 1294 4471 tenemento
