3142 5056
293 343 355 406 644
695 357 805 404 runnu
827 355 1067 404 csrrurnonvrs

327 511 356 560 lt
391 502 482 560 Attila
504 506 665 560 Hunnorum
689 521 739 561 rex
765 503 852 559 Thra·
938 509 962 558 6.
981 507 1039 557 ts
1074 499 1102 556 A
1128 501 1181 555 'ae
1205 507 1333 556 cruentus
1361 500 1393 554 in
1423 501 1480 555 Ita·

292 599 349 654 cias
367 605 394 652 et
410 599 546 670 Blyricum
569 599 688 652 saeuiter
704 603 853 668 peruastut
903 598 967 654 lium
992 595 1103 650 reditus.
1138 595 1261 665 Aquileia
1286 593 1390 649 Ticino
1418 594 1480 649 hde-
1555 629 1556 682 3

291 691 438 747 Theodosii
463 691 499 747 ad
528 707 589 746 eum
615 691 721 760 legatio.
765 697 855 745 terrae
904 691 1012 746 dioluno
1030 688 1134 743 euersis
1157 689 1272 757 aliisque
1289 687 1360 742 locis
1380 694 1479 742 uasta·
1555 719 1556 728 κ

290 791 379 840 motus
396 785 487 854 grauis
504 785 615 840 Bomae.
904 785 940 840 tis
964 783 1079 838 Romam
1102 781 1197 836 tendit.
1232 795 1312 850 quem
1333 779 1480 835 accedens

327 881 358 931 18
391 877 517 932 Britanni
534 878 632 932 iterum
650 876 794 932 Scotorum
809 875 854 929 Pi·
904 877 962 931 Leo
979 891 1053 946 papa
1068 875 1175 929 auertit

292 977 449 1039 uterumque
464 970 665 1025 incursionibus
673 969 760 1039 pressi
774 967 854 1023 aRo-
940 974 956 1024 9
991 969 1092 1023 Attilae
1108 968 1199 1022 abitus
1216 973 1243 1021 et
1259 967 1396 1021 interitus.

292 1063 380 1118 munis
405 1062 508 1118 auxilia
532 1067 644 1132 petunt,
672 1061 720 1117 scd
743 1061 854 1116 frustra.
943 1067 973 1116 10
1008 1061 1141 1116 Marciani
1158 1061 1281 1114 uirtutes¹

291 1154 364 1211 Picti
381 1160 485 1223 partem
502 1153 608 1210 insulae
617 1155 743 1208 obtinent
759 1154 788 1207 in
802 1167 857 1223 qua
943 1161 971 1208 tl
1009 1153 1096 1209 resin
1114 1153 1386 1221 Brittannisgestae.

292 1247 451 1302 habitauerc
478 1246 617 1302 hactenns.
658 1245 783 1302 Britanni
806 1261 856 1300 suo
943 1253 974 1302 tl
1010 1246 1214 1302 Valentinianus
1231 1246 1310 1299 Aetio
1329 1253 1358 1300 et
1376 1245 1479 1302 Boetio

293 1339 345 1394 sibi
363 1340 445 1394 exitio
462 1339 568 1410 Anglos
587 1338 741 1394 defensores
763 1353 854 1394 accer-
905 1341 1053 1396 interiectis
1070 1340 1129 1409 ipsc
1146 1338 1287 1394 confossus
1305 1345 1356 1393 est.

292 1438 373 1497 sunt,
400 1433 447 1502 qui
473 1433 576 1502 recepti
606 1431 715 1488 tandem
739 1431 856 1486 insulam
943 1439 973 1488 13
1009 1440 1116 1488 creatur
1149 1433 1295 1501 imperator
1324 1431 1478 1487 Maximus.

293 1539 379 1596 prope
396 1525 550 1580 uniuersum
569 1525 741 1594 subegerunt.
907 1527 1035 1582 eiinuita
1052 1527 1144 1580 iuncta
1171 1525 1253 1579 uidua
1270 1523 1399 1578 Eudoxio
1419 1529 1479 1580 Au·
1555 1549 1556 1604 ]

330 1621 360 1672 49
395 1618 544 1674 Theodosii
577 1617 748 1688 imperatoris
774 1631 854 1671 mors.
905 1627 985 1690 gusta
1008 1619 1184 1674 densericum
1213 1617 1247 1672 ad
1264 1617 1356 1671 mariti
1384 1618 1479 1672 mndi-
1555 1623 1556 1636 ¹

293 1710 352 1766 eius
370 1711 520 1781 sapientie,
537 1710 674 1780 religionis
692 1709 810 1765 studium
829 1715 856 1762 et
907 1720 978 1769 ctam
995 1713 1100 1766 inuitat.
1125 1711 1237 1766 Maximi
1256 1711 1390 1764 interitus.
1420 1711 1479 1767 Ro-

293 1805 392 1874 peritia
408 1804 508 1859 eximia
533 1805 561 1858 in
589 1804 688 1858 diuinis
705 1802 854 1872 scripturis.
906 1822 950 1861 ma
968 1823 984 1859 a
1001 1805 1147 1860 Genserico
1166 1811 1262 1873 capta,
1287 1803 1335 1857 sed
1354 1820 1479 1859 occursu

292 1896 426 1966 patientia
441 1897 528 1967 ipsius
546 1903 573 1951 et
589 1895 739 1952 clementia.
907 1900 1006 1954 Leonis
1023 1912 1111 1968 papae
1135 1897 1169 1951 ab
1187 1896 1310 1950 incendio
1334 1903 1364 1950 et
1382 1898 1478 1952 caedi·

327 1992 360 2044 20
379 1993 409 2044 21
438 1988 517 2058 plura
534 1988 567 2044 dc
584 1989 642 2045 eius
661 1989 802 2044 clementia
830 1993 857 2042 ct
906 1994 958 2047 bus
975 1991 1098 2045 immunis
1116 1997 1232 2044 seruata.

294 2081 403 2152 pictate.
945 2089 983 2139 rt.
1013 2089 1050 2138 15.
1080 2088 1111 2138 16
1146 2097 1212 2150 opes
1237 2087 1328 2134 nmen
1365 2083 1481 2138 ahiatas

328 2178 361 2228 22
396 2173 599 2229 uitiaeiusdenu
617 2173 855 2229 Pulcheria‘lheo·
908 2177 1085 2246 Eudoxisqne
1108 2191 1169 2230 cum
1192 2175 1336 2230 innumeris
1356 2179 1482 2246 captiuis

296 2266 366 2322 dosii
382 2282 460 2321 soror
478 2265 610 2321 accersito
628 2267 768 2321 Marciano
796 2281 857 2320 eum
908 2270 1026 2326 abducta
1059 2269 1087 2323 in
1110 2267 1239 2322 Africam.
1275 2267 1379 2324 Auitus
1415 2280 1483 2340 post

294 2359 482 2430 imperatorem
499 2359 663 2428 pronuntiat.
908 2363 1056 2418 Maximum
1079 2361 1192 2430 suscipit
1220 2362 1365 2431 imperium
1393 2363 1483 2434 idque

907 2471 970 2511 mox
994 2455 1111 2524 deponit.
1147 2454 1279 2508 Marciani
1302 2455 1484 2524 imperatoris

552 2555 612 2620 XV
780 2619 783 2624 Δ
908 2549 997 2604 obitus

332 2728 858 2799 illarciunusimperatorliXXXVIII.
1156 2652 1188 2715 λ
1217 2652 1233 2715 I

296 2823 502 2878 Valentinianus
510 2824 587 2893 pacis
595 2823 705 2878 foedera
714 2838 775 2877 cum
785 2821 857 2876 Gen·
945 2833 956 2881 1
1002 2827 1058 2880 Leo
1101 2826 1245 2895 imperator
1280 2824 1484 2881 XXXXVIIII.

297 2917 382 2972 aerico
400 2915 503 2982 firmat,
521 2915 620 2970 Africa
641 2916 858 2984 interutrosque
908 2919 1075 2973 Maiorianus
1089 2918 1192 2973 Rornae
1209 2920 1356 2988 imperator
1374 2918 1485 2984 factus,

296 3010 393 3066 diuisa.
413 3009 575 3065 Gensericus
591 3008 858 3078 conspirationesuo·
908 3027 971 3066 mox
991 3011 1115 3066 Seuerus.

297 3119 357 3158 rum
383 3101 513 3157 aduersus
540 3117 569 3154 sc
604 3101 711 3154 detcma
742 3100 859 3155 saeuiter
943 3109 958 3158 2
986 3103 1102 3158 Seuerus
1121 3103 1239 3158 moritur.
1258 3102 1393 3157 miracula
1406 3103 1487 3160 Con·

298 3195 377 3250 nimis
394 3209 454 3250 eam
470 3192 610 3248 uindicare
628 3208 776 3262 aggressus.
909 3197 1158 3265 stantinopolitena.

331 3291 347 3342 2
381 3287 469 3342 Attila
491 3285 603 3340 fratrem
621 3301 698 3339 suum
722 3285 859 3340 interimit.
944 3295 958 3344 3
994 3289 1153 3343 Anthemius
1176 3289 1328 3358 imperator.
1373 3288 1487 3346 Gense·

299 3379 418 3436 eiusdem
458 3379 625 3434 occidentale
650 3379 791 3448 imperium
813 3377 859 3433 do·
910 3382 1001 3436 sichus
1020 3397 1036 3436 a
1053 3381 1184 3436 Basilisco
1202 3381 1299 3435 uictus.

299 3473 386 3528 moliri
404 3473 526 3544 parantis
544 3471 788 3540 exercitusingens.
810 3473 859 3525 At·
944 3479 960 3528 4
997 3473 1131 3528 discordia
1157 3473 1227 3528 inter
1244 3472 1428 3530 Anthemium
1460 3487 1486 3533 et

299 3566 364 3621 tilae
380 3565 468 3620 formu
485 3565 621 3634 ingenium
637 3565 765 3634 potentia.
909 3567 1075 3621 Ricimerem.
1111 3565 1229 3621 Olibrius
1247 3567 1404 3635 imperator.

332 3663 348 3713 3
375 3659 465 3714 Attila
482 3665 544 3714 astu
560 3673 616 3712 rem
624 3656 785 3726 aggreditur,
804 3655 859 3710 Go·
944 3665 960 3713 5
994 3659 1103 3712 Bilimer
1112 3659 1254 3713 Anthemio
1273 3673 1351 3728 opem
1372 3661 1488 3718 laturus

298 3753 407 3808 thorrrm
423 3751 532 3807 auxiliis
541 3751 679 3806 Bomauos
690 3750 800 3819 priuare
813 3764 859 3804 co·
911 3767 928 3806 a
953 3751 1087 3806 Ricimere
1121 3751 1209 3806 nictus
1236 3757 1263 3805 et
1290 3752 1401 3808 cccmus
1434 3765 1487 3812 est.

299 3851 388 3900 natus.
422 3845 470 3901 sed
496 3845 574 3899 dolus
591 3843 650 3898 eius
668 3842 860 3912 deprehensus,
911 3843 1028 3899 Ricimer
1044 3845 1191 3899 Anthemio
1215 3843 1357 3899 interfecto
1383 3851 1488 3905 morbo

300 3938 539 4006 Theudoricusque
548 3936 750 4004 visigothorum
767 3951 815 3989 rex
831 3937 861 3990 in
911 3938 1000 4008 periit.
1036 3937 1153 3992 Olibrius
1170 3938 1228 3992 nita
1245 3936 1411 4006 defungitur.

300 4031 437 4086 Romanas
454 4034 547 4100 partes
565 4035 726 4099 pertractus.
946 4036 962 4085 6
997 4031 1117 4085 Licerius
1143 4030 1288 4099 imperator
1322 4045 1339 4084 a
1370 4031 1489 4104 Nepote

333 4127 350 4178 4
384 4123 516 4192 proelium
539 4139 600 4177 cum
617 4122 707 4177 Attila
732 4121 860 4190 grauissi·
912 4123 1023 4192 imperio
1041 4123 1180 4192 spoliatur.

299 4233 381 4280 mum,
398 4215 633 4285 Romanorumque
643 4215 758 4270 uictoria
772 4221 800 4269 et
808 4214 862 4270 At·
947 4221 962 4268 'l
1006 4215 1188 4271 Theodericus
1223 4214 1321 4270 Strabo
1362 4216 1489 4276 Romam

299 4309 363 4366 tilae
379 4309 451 4379 lugu.
912 4307 1050 4377 proiectus
1067 4324 1132 4363 mox
1143 4305 1299 4377 regreditur.
1334 4309 1369 4364 de
1384 4311 1489 4369 Ostro-

335 4408 350 4457 5
385 4402 502 4458 Attilam
517 4399 617 4456 Aetius
635 4405 733 4456 seruat.
912 4401 999 4472 gothis
1017 4410 1045 4456 et
1060 4401 1215 4471 visigothis.
1249 4399 1306 4456 Leo
1324 4404 1456 4462 moritur.
