2834 5394
538 40 559 63 '¹'
597 52 614 77 ιι

509 661 582 709 cau.
605 662 824 710 xxv-xxvnr
1198 648 1260 710 503

88 812 241 878 trecentis
265 811 426 894 equitibus
448 813 538 878 uenit
559 812 601 878 ad
624 813 723 879 illum.
767 813 916 880 uidentes
945 817 1052 878 autem
1082 831 1154 878 oum
1175 812 1260 897 Aga·

90 922 159 986 reni
182 923 290 989 uestiti
311 922 420 988 loricis
444 923 511 989 suis
533 931 689 989 uenerunt
712 924 742 990 ei
764 923 893 989 obuiam
917 922 972 1007 qui
994 923 1148 989 manebat
1169 922 1260 988 dimi-

89 1033 143 1096 dio
165 1034 275 1118 procul
297 1053 318 1098 a
339 1033 454 1099 castris
477 1053 586 1099 eorum
609 1033 757 1099 miliario,

175 1143 236 1207 Per
257 1149 323 1208 tres
346 1161 425 1208 saue
446 1142 518 1209 dies
539 1163 577 1209 eo
599 1144 793 1228 procedente
808 1142 851 1209 ad
866 1144 972 1229 ipsum
987 1161 1070 1225 quae
1085 1140 1128 1208 ad
1143 1160 1256 1227 paoem
1282 1131 1415 1202 XXVII

58 1260 165 1317 esunt
192 1253 405 1336 loquebantur
434 1259 469 1318 ut
496 1273 516 1317 a
543 1253 674 1319 ciuitate
704 1252 900 1320 recederent.
945 1253 1047 1318 atilli
1069 1251 1260 1319 asserebant

91 1362 225 1447 ‘sponde
256 1383 367 1447 pacem
401 1370 434 1428 et
466 1363 662 1431 recedimus!
704 1371 867 1449 comperto
900 1382 976 1429 uero
1009 1368 1140 1448 praetor
1172 1359 1260 1446 quod

89 1474 210 1538 uellent
231 1492 303 1538 eum
326 1474 474 1555 retinere,
511 1474 639 1539 uocauit
665 1476 781 1540 multos
811 1494 853 1540 ex
880 1473 1059 1540 illustribus
1088 1469 1260 1539 Saracenis

89 1583 131 1646 ad
154 1601 276 1648 cenam.
322 1591 354 1648 et
375 1583 582 1651 uescentibus
605 1584 653 1650 eis
674 1584 763 1650 misit
784 1584 950 1651 Suleiman
979 1582 1042 1649 tria
1068 1583 1159 1648 milia
1186 1580 1260 1647 lori-

93 1700 235 1758 catorum
258 1694 301 1759 ad
323 1693 584 1759 circumdandum
608 1713 680 1758 eum
702 1713 744 1760 ne
765 1695 889 1778 fugeret
910 1701 943 1760 et
964 1691 1168 1760 seruandum.
1196 1710 1260 1776 quo

46 1814 75 1863 ιο
93 1802 239 1869 custodia
268 1805 395 1888 cognito
424 1805 585 1870 nuntiauit
612 1805 689 1889 quia
717 1803 886 1871 multitudo
909 1804 1106 1889 equestrium
1130 1801 1280 1869 Sarnos
1357 1782 1388 1808 '⁸

92 1934 205 1978 norum
237 1914 272 1980 in
304 1915 435 1980 circuito
466 1920 575 1981 nostro
608 1920 681 1980 stat.
726 1916 860 1981 ueniens
892 1920 999 1980 autem
1032 1934 1116 1980 unus
1143 1931 1184 1978 ex
1212 1911 1260 1977 eis

91 2043 191 2107 eques
213 2025 342 2090 nomine
363 2025 481 2090 Zubeir
506 2025 540 2089 in
563 2026 748 2108 praeseutia
777 2025 864 2091 stetit
886 2024 998 2091 dicens
1027 2023 1158 2106 ‘seruus
1180 2020 1262 2106 rugit

91 2133 214 2201 iuratus
250 2135 404 2220 pecunias
441 2135 557 2200 multas
588 2143 619 2198 et
651 2142 784 2219 propter
816 2134 906 2201 illum
939 2133 1030 2218 equis
1063 2130 1261 2201 insedimus!

90 2265 185 2326 porro
208 2245 351 2330 ipsorum
374 2246 485 2329 agnita
506 2252 636 2329 praetor
658 2243 847 2329 deceptione
870 2244 951 2309 dixit
972 2242 1015 2309 ad
1037 2263 1094 2310 eos
1123 2242 1174 2309 ‘ne
1195 2248 1262 2307 tur·

46 2370 74 2418 15
90 2356 220 2434 bennui,
242 2377 317 2422 nam
347 2375 546 2440 quocumque
568 2356 747 2440 perrexerit
767 2355 802 2420 in
823 2355 939 2421 castris
961 2352 1079 2421 nostris
1102 2351 1262 2438 repperie-

90 2457 161 2534 mus
184 2467 275 2532 eum!
318 2467 464 2532 tristatus
496 2472 602 2531 autern
631 2466 732 2530 uoluit
754 2465 875 2530 occulte
896 2484 954 2550 per
982 2463 1144 2529 hominem
1168 2482 1261 2529 suum

89 2579 291 2642 innotescere
313 2576 365 2642 his
387 2576 441 2659 qui
464 2576 587 2641 Amorii
609 2583 701 2641 erant
723 2575 835 2641 dicens
858 2575 977 2640 ‘timete
999 2573 1104 2655 deum,
1126 2591 1168 2639 ne
1190 2592 1263 2639 uos·

90 2693 155 2751 met
182 2687 271 2769 ipsos
308 2685 462 2770 prodatis.
522 2705 596 2751 ecce
624 2686 710 2749 enim
739 2692 770 2748 et
797 2685 973 2750 Masalmas
1004 2682 1261 2768 appropinquat!

91 2803 123 2860 et
145 2796 222 2860 exiit
244 2796 341 2860 etiam
364 2795 535 2879 episcopus
558 2794 600 2859 ad
623 2814 696 2860 eum
719 2801 751 2858 et
773 2791 885 2858 eadem
910 2793 983 2878 ipsa
1005 2793 1083 2858 dicit
1105 2793 1144 2856 ei.
1190 2811 1261 2856 curn

39 2923 73 2972 ro
91 2926 168 2969 noro
191 2905 355 2970 Suleiman
378 2903 546 2969 didicisset
568 2902 654 2986 quod
676 2903 798 2969 exisset
820 2901 861 2966 ad
885 2922 957 2967 eum
980 2902 1163 2985 episcopus,
1193 2900 1262 2965 mit-

90 3018 128 3081 tit
150 3016 193 3080 ad
216 3020 396 3100 praetorem
418 3012 563 3079 dicentes
585 3011 753 3078 ‘danobis
775 3011 981 3097 episcopum!

176 3127 237 3204 Qui
260 3130 403 3190 maestus
425 3124 528 3189 factus
551 3121 719 3188 abscondit
741 3142 814 3188 eum
837 3120 963 3186 cuidam
985 3120 1149 3186 hominum
1173 3139 1246 3185 suo·
1269 3116 1336 3184 XX
1377 3123 1417 3180 ΙΙΙ

92 3259 160 3301 rum
182 3237 386 3321 praecipiens
411 3234 521 3299 ‘nobis’
551 3233 655 3317 inquit
687 3230 952 3316 ‘colloquentibus
974 3230 1072 3296 indue
1094 3230 1168 3296 aliis
1191 3249 1264 3294 eum

91 3349 182 3414 stolis
197 3353 230 3413 et
244 3348 338 3430 quasi
352 3351 484 3430 propter
499 3345 589 3427 ligne
602 3343 655 3407 uel
671 3362 789 3425 aquam
812 3342 945 3408 missum
970 3342 1040 3408 sine
1061 3347 1096 3405 ut
1118 3338 1217 3405 uadat
1230 3338 1265 3403 in

43 3471 74 3521 25
93 3459 235 3524 montes!
257 3455 481 3522 insistentibus
497 3460 603 3519 autem
618 3473 677 3538 pro
694 3453 849 3538 episcopo
857 3452 1031 3518 Saracenis
1047 3449 1125 3515 dicit
1135 3455 1266 3533 praetor

92 3570 166 3633 ‘non
189 3574 237 3633 est
259 3567 320 3649 hic,
344 3586 455 3631 uerum
478 3570 587 3629 tamen
609 3563 734 3648 pergite
757 3561 800 3628 ad
816 3562 959 3627 Amiram
980 3567 1012 3626 et
1026 3559 1121 3626 uenio
1144 3558 1266 3638 etipse

92 3678 185 3743 etde
208 3677 331 3743 cunctis
352 3675 537 3758 loquemur.’
580 3674 646 3760 ipsi
669 3681 776 3739 autem
800 3672 979 3756 cogitantes
1007 3669 1092 3755 quod
1115 3690 1186 3735 cum
1214 3668 1266 3733 in-

95 3790 225 3854 troisset
246 3785 289 3850 ad
304 3787 448 3851 dmiram
470 3785 504 3849 in
527 3783 633 3850 medio
656 3784 798 3869 ipsorum
821 3783 998 3848 retinerent
1018 3799 1090 3844 eum
1113 3779 1199 3844 huno
1221 3777 1267 3843 di·

97 3900 261 3964 miserunt.
307 3895 416 3959 atille
438 3913 509 3958 cum
531 3913 614 3977 equo
637 3893 819 3971 insedisset,
841 3891 1042 3975 proiecturus
1065 3908 1136 3952 cum
1151 3888 1268 3952 ducen-

49 4022 79 4070 :lo
97 4010 139 4075 tis
162 4005 345 4071 hominibus
368 4004 461 4088 quasi
490 4012 665 4070 uenaturus
693 4002 782 4068 dedit
810 4020 845 4067 se
874 4001 908 4065 in
937 4007 1061 4084 partem
1091 3997 1266 4063 sinistram.

99 4117 253 4184 Saraceni
276 4135 352 4198 orgo
375 4114 429 4198 qui
451 4120 544 4180 erant
566 4133 636 4178 curn
660 4132 698 4177 eo
728 4112 838 4177 dicunt
864 4110 912 4174 illi
942 4108 1014 4192 ‘quo
1037 4105 1168 4173 uadis‘l'
1212 4107 1268 4190 qui

98 4232 144 4295 ait
166 4229 208 4294 ‘in
232 4227 335 4314 pratis
358 4226 431 4291 uolo
460 4223 609 4289 manere?
652 4230 686 4288 at
713 4223 761 4287 illi
790 4219 942 4287 dixerunt
970 4216 1148 4283 ‘consilium
1177 4223 1267 4281 tuum

160 4521 228 4579 est
246 4509 443 4579 descendeut1b3
462 4508 489 4564 1)
577 4514 606 4562 10
625 4506 841 4561 mulbtudrneD
920 4510 948 4558 ll
969 4489 1012 4558 nir
1030 4504 1057 4559 Ι)
1129 4506 1159 4556 ll
1176 4505 1268 4570 agunta

94 4609 222 4662 ledutrone
239 4603 374 4678 pretorD
447 4609 476 4658 lu
494 4602 591 4669 uoluit]
610 4600 743 4671 poturtD
820 4602 850 4652 18
869 4597 1014 4651 masalman
1032 4594 1059 4650 D
1135 4597 1168 4648 20
1186 4594 1267 4648 sulen-

96 4703 199 4755 menl)
284 4704 314 4753 21
336 4698 370 4752 da
388 4697 467 4752 uobrl
484 4696 604 4751 ducentes
619 4694 646 4750 Ι)
748 4698 780 4747 26
800 4689 952 4746 amemrrl)
1046 4692 1077 4742 27
1097 4686 1216 4742 innon&
1233 4686 1269 4742 ad

92 4809 202 4847 ameran
221 4791 255 4846 ·1)
324 4798 356 4846 30
375 4791 401 4846 ie
419 4808 469 4847 om.
488 4789 515 4845 Ι)
