2834 5394
554 655 628 703 can.
652 656 725 702 1-11
1165 646 1223 706 107

145 806 193 874 ffis
212 805 414 891 temporibus
428 805 570 885 Quintus
584 806 707 873 Fabius
722 807 883 873 Maximus
906 808 1006 873 fillum
1031 829 1124 875 suum
1146 809 1223 875 adu·

93 918 220 983 uanam
242 937 299 983 rus
319 917 499 1000 relegatum
521 935 594 981 cum
616 915 742 984 duobus
765 918 869 983 seruis
885 918 1051 1002 parricidii
1066 919 1222 986 ministris

91 1026 208 1093 interfecit
227 1027 383 1111 ipsosque
413 1025 565 1091 continuo
595 1044 706 1092 seruos
734 1027 768 1090 in
798 1027 935 1111 pretium
965 1029 1097 1095 sceleris
1127 1050 1223 1094 manu

90 1137 153 1203 uisit.
189 1135 244 1203 die
266 1135 356 1202 dicta
376 1133 490 1201 Gnaeo
512 1136 666 1219 Pompeio
688 1143 862 1202 accusante
883 1135 1056 1204 damnatus
1079 1146 1138 1205 est.

69 1258 80 1309 t
141 1243 252 1330 Igitur)
274 1245 397 1312 Marius
418 1252 493 1330 post
515 1245 684 1310 uictoriam
700 1246 922 1328 Iugurthinam
946 1247 1088 1313 secundo
1110 1249 1223 1315 consul
1244 1250 1277 1316 11

88 1356 222 1423 uacus
244 1355 431 1440 bellumque
453 1355 482 1420 ei
505 1360 616 1420 contra
639 1353 786 1422 Cimbros
815 1363 847 1421 et
868 1359 1032 1423 Teutones
1061 1357 1224 1423 decretum

86 1472 123 1529 ut
154 1465 245 1531 tertio
266 1484 394 1550 quoque
422 1465 454 1531 ei
484 1471 516 1529 et
542 1471 656 1549 quarto
686 1466 812 1531 delatus
836 1473 885 1531 est
912 1468 1113 1549 consulatus,
1147 1468 1225 1551 quia

85 1573 169 1639 ulum
188 1573 386 1639 Cimbricum
406 1573 663 1659 protrahebatur.
710 1574 767 1641 sed
796 1575 829 1639 in
852 1582 998 1658 quartum
1021 1578 1223 1643 consulatum

84 1684 203 1768 allegam
232 1682 346 1749 habuit
374 1683 528 1760 Quintum
556 1684 718 1749 Lutatium
749 1684 898 1749 Catulum
934 1681 989 1766 <et
1024 1705 1095 1750 cum
1133 1687 1224 1775 iuata

56 1792 162 1860 uberae
180 1792 394 1876 Rhodanique
415 1792 564 1875 flumina,
594 1793 649 1858 ubi
679 1794 713 1858 in
741 1813 815 1860 sese
838 1793 1017 1871 confluunt,
1041 1802 1148 1860 castra
1169 1817 1224 1879 po-

83 1903 187 1986 uisset,
216 1905 380 1970 Teutones
408 1901 530 1968 Cimbri
559 1910 591 1969 et
618 1903 766 1986 Tigurini
794 1910 826 1968 ct
847 1903 1026 1968 Ambroues
1054 1910 1224 1988 postquam

82 2015 198 2079 undnuo
226 2013 334 2079 triduo
375 2013 461 2078 circa
495 2014 712 2078 Romanorum
749 2020 857 2079 eastra
892 2020 1092 2097 pugnarunt,
1131 2014 1224 2096 siquo

82 2128 148 2203 ueto
165 2142 220 2189 eos
241 2129 428 2189 excuterent
449 2122 536 2187 uallo
558 2130 655 2206 atque
677 2123 711 2188 in
734 2142 855 2208 aequor
877 2122 1097 2206 effunderent,
1121 2122 1225 2190 tribus

81 2232 232 2313 quinium
253 2233 382 2298 Italiam
404 2240 515 2317 petere
536 2231 749 2300 destinarunt.
792 2232 914 2298 ltlarius
943 2242 1016 2317 post
1042 2231 1225 2316 digressum

53 2336 188 2406 closum
209 2350 317 2409 eastra
338 2342 437 2406 mouit
458 2349 490 2407 et
512 2342 625 2407 collem
645 2343 824 2427 occupauit,
849 2343 902 2426 qui
925 2361 1039 2426 canipa
1062 2350 1093 2407 et
1115 2342 1223 2425 fluuio,

79 2447 116 2515 ubi
133 2450 237 2519 hostes
259 2471 333 2518 sese
354 2451 558 2534 diffuderant,
582 2451 781 2518 imminebat.
818 2472 953 2536 cumque
976 2452 1131 2518 exercitui
1153 2453 1224 2520 eius

76 2576 139 2643 equa
165 2561 208 2627 ad
236 2561 413 2647 potandum
440 2561 569 2628 deesset
590 2563 793 2646 querelisque
822 2563 963 2626 omnium
987 2571 1222 2645 coargueretur,

74 2686 166 2752 squam
186 2671 317 2756 quidem
339 2673 374 2737 in
395 2678 569 2756 conspectu
590 2690 663 2738 esse
686 2671 853 2755 respondit
875 2671 933 2738 sed
955 2691 1026 2737 cam
1050 2672 1133 2738 terro
1156 2671 1224 2735 uin·

72 2776 229 2846 dicandam.
274 2781 386 2864 primis
414 2781 523 2864 itaque
550 2781 719 2847 calonibus
748 2801 819 2846 cum
847 2783 986 2846 clamore
1018 2783 1052 2845 in
1080 2800 1224 2865 pungnam

39 2890 215 2957 nautibus
236 2890 427 2957 subsecutus
450 2891 618 2969 exercitus,
641 2912 716 2957 mox
738 2891 822 2956 iusto
845 2891 1020 2955 certamine
1039 2890 1225 2974 corrrpositis

68 2998 214 3067 ordinibus
236 3000 357 3065 bellum
378 3007 504 3084 gestum
528 3007 559 3066 et
582 3001 687 3065 uicere
708 3001 856 3065 Romani.
902 3008 1015 3084 quarto
1038 2999 1091 3065 die
1114 3019 1225 3065 rursus

65 3109 223 3192 productae
245 3110 405 3193 utrimque
426 3111 461 3175 in
483 3129 630 3195 campum
654 3110 742 3176 acies
764 3130 865 3193 usque
881 3109 923 3174 ad
939 3110 1105 3176 meridiem
1120 3129 1226 3194 paene

64 3219 123 3302 puri
151 3238 339 3304 pugnauere
361 3219 557 3286 discrimine.
600 3228 674 3304 post
709 3220 764 3284 uhi
793 3220 1007 3287 incalescente
1038 3221 1105 3287 solc
1138 3219 1227 3284 fluxa

63 3326 217 3394 Gallorum
232 3348 367 3414 corpora
389 3329 422 3394 in
436 3328 565 3394 modum
580 3329 704 3394 niuium
720 3329 902 3411 tabuerunt,
926 3330 1077 3413 usquein
1099 3335 1226 3393 noctem

24 3438 168 3505 accedes
190 3439 298 3524 potius
321 3459 418 3523 quam
440 3459 549 3524 pugna
571 3447 733 3523 protracta
755 3446 814 3504 est.
852 3438 989 3505 ducenta
1011 3439 1103 3504 milia
1124 3458 1227 3504 arma·

58 3554 153 3614 torum
174 3548 343 3614 Gallorum
376 3548 411 3612 in
440 3567 479 3614 eo
510 3549 595 3615 bello
629 3550 797 3614 interiecta
825 3558 914 3631 sunt,
945 3551 1107 3633 octoginta
1137 3548 1228 3613 milia

55 3666 160 3744 capta,
190 3659 246 3724 uix
274 3658 337 3722 tria
357 3658 449 3723 milia
480 3659 602 3742 fugisse
630 3660 819 3724 referuntur.
864 3659 930 3724 dux
961 3679 1088 3744 quoque
1117 3678 1228 3723 eorum

53 3767 259 3835 Teutobodus
292 3769 418 3835 occisus
446 3777 504 3834 est.
548 3769 700 3835 mulieres
729 3789 837 3834 eorum
874 3770 1091 3835 constantiore
1118 3769 1227 3831 animo

118 3948 130 3996 l
156 3942 355 3997 adolescentem
382 3942 406 3997 D
508 3947 523 3996 2
547 3958 610 3997 rure
633 3943 721 4011 legatia
748 3941 810 4003 BP.
837 3960 885 3996 erra.
913 3959 951 3997 cx
970 3942 1066 3997 Oresio
1095 3940 1229 3994 Gruterus

50 4036 209 4106 dcymbrol
225 4035 279 4090 BD
362 4035 530 4105 chmbner'r
549 4036 601 4091 BD
680 4036 843 4090 ulutacrum
863 4035 889 4089 B
958 4032 1170 4099 91-105,22<>
1192 4031 1230 4085 D:

51 4134 56 4195 Ι
73 4128 142 4183 Crun
159 4127 278 4198 cymbris
291 4133 383 4197 itaque
400 4127 520 4183 conthxrt
531 4129 569 4182 du
587 4129 639 4183 duro
656 4130 660 4197 Ι
675 4129 726 4182 bus
741 4129 842 4198 prqlnl·
861 4122 895 4184 ἴα
913 4128 1026 4182 hostium
1046 4124 1141 4179 cecidit
1158 4125 1228 4179 iffi

50 4222 165 4292 {coepit
183 4221 231 4275 ·dc
254 4221 352 4276 ducem
378 4236 470 4276 eorum
494 4222 679 4276 teutomodum
694 4223 698 4291 Ι
713 4222 751 4293 p‘p
775 4221 847 4291 quod
870 4229 993 4275 meritum
1019 4219 1114 4272 ablenl
1137 4217 1229 4271 conlul

50 4317 88 4370 et't
111 4330 115 4373 ι
139 4316 237 4369 factus.
273 4315 380 4369 Interea
405 4315 506 4384 cymbn
531 4315 556 4369 u
580 4317 721 4382 teutonell
746 4331 860 4385 quorum
891 4328 969 4382 copia
1002 4312 1089 4366 adhue
1121 4309 1228 4363 infinita

47 4416 119 4464 erut·
146 4407 202 4475 lad
218 4407 322 4463 rtaham
339 4409 501 4463 transierunt
512 4434 517 4444 ·
527 4410 626 4464 Iterum
644 4424 661 4462 a
677 4423 737 4476 garo
754 4414 758 4476 1
773 4422 857 4461 marro
876 4407 1007 4475 &quinto
1027 4404 1116 4458 catulo
1136 4408 1230 4457 contra

47 4503 93 4556 eol
107 4501 173 4555 drnn
188 4501 193 4571 Ι
208 4507 301 4555 catum
318 4502 369 4554 elt·
392 4502 402 4570 l
416 4501 469 4556 Sed
487 4502 569 4558 catuli
586 4509 664 4571 parte
682 4501 797 4554 felicius·
820 4515 882 4553 nam
900 4499 1030 4567 proelium
1045 4500 1048 4565 l
1065 4496 1137 4565 quod
1156 4495 1231 4552 timul

47 4594 127 4648 ambo
143 4594 355 4664 gesserunt·ch
374 4600 421 4648 aut
436 4600 440 4653 l
455 4611 484 4649 1n
501 4611 591 4664 pugna
609 4601 656 4648 aut
673 4611 700 4648 m
718 4593 783 4662 luga
800 4593 861 4661 cqla
881 4592 941 4646 sunt
956 4593 990 4646 la
1007 4597 1087 4660 capta
1102 4595 1106 4660 Ι
1122 4590 1149 4645 Β
1197 4595 1229 4644 10

48 4685 180 4742 mearez>
253 4691 283 4740 l'l
302 4686 464 4743 deellentl)
549 4703 580 4742 eo
608 4686 808 4756 arguereturll
895 4685 1087 4754 lupanari)
1157 4685 1229 4739 cald-

52 4780 130 4835 mbul
146 4779 173 4836 D
242 4784 275 4836 22
294 4795 382 4850 poene
400 4779 426 4835 D
495 4784 528 4836 28
547 4781 740 4837 constantlorel
757 4779 790 4833 D‘
