2834 5394
187 277 249 341 sss
670 292 764 339 maru
784 292 873 339 xum

185 450 222 510 ut
241 462 302 511 nec
323 444 473 510 iniuriam
496 444 645 528 cuiquam
668 444 800 509 inferret
820 443 943 509 bomini
965 462 1024 509 nec
1045 444 1079 508 in
1096 444 1163 509 foro
1179 462 1361 528 quosquam

186 556 339 622 obserare
361 553 490 620 domum
513 555 712 638 contingeret
734 555 792 620 sed
815 560 959 620 ementes
974 554 1093 619 milites
1109 552 1361 619 manducabant.

185 684 242 733 eos
271 685 348 731 uero
376 665 543 731 Vandalus
572 664 626 749 qui
656 664 699 729 ad
728 684 820 730 sacra
848 664 1067 747 confugerant,
1104 665 1170 729 fide
1199 665 1360 748 praestita

185 775 352 843 educebat.
398 796 560 839 murorum
582 781 689 840 autem
712 775 854 840 ciuitatis
877 774 1078 859 diligentiam
1095 774 1271 840 exhibebat
1286 793 1360 838 oum

186 893 283 952 antea
309 887 517 970 neglegentia
544 893 683 951 ruerent.
734 905 830 969 porro
859 885 1011 950 dicebant
1038 893 1070 951 et
1097 892 1191 951 uetus
1220 885 1392 950 uerbumt

185 995 384 1079 Carthagine
406 995 524 1060 dictum
547 995 699 1061 uidelicet
714 993 862 1060 ‘Gamma
884 996 1138 1080 persequebatur
1159 995 1250 1077 Beta,
1270 1015 1357 1060 nunc

183 1106 265 1170 Beta
279 1104 435 1170 Gamma'
472 1105 558 1190 quod
580 1105 707 1180 uidetur
729 1125 803 1172 esse
825 1106 1010 1189 perlectum.
1054 1107 1144 1190 prius
1167 1106 1253 1171 enim
1270 1104 1360 1170 Gen·

184 1214 330 1282 seriebus
352 1216 552 1280 Bonilacium
575 1217 739 1282 insecutus
767 1223 825 1294 est,
863 1235 948 1280 nunc
977 1236 1054 1281 uero
1077 1216 1248 1281 Bilisarius
1270 1214 1358 1280 Geli·

182 1344 311 1391 merem.

99 1425 181 1492 VIII
268 1435 442 1501 Praeterea
469 1444 515 1501 tot
542 1437 697 1520 pecunias
727 1434 895 1500 multitudo
924 1437 1067 1519 repperit
1097 1443 1173 1520 quot
1201 1436 1234 1501 in
1266 1436 1358 1501 nullo
1377 1440 1408 1490 ¹⁰

183 1546 253 1610 loeo
275 1565 427 1630 umquam
456 1565 529 1613 esse
558 1548 744 1629 contigerat.
788 1544 929 1630 denique
950 1547 1166 1610 Romanorum
1196 1546 1359 1631 principa-

181 1665 249 1722 tum
279 1655 523 1741 depopulantes,
561 1657 716 1741 pecunias
744 1657 862 1722 multas
891 1657 924 1721 in
946 1657 1084 1736 Libyam
1112 1655 1357 1722 transtulerunt.

183 1773 215 1831 et
236 1784 308 1830 eum
330 1767 404 1850 ipsa
426 1767 516 1849 regio
539 1767 661 1850 optima
682 1774 714 1831 et
736 1766 874 1832 fecunda
889 1773 984 1842 esset,
1008 1766 1217 1851 pecuniarum
1232 1765 1356 1832 reditus

182 1877 230 1943 eis
262 1877 368 1942 effecti
401 1884 476 1943 sunt
507 1878 607 1942 multi.
657 1878 835 1961 nonaginta
867 1878 987 1962 quippo
1021 1886 1053 1941 et
1085 1878 1228 1960 quinque
1260 1876 1358 1942 annis

181 1985 322 2052 Vandali
344 1986 482 2070 Libyam
503 1994 675 2052 tenuerunt
696 1994 728 2052 et
749 2006 820 2052 cum
843 1989 960 2054 multas
983 1987 1114 2053 diuitias
1137 1986 1356 2069 collegissent,
1374 1986 1403 2035 ¹⁵

182 2094 217 2159 in
238 2094 296 2159 illa
317 2094 371 2160 die
391 2096 425 2160 in
448 2098 662 2161 Romanorum
685 2117 801 2163 manns
823 2117 933 2163 omncs
956 2097 1090 2163 diuitiae
1113 2097 1287 2162 redierunt.
1321 2096 1357 2160 in

182 2203 285 2270 tribus
307 2205 391 2271 enim
416 2207 583 2273 mensibus
606 2225 678 2272 oum
700 2215 880 2291 pugnasset
893 2207 1065 2274 Bilisarius
1088 2206 1121 2271 id
1143 2214 1193 2273 est
1208 2226 1229 2270 a
1243 2206 1357 2271 haleu-

181 2313 233 2381 dis
248 2315 492 2401 Septembribus
514 2337 616 2401 usque
639 2317 681 2382 ad
703 2318 863 2384 kalendas
878 2318 1087 2384 Decembrias
1103 2324 1203 2382 totam
1217 2316 1355 2400 Libyam

181 2425 334 2493 subdidit.
378 2427 467 2492 misit
489 2435 596 2493 antem
618 2427 795 2493 Iohannem
817 2428 1005 2493 Armenium
1028 2447 1100 2492 cum
1122 2427 1270 2492 ducentis
1293 2427 1356 2491 ele

182 2537 242 2604 otis
264 2539 416 2623 persequi
439 2537 632 2604 Golimerem
655 2537 757 2603 donec
785 2557 857 2603 eum
880 2538 988 2603 uiuum
1011 2546 1068 2603 aut
1089 2546 1248 2602 mortuum
1271 2556 1353 2601 com·
1368 2541 1399 2591 2⁰

180 2647 403 2731 prehenderet.
462 2648 517 2732 qui
553 2667 794 2733 praeoccupans
831 2647 1024 2714 Gelimerem
1062 2648 1354 2732 comprehensums

180 2766 250 2821 erat
269 2757 334 2822 nisi
355 2777 408 2823 res
430 2758 618 2840 contigisset
640 2758 735 2824 huius
757 2758 853 2823 modi.
898 2758 1049 2824 Huliares
1078 2757 1208 2841 quidam
1227 2776 1280 2822 ex
1303 2757 1354 2820 Bi-

181 2866 285 2933 lisarii
308 2868 478 2951 armigeris
500 2874 569 2932 erut
591 2888 661 2932 eum
686 2867 831 2933 Iohanne
860 2870 914 2953 qui
938 2869 1013 2933 uino
1035 2868 1215 2933 inebriatus
1236 2865 1353 2933 uidens

180 2995 274 3043 auem
307 2997 405 3060 super
436 2977 583 3042 arborem
617 2978 821 3058 insidentem,
857 2985 949 3044 tenso
982 2998 1059 3043 arcu
1092 2978 1165 3042 iecit
1193 2976 1352 3043 aduersus

180 3105 275 3151 auem
308 3095 340 3152 et
372 3106 467 3151 errem
500 3087 629 3171 quidem
663 3094 854 3153 consecutus
883 3109 947 3153 non
977 3096 1036 3170 est,
1073 3088 1253 3151 Iohannem
1275 3106 1352 3151 nero
1368 3091 1398 3143 2⁶

180 3202 265 3260 retro
287 3196 321 3261 in
344 3198 501 3261 ceruicem
524 3198 692 3282 percussit.
737 3198 791 3283 qui
807 3199 957 3282 plagatus
980 3205 1123 3264 mortuus
1145 3206 1195 3264 est
1216 3198 1352 3262 multum

179 3305 298 3369 luctum
331 3310 398 3370 tam
430 3306 615 3390 imperatori
638 3308 818 3374 Iustiniano
850 3316 882 3373 et
913 3308 1064 3374 Rilisario
1098 3328 1195 3392 quam
1229 3307 1352 3374 cunctis

179 3414 336 3481 Romanis
359 3422 391 3481 et
413 3415 737 3501 Carthaginiensibus
759 3418 1000 3501 derelinquens.

62 3527 160 3595 VIIII
267 3525 390 3592 Taliter
412 3526 590 3594 Gelimeres
612 3528 770 3612 effugiens
799 3529 856 3593 illa
883 3528 937 3594 die
969 3527 1011 3592 ad
1033 3528 1215 3595 hlaumsios
1238 3546 1352 3613 prope

177 3636 270 3702 ranit.
316 3657 411 3720 quem
433 3638 603 3705 Bilisarius
626 3647 816 3723 persecutus
838 3639 872 3702 in
895 3637 1006 3722 Papua
1027 3646 1136 3704 monte
1158 3638 1191 3702 in
1214 3638 1396 3705 uoniam-³⁰

177 3747 239 3813 mis
255 3747 430 3813 Numidiae
451 3749 675 3830 circumclusit,
698 3749 784 3814 hunc
806 3746 960 3815 obsidens
975 3767 1033 3831 per
1048 3747 1186 3813 hiemem
1202 3746 1353 3814 delicien-

178 3856 266 3923 tibus
288 3858 319 3922 ei
341 3859 489 3924 omnibus
512 3860 718 3926 necessariis.
762 3859 858 3943 panis
881 3859 965 3924 enim
983 3857 1069 3943 apud
1084 3858 1268 3925 Maurusios
1284 3879 1349 3924 non

245 4157 255 4204 1
278 4160 330 4222 que
347 4158 392 4222 pra
409 4152 564 4207 inferretD
615 4167 765 4223 quosquam
784 4151 915 4209 Gruterus
933 4168 970 4207 ea
988 4152 1151 4206 Anastasio:
1170 4150 1282 4220 quisque
1300 4148 1355 4205 ΒΡ

175 4244 349 4315 thartagrne
365 4245 392 4300 D
480 4251 512 4300 10
530 4246 566 4315 qd
582 4262 612 4300 in
630 4245 656 4300 D
742 4250 773 4299 ta
791 4244 863 4316 lybu'a
879 4245 1054 4299 mustulerut
1072 4243 1098 4298 1>
1185 4248 1215 4296 15
1233 4243 1308 4314 lybia
1323 4243 1352 4299 D

178 4339 208 4390 ts
225 4336 369 4408 lybiaml)
439 4343 470 4393 19
489 4338 631 4394 hrdrdrtll¹
706 4342 740 4393 28
757 4336 1019 4407 kartagrmentrb30
1087 4341 1120 4392 30
1137 4351 1247 4407 pappus
1265 4336 1351 4392 ‘Bon-

174 4430 333 4501 qursianus'
404 4435 435 4486 32
454 4430 522 4486 nolit
539 4430 575 4487 θ’
