2834 5394
204 283 262 343 154
713 297 806 343 nram
828 295 863 341 tu

200 453 430 532 <negatamque
462 447 524 513 sibi
552 466 592 512 ex
619 449 746 513 aerario
776 448 946 533 pecuniam
975 447 1085 514 tractis
1108 447 1232 514 toribus
1253 448 1414 513 inuasit

199 559 394 644 protulitque
424 578 466 624 ex
493 579 532 623 eo
560 558 631 622 auri
659 558 766 641 pondo
795 564 944 642 quattuor
972 558 1063 622 milia
1089 565 1217 622 eentum
1245 557 1400 640 triginta

199 676 232 735 et
251 671 393 752 quinque
415 670 540 751 argenti
562 667 670 752 pondo
692 688 793 752 prope
814 677 978 752 nongenta
1000 668 1099 732 milia.
1122 666 1386 750 indedigressus

198 780 377 844 Ariminum
401 778 443 842 ad
464 779 609 860 legiones
632 798 706 842 mox
727 778 827 863 Alpes
850 785 1053 844 transuectus
1074 778 1257 844 Massiliam
1280 778 1375 859 uenit,

198 891 241 956 ad
264 911 359 974 quam
382 887 633 972 obpugnandam
656 907 712 952 cur
727 896 874 973 receptus
889 908 954 953 non
969 895 1065 969 esset,
1088 887 1291 953 matonam
1306 896 1397 952 eunt

197 1001 302 1067 tribus
317 998 499 1082 legionibus
511 998 706 1081 relinquens.
722 1018 784 1081 quo
796 998 881 1063 bello
897 994 990 1064 miles
1005 997 1220 1062 duodecimae
1235 998 1364 1080 legionis

197 1111 356 1176 aduersus
385 1126 440 1173 eos
463 1108 573 1171 nauali
595 1108 770 1173 certamine
797 1129 856 1192 pro
878 1108 1020 1175 Caesare
1042 1106 1204 1174 dimicans
1225 1106 1367 1173 hostilem

198 1239 315 1286 nauem
339 1218 452 1282 dextra
473 1217 698 1301 apprehendit.
744 1239 808 1301 qua
829 1225 996 1303 amputata
1017 1219 1147 1282 laeuam
1177 1217 1291 1282 iniecit
1319 1235 1363 1280 ne·

197 1348 260 1414 que
281 1336 357 1394 ante
379 1328 501 1394 dimisit
522 1347 639 1392 nauem
662 1348 759 1410 quarn
781 1334 988 1411 mergeretur.

283 1438 405 1504 Caesar
426 1437 545 1503 deinde
566 1436 609 1501 ad
631 1437 809 1522 Hispanias
832 1437 1005 1518 contendit,
1034 1458 1116 1521 quas
1137 1437 1260 1503 Lucius
1283 1436 1368 1501 Aba·
1383 1438 1407 1487 ¹⁰

197 1552 271 1616 nius
294 1556 326 1613 et
347 1549 475 1614 Marcus
489 1547 636 1612 Petreius
659 1558 690 1612 ct
706 1548 832 1614 Marcus
847 1549 948 1612 Varro
964 1547 1155 1631 Pompeiani
1178 1546 1280 1612 duces
1302 1566 1367 1611 eum

197 1659 379 1743 legionibus
401 1657 599 1723 obtinebant.
644 1657 688 1722 ibi
712 1659 821 1724 multis
848 1658 982 1742 proeliis
1004 1657 1166 1722 Petreium
1189 1656 1369 1722 Afranium-

198 1789 261 1853 que
292 1774 462 1852 superatos
491 1768 668 1851 composita
696 1768 845 1852 pactione
871 1767 1002 1834 dimisit.
1048 1766 1082 1830 in
1111 1767 1264 1832 ulteriore
1294 1785 1369 1831 uero

197 1879 358 1963 Hispania
384 1877 466 1943 duas
494 1877 639 1958 legiones
666 1897 687 1941 a
715 1877 821 1941 Marco
850 1878 995 1943 Varrone
1023 1876 1175 1968 suscepit.
1221 1875 1369 1941 similiter

198 1998 231 2052 et
252 1987 350 2053 duces
373 1987 442 2052 eius
465 1986 525 2051 hoc
547 1994 596 2051 est
618 1986 714 2051 Curio
737 1986 893 2052 Catonern
916 1987 1028 2052 Sicilia
1055 1987 1190 2069 expulit,
1222 1986 1371 2051 Valerius
1387 1981 1413 2031 ¹⁵

197 2097 324 2161 Cottam
347 2095 508 2175 Sardinia,
532 2096 737 2162 Tuberonem
759 2096 869 2161 Africa
890 2096 996 2162 Varus
1018 2095 1122 2161 eiecit.

281 2205 402 2272 Caesar
423 2206 602 2271 Massiliam
624 2206 754 2271 rediens
777 2205 946 2271 obsidione
974 2205 1128 2270 domitam
1157 2206 1225 2270 uita
1247 2212 1373 2271 tantum

196 2323 229 2381 et
249 2315 398 2381 libertate
420 2334 575 2380 concessa
596 2317 712 2381 ceteris
735 2315 831 2381 rebus
853 2315 987 2380 abrasit.

279 2426 322 2490 At
343 2446 419 2491 uero
442 2424 614 2490 Dolabella
641 2425 781 2509 partium
803 2424 955 2491 (laeseris
984 2425 1018 2489 in
1040 2423 1168 2509 Illyrico
1196 2444 1258 2508 per
1279 2423 1372 2490 Oeta·

194 2537 282 2601 uium
304 2544 337 2602 et
358 2537 515 2602 Libonem
538 2536 642 2601 nictus
664 2535 830 2619 copiisque
851 2542 977 2616 exutus,
1006 2534 1049 2599 ad
1071 2534 1247 2598 Antonium
1278 2533 1367 2617 fugit
1384 2536 1414 2587 2⁰

196 2647 339 2713 Basilius
360 2654 392 2711 et
416 2647 578 2713 Salustius
600 2644 772 2708 dr'nidentes
786 2644 933 2728 singulas
955 2644 1110 2727 legiones,
1134 2644 1252 2727 quibus
1276 2662 1369 2728 prae-

197 2763 298 2839 erant,
322 2755 468 2821 similiter
490 2762 522 2821 et
543 2754 702 2821 Antonius
723 2754 915 2820 Hortensius
938 2773 1066 2837 quoque
1088 2753 1130 2817 ab
1153 2752 1265 2818 intimo
1288 2753 1370 2818 mari

194 2885 266 2930 cum
299 2867 405 2931 classe
436 2884 627 2930 concurrens
661 2884 771 2930 omnes
799 2864 920 2948 pariter
948 2863 1105 2929 aduersus
1134 2863 1307 2928 Octauium
1340 2871 1372 2928 et

194 2976 352 3042 Libonem
374 2975 508 3059 proiecti
530 2983 561 3040 et
583 2975 659 3039 uicti
681 2982 764 3039 sunt.
808 2973 967 3040 Antonius
989 2993 1060 3038 cunr
1082 2993 1118 3040 se
1141 2972 1278 3039 Octauio
1300 2992 1371 3038 enm

194 3084 378 3167 quindecim
400 3084 585 3151 cohortibus
607 3084 761 3165 dedisset,
785 3104 897 3150 ornnes
919 3083 963 3149 ad
984 3084 1174 3168 Pompeium
1196 3103 1218 3148 a
1239 3083 1368 3149 Libone
1385 3090 1413 3142 te

195 3192 325 3257 deducti
347 3202 429 3258 sunt.

279 3301 375 3365 Curio
408 3321 449 3367 ex
477 3301 589 3367 Sicilia
620 3303 655 3367 in
683 3303 825 3368 Africam
858 3322 930 3367 eum
962 3303 1106 3368 exercitu
1132 3308 1367 3386 transgressus,

196 3431 293 3495 quem
313 3412 395 3476 Iuba
417 3431 474 3477 rex
495 3412 645 3477 continuo
668 3419 836 3498 exceptum
859 3432 930 3477 cunr
960 3413 1109 3479 omuibus
1138 3413 1241 3497 copiis
1274 3412 1367 3476 truci·

264 3738 371 3830 aad,
391 3768 423 3819 32
441 3766 476 3834 <>
495 3763 535 3819 D:
554 3763 617 3818 rude
634 3764 772 3832 hrlpamal
786 3769 864 3832 petut
877 3764 929 3817 ·rhr
945 3765 949 3828 l
964 3780 1089 3834 pompegi
1107 3764 1243 3819 exeremus
1257 3762 1368 3818 umut-

195 3861 273 3913 bmol
288 3859 311 3913 dr
329 3859 492 3928 tortrblrmol
508 3873 568 3912 cum
585 3858 672 3910 tribul
687 3856 799 3911 ducibus
808 3857 893 3912 luero
903 3883 908 3893 ·
920 3857 1025 3911 atreum
1038 3859 1079 3906 ῆι
1094 3866 1099 3919 t
1112 3862 1215 3926 petreio
1243 3850 1272 3909 r'n
1280 3880 1286 3891 ·
1298 3871 1369 3910 mar·

195 3955 257 4006 lone
283 3953 442 4020 superauit·
467 3961 470 4015 ι
494 3951 560 4005 lude
590 3951 721 4019 regressus
742 3966 859 4018 greciam
884 3952 1009 4004 mantnt·
1028 3950 1189 4009 aduertamr
1213 3965 1369 4019 pompeium

194 4044 445 4112 drmrcaurtprrmo
471 4044 573 4113 proclro
599 4045 697 4110 ureltus
712 4045 751 4097 eit
776 4042 799 4095 dc
822 4043 930 4112 fugatus
947 4043 973 4096 B
1077 4049 1247 4112 'snungenta
1264 4042 1292 4097 Β
1352 4048 1368 4096 6

194 4152 272 4203 quom
301 4136 376 4189 meles
401 4136 503 4203 decime
522 4137 548 4190 n
650 4135 780 4188 lnauale
798 4135 824 4188 D
926 4134 1058 4205 9quaI)
1162 4141 1193 4189 10
1211 4135 1328 4191 chamus
1343 4135 1370 4191 Ι)

197 4231 227 4278 12
247 4229 386 4282 obtinebat
403 4228 437 4283 D⁴
494 4235 628 4299 petreium
643 4229 646 4294 Ι
663 4226 894 4295 Muccurum-D
981 4233 1011 4282 15
1036 4235 1133 4284 catone
1150 4228 1177 4283 1>
1253 4233 1285 4283 16
1303 4229 1369 4284 atrr-

196 4334 256 4371 eam
273 4318 299 4371 1>
368 4323 398 4373 ts
417 4321 559 4376 abralrsll
635 4325 664 4373 21
687 4318 836 4372 drmdeutel
851 4336 901 4373 om.
922 4320 975 4375 ΗΡ
990 4328 1017 4375 et
1036 4321 1125 4377 Oresti
1142 4320 1243 4386 Palae,
1257 4338 1315 4394 pro
1334 4339 1367 4378 eo

195 4410 325 4464 ducentas
344 4411 402 4466 cod.
422 4411 530 4467 Pitleoee'
615 4417 648 4466 24
666 4412 820 4466 brbulonem
839 4413 864 4466 I)
