2834 5394
470 670 580 719 INDEX
602 670 841 719 CAPITVLORVH

102 826 133 877 it
168 822 263 876 iterum
283 837 343 876 cum
352 818 516 875 Samnitibus
533 834 631 889 pugna

65 916 137 970 bello
156 915 301 969 Samnitico
328 914 389 969 finis
412 913 554 982 impositus
579 912 631 966 illis

65 1010 146 1079 plane
164 1008 302 1063 confectis.
532 1076 535 1080 Ι

104 1106 133 1156 13
168 1101 267 1154 bellum
290 1117 351 1155 cum
374 1099 489 1153 Sabinis.
531 1097 631 1152 Roma·

65 1209 160 1248 norum
176 1194 270 1261 ingens
285 1191 375 1248 clades
390 1193 424 1247 ab
432 1191 557 1246 Etruscis
566 1190 631 1245 Gal·

65 1287 151 1356 hsque
168 1292 290 1354 accepta.

103 1384 133 1433 11
169 1380 268 1433 bellum
306 1377 490 1432 Tarentinum.
542 1375 631 1444 prole·

65 1473 127 1526 tarii
159 1487 266 1541 quoque
297 1487 374 1526 erma
403 1485 509 1525 sumere
535 1468 630 1523 coacti.

66 1565 183 1634 Pyrrhus
207 1565 307 1619 auxiho
325 1564 353 1617 in
370 1563 463 1632 primis
480 1561 559 1616 fulcit
576 1561 632 1615 Ta·

66 1659 185 1712 rentinos
221 1658 377 1727 primusque
412 1654 569 1724 elephantos
603 1653 632 1707 in

64 1751 171 1804 Italiam
189 1750 307 1804 adducit

104 1849 132 1896 15
169 1843 352 1898 Romanorum
366 1857 427 1895 cum
437 1840 632 1911 Pyrrhoproe-

66 1936 130 1990 hum
148 1944 175 1991 91
192 1936 257 2006 suga
273 1936 309 1990 oh
327 1935 529 2004 elephantorum
544 1940 630 1986 terro·

67 2045 122 2083 rem
140 2029 272 2099 foedaque
293 2027 391 2082 clades.

105 2127 134 2176 111
170 2122 288 2192 Pyrrhus
323 2127 413 2174 tamen
447 2125 475 2175 et
504 2118 563 2189 ipsc
590 2117 631 2171 in-

66 2216 137 2284 genti
176 2214 252 2270 clude
287 2213 401 2268 affectus
435 2212 502 2267 adeo
544 2216 574 2264 ut
601 2225 630 2266 ae

66 2309 168 2362 uictum
190 2312 343 2363 testaretur.
379 2305 494 2361 Romani
516 2303 630 2374 pabula·

65 2408 137 2456 tores
160 2401 272 2455 fulmine
295 2400 389 2455 exusti.
425 2398 545 2470 Pyrrhus
569 2412 630 2453 curn

66 2496 185 2551 exercitu
210 2493 324 2549 Romam
357 2492 503 2547 contendit.
549 2489 631 2559 legati

66 2589 101 2643 111
123 2605 183 2642 cum
201 2587 385 2641 Romanomm
403 2585 437 2639 de
454 2584 569 2654 captiuis
587 2598 630 2637 re·

67 2681 197 2736 limandis
225 2696 294 2749 quos
324 2679 382 2732 sine
410 2678 496 2746 pretio
523 2676 630 2731 amittit.

67 2773 186 2827 Fabricii
203 2778 351 2841 paupertas
369 2777 396 2824 91
413 2770 574 2824 constantia.

103 2870 132 2919 11
170 2866 266 2920 Cineas
283 2864 387 2933 legatus
404 2862 518 2917 Romam
536 2861 633 2915 missus

67 2975 84 3013 1
101 2959 204 3028 Pyrrho
223 2957 369 3012 reinserta
387 2956 461 3010 redit.

103 3058 133 3106 18
169 3050 317 3106 secundum
348 3049 493 3118 proelium,
525 3048 553 3102 in
579 3063 632 3117 quo

66 3147 185 3216 Pyrrhus
203 3146 292 3199 uictus
310 3152 338 3198 91
350 3143 497 3196 Tarentum
514 3141 631 3210 fugatus.

65 3240 206 3294 interiecto
225 3253 296 3292 anno
315 3236 445 3291 aduersus
463 3250 523 3289 eum
534 3235 631 3291 missus

65 3332 208 3387 Fabricius
217 3332 328 3400 eiusque
338 3331 508 3397 incorruptus
517 3328 632 3381 animus.

65 3427 185 3495 Pyrrhus
202 3425 230 3479 in
249 3424 366 3479 Siciliam
384 3421 516 3486 concedit,
533 3420 630 3475 Fabri·

66 3522 124 3573 cius
141 3517 301 3573 ‹lehucanis
319 3522 346 3570 et
355 3514 519 3569 Samnitibus
537 3514 630 3569 trium·

65 3612 140 3681 phat.

104 3709 134 3758 19
173 3703 276 3758 1191119
293 3704 389 3757 iterum
412 3701 565 3771 pestilentia
581 3701 630 3755 im-

66 3797 158 3852 manis.
186 3795 282 3866 Pyrrhi
298 3810 332 3848 911
349 3794 440 3848 Sicilia
457 3793 559 3848 reditus
576 3800 631 3848 ter-

66 3892 185 3959 tiumque
202 3906 264 3943 cum
282 3904 314 3942 eo
332 3887 477 3957 proelium,
499 3903 552 3956 quo
570 3902 631 3954 gra·

66 3985 135 4039 niter
167 3999 262 4038 caesus
298 3989 325 4036 91
350 3981 458 4049 fugatus
484 3980 631 4033 Tarentum

66 4085 105 4132 est
124 4077 220 4131 castris
239 4076 295 4129 eius
313 4074 408 4143 captis.

99 4176 131 4225 20
168 4170 264 4240 Pyrrhi
284 4182 317 4222 en
335 4167 415 4222 ltalia
431 4165 496 4234 iuga
512 4171 540 4219 et
557 4165 630 4234 apud

64 4267 151 4334 Argos
168 4264 301 4318 interitus.
328 4260 385 4315 eius
403 4260 437 4314 119
453 4259 547 4314 dextro
561 4258 630 4328 pede

65 4359 154 4427 pollex
172 4357 255 4411 mirae
271 4355 386 4409 uirtutis.
413 4353 630 4407 Sextiliellesta-

64 4450 97 4504 lis
121 4451 185 4504 uiua
212 4449 327 4503 defossa.
372 4446 512 4501 Tarentini
541 4445 629 4500 denuo

65 4544 163 4597 bollum
185 4549 295 4596 mouent
312 4539 578 4609 Carthaginiensibus
601 4539 630 4592 in

66 4635 193 4689 auxilium
210 4634 319 4689 adscitis
338 4632 386 4688 sed
403 4632 558 4687 aRomanis
570 4631 629 4685 uin·

66 4734 170 4783 cuntur.

1184 657 1246 719 617

717 823 746 874 21
784 818 895 888 legionis
925 824 1041 875 octauae
1072 818 1187 878 deiectio
1219 824 1246 878 et

682 912 890 981 Rhegincnsium
912 913 946 966 ab
965 928 997 967 91
1014 920 1168 982 perpetrata
1186 932 1247 972 cae·

682 1006 736 1061 des.
772 1006 806 1060 de
829 1021 862 1059 ea
883 1021 967 1073 graue
990 1007 1150 1075 suppHcium
1174 1025 1246 1064 sum·

681 1105 758 1168 ptum
788 1098 885 1153 occisis
910 1099 1041 1153 omnihus.
1076 1101 1156 1169 legati
1184 1102 1247 1158 Ale-

681 1191 806 1246 xandrini
829 1207 847 1245 a
863 1191 1018 1247 Ptolomaeo
1039 1209 1100 1247 cum
1117 1193 1246 1250 Romanis

682 1285 826 1339 amicitiam
844 1285 1014 1340 contrahunt
1049 1286 1171 1355 prodigia
1188 1287 1249 1343 (lira

682 1376 785 1433 1191119
802 1378 873 1432 etin
891 1378 970 1432 111111
987 1379 1052 1433 uisa

716 1474 749 1524 ‘22
783 1471 883 1524 bellum
902 1488 962 1526 cum
979 1472 1134 1529 Picentibus
1150 1490 1248 1529 cruen-

681 1570 763 1632 taque
784 1563 969 1618 Romanorum
991 1565 1113 1620 uictoria.
1148 1567 1247 1621 Arimi·

682 1672 747 1710 num
764 1656 901 1711 conditum
918 1664 946 1712 et
960 1658 1153 1712 Beneuentum.
1180 1659 1248 1715 Cro·

683 1754 730 1802 ton
755 1765 772 1802 a
794 1748 923 1805 Romanis
945 1750 1091 1806 inuaditur.
1125 1752 1249 1822 prodigia
1355 1790 1358 1797 .

681 1841 779 1896 iterum
801 1852 919 1897 narrata.
953 1843 1052 1898 bellum
1074 1861 1135 1898 cum
1153 1844 1247 1901 Salen·

682 1935 752 1988 linis.

715 2030 748 2081 23
784 2042 881 2083 census
897 2028 1014 2082 habitus.
1048 2028 1247 2086 1191111011-

680 2119 867 2188 thegenienses
892 2137 941 2189 per
957 2122 1059 2191 legatos
1078 2130 1194 2192 arguunt
1210 2125 1247 2181 ob

681 2213 809 2267 auxilium
828 2213 980 2268 Tarentinis
999 2214 1100 2269 datum.
1129 2216 1247 2272 Vulsini-

681 2320 758 2360 enses
777 2322 793 2360 a
811 2306 941 2362 libertinis
959 2308 1015 2362 suis
1039 2308 1117 2362 eiecti
1137 2308 1172 2363 ad
1190 2308 1246 2364 Ro-

681 2416 776 2455 manos
801 2400 975 2468 confugiunt,
1004 2416 1020 2455 a
1043 2401 1141 2469 quibus
1159 2402 1248 2458 uindi-

682 2493 735 2547 cati
753 2499 780 2547 91
797 2494 921 2548 restituti.

715 2589 748 2638 11
782 2587 935 2654 pestilentia
952 2587 1120 2642 atrocissima
1134 2589 1247 2645 Romae.

681 2677 1170 2749 (laparroniacuestahssuspendium.
1188 2683 1246 2752 hp-

683 2771 721 2839 pii
744 2769 849 2825 Claudii
871 2773 1022 2840 triumphus
1045 2772 1079 2826 de
1097 2773 1195 2828 Poenis
1221 2781 1250 2829 et

683 2863 800 2917 Hierone
825 2863 1057 2933 Syracusanorum
1088 2879 1157 2933 rege.
1204 2882 1248 2922 ros

683 2971 796 3023 magnae
813 2971 830 3009 a
847 2956 976 3011 Romanis
993 2957 1021 3012 in
1041 2957 1132 3012 Sicilia
1148 2965 1246 3027 gestae.

717 3052 750 3102 25
785 3049 882 3103 iterum
899 3049 998 3104 bellum
1008 3050 1035 3104 in
1048 3050 1139 3105 Sicilia
1152 3058 1250 3127 contra

682 3140 827 3196 Hieronem
850 3148 878 3196 91
900 3142 1013 3197 Ρ99199.
1048 3144 1129 3199 Η1919
1153 3160 1248 3215 pacem

683 3234 796 3303 supplex
820 3251 915 3304 rogare
937 3252 954 3290 1
972 3235 1101 3290 Romanis
1126 3245 1247 3293 coactus.

681 3327 767 3383 Poeni
784 3329 899 3383 marimo
915 3329 985 3383 bello
997 3329 1063 3383 uicti
1075 3336 1101 3383 ct
1113 3329 1248 3400 profligati

681 3421 832 3476 Hannibale
850 3422 953 3476 seniore
970 3421 1071 3490 fugato.

715 3519 748 3569 26
783 3514 898 3583 primum
916 3515 1012 3570 nauale
1029 3515 1128 3570 bellum
1145 3515 1246 3571 Roma·

681 3623 776 3661 norum
794 3624 855 3662 cum
864 3608 969 3674 Poenis,
987 3609 1015 3663 in
1036 3625 1088 3678 quo
1101 3609 1246 3665 11191991·

682 3701 769 3756 sulum
784 3700 863 3755 Corn.
872 3702 958 3755 Asina
965 3701 1069 3754 Punica
1086 3701 1182 3757 fraude
1198 3717 1247 3772 pe·

681 3795 731 3859 rit,
749 3794 819 3848 alter
834 3795 940 3849 Duihus
958 3795 1099 3849 uictoriam
1117 3800 1247 3864 reportat.

682 3887 767 3942 Poeni
793 3887 880 3941 denuo
907 3887 1001 3941 nauali
1022 3888 1125 3956 proelio
1148 3888 1248 3942 victia

682 3979 807 4048 Scipione
830 3980 948 4034 consule.
991 3996 1129 4034 seruorum
1152 3985 1179 4033 et
1202 3995 1247 4034 so·

682 4074 783 4128 ciorum
806 4073 944 4127 naualium
963 4073 1111 4127 coniuratio
1129 4072 1156 4126 in
1174 4073 1246 4126 exci-

681 4166 753 4221 ‹lium
772 4166 845 4221 urbis
863 4165 1008 4235 patefacta.

715 4264 746 4313 27
784 4260 922 4314 Calatinus
945 4259 1040 4313 consul
1058 4266 1157 4313 temere
1184 4274 1247 4314 cum

681 4354 800 4408 exercitu
829 4354 857 4406 in
883 4353 1020 4421 angustias
1051 4352 1245 4420 praecipitatus

688 4447 825 4516 Calpurnii
842 4446 978 4500 Flammae
1000 4446 1098 4499 uirtute
1121 4453 1148 4499 91
1163 4460 1247 4514 opera

680 4541 818 4595 liberatus.
846 4538 1005 4593 Hannibalis
1024 4538 1136 4592 senioris
1148 4538 1246 4593 iterum

680 4632 773 4687 infelix
796 4647 886 4701 pugna
907 4631 1011 4685 naualis
1038 4646 1098 4684 cum
1115 4630 1246 4686 Romanis

682 4727 793 4795 eiusque
803 4725 933 4779 interitus.
962 4723 1114 4779 Romaniiu
1123 4723 1246 4779 Africam
