2834 5394
575 676 648 725 cnr.
672 677 820 725 vnn-ru
1216 663 1275 726 431

102 828 257 895 efficiens.
301 835 334 895 et
356 829 493 913 populus
516 827 646 894 thorace
661 827 793 895 indutus
807 826 969 894 adstabat.
1014 848 1089 893 nam
1104 846 1176 893 cum
1192 827 1279 897 acies

103 938 230 1005 cautius
257 938 455 1018 statuissent,
484 938 744 1022 congressionem
773 939 808 1003 in
830 938 932 1004 uicem
955 956 1051 1020 agere
1073 937 1177 1005 iussit.
1221 938 1278 1003 im-

105 1049 271 1134 pulsiones
295 1055 400 1114 autem
424 1048 631 1115 uehementer
659 1068 698 1114 ac
721 1049 948 1134 percussiones
968 1048 1003 1112 in
1026 1048 1213 1114 alterutrum
1235 1049 1278 1113 ei·

103 1158 295 1225 liciebantur
323 1167 355 1224 et
383 1158 512 1225 habitus
542 1158 618 1224 belli
648 1158 909 1225 ostendebantur.
962 1164 1094 1241 eratque
1122 1157 1277 1223 horribile

66 1270 178 1336 ouisu
199 1269 416 1354 spectaculum
440 1267 510 1335 sine
533 1269 646 1334 timore
669 1269 844 1354 pericnlum
874 1266 970 1333 etad
993 1273 1118 1349 strages
1139 1268 1277 1352 impetus

103 1380 175 1447 sine
197 1379 365 1461 sanguine,
390 1377 448 1444 sed
470 1387 546 1443 ante
566 1379 793 1445 necessitatem
809 1376 1012 1443 necessitatis
1025 1375 1113 1441 modi
1128 1377 1277 1460 quatinus

102 1508 186 1555 unus
215 1489 352 1573 quisque
380 1496 533 1574 percepta
561 1489 730 1554 occasione
758 1487 868 1554 caedis
896 1487 1054 1555 innocuae
1084 1487 1181 1552 tutior
1209 1507 1278 1571 per·

103 1605 258 1664 maneret.
302 1598 409 1664 taliter
430 1607 538 1664 antem
560 1599 694 1663 armatis
716 1598 864 1664 omnibus
886 1597 1051 1682 praecepit
1065 1598 1107 1662 ab
1122 1597 1280 1664 iniustitia

101 1709 231 1794 penitus
252 1707 479 1775 abstinendum
502 1716 534 1774 et
555 1709 708 1793 pietatem
731 1707 929 1773 sectandum.

46 1832 83 1885 re
186 1818 286 1883 Porro
317 1838 389 1883 cum
419 1819 622 1904 peruenisset
650 1818 693 1884 ad
724 1824 833 1901 partes
862 1816 1036 1881 Armeniae
1068 1836 1276 1900 praecurrere
1297 1811 1345 1878 XI
1407 1820 1408 1824 ’

102 1928 196 1994 iussit
217 1929 345 1993 electos.
391 1929 624 1994 Saracenorum
659 1948 735 1993 uero
769 1936 845 1992 tunc
877 1928 937 1994 sub
970 1926 1073 2012 pactis
1103 1927 1275 1994 Persarum
1356 2011 1361 2018 Ι

102 2038 346 2104 constitutorum
369 2037 536 2102 multitudo
560 2040 703 2122 equitum
726 2040 808 2102 clam
838 2039 872 2102 in
903 2039 1129 2123 imperatorem
1155 2037 1277 2103 irruere

102 2148 351 2213 meditabantur.
403 2149 464 2213 uiri
493 2155 600 2213 autem
630 2149 834 2232 imperatoris
863 2148 917 2231 qui
950 2152 1197 2233 praecurrerant
1225 2146 1277 2213 bis

102 2265 306 2325 occurrentes
340 2267 519 2343 praetorem
553 2259 696 2341 ipsorum
728 2258 868 2323 uinctum
898 2258 1046 2324 Heraclio
1075 2257 1278 2323 adduxerunt

50 2388 87 2438 15
103 2368 231 2452 illisque
252 2368 287 2433 in
308 2369 416 2452 lugam
440 2368 544 2434 uersis
567 2369 683 2435 multos
705 2369 944 2434 interemerunt.
988 2369 1155 2452 quieuere
1171 2367 1277 2434 hieme

101 2476 272 2545 incedente
293 2477 467 2562 imperator
489 2477 532 2542 ad
548 2479 714 2543 Ponticum
736 2479 832 2543 clima
854 2479 984 2545 diuertit
1005 2478 1111 2545 uisum
1134 2484 1184 2546 est
1205 2479 1277 2544 bar-

100 2589 189 2656 baris
213 2588 363 2655 obsidere
385 2589 475 2654 illum
497 2588 531 2652 in
554 2587 614 2653 boc
636 2588 842 2654 hiemantem.
890 2595 923 2654 at
949 2589 1004 2654 illc
1026 2590 1143 2656 Persas
1171 2589 1276 2654 latens

101 2706 198 2783 atque
228 2697 394 2765 diuertens
416 2697 581 2764 Persidem
611 2706 772 2782 properat.
828 2699 888 2763 lroc
920 2699 1050 2764 barbari
1084 2699 1210 2782 cognito
1243 2698 1277 2762 in

102 2828 268 2874 rancorem
293 2828 392 2874 cansa
413 2809 570 2892 insperati
594 2806 700 2873 aditus
724 2808 933 2874 deueuernut.
1042 2815 1047 2825 '

48 2939 86 2988 20
187 2918 347 2985 Sarbarus
381 2939 457 2983 nero
485 2918 656 2983 Persarum
691 2926 819 3000 praetor
852 2925 984 3001 accepto
1016 2922 1183 3001 potentatu
1217 2935 1275 2981 suo
1296 2925 1362 2990 ΧΠ

102 3029 191 3096 uenit
213 3029 245 3093 in
268 3028 414 3093 Ciliciam
437 3028 589 3112 quatinus
613 3027 645 3092 in
667 3028 859 3092 Romaniam
888 3027 1055 3110 ingressus
1085 3027 1169 3091 hunc
1196 3023 1276 3092 dare

101 3138 233 3206 dorsum
256 3139 471 3218 compelleret.
517 3139 634 3203 timens
656 3144 763 3202 autem
785 3157 826 3202 ne
849 3157 907 3222 per
928 3137 1115 3203 Armeniam
1143 3137 1177 3201 in
1199 3135 1276 3202 Per-

103 3247 205 3315 sidem
228 3251 402 3333 imperator
433 3248 600 3331 ingressus
633 3247 718 3312 hanc
751 3249 903 3327 turbaret,
943 3256 1071 3314 coactus
1102 3253 1152 3313 est
1185 3246 1277 3331 sequi

101 3368 175 3445 post
196 3360 375 3423 Romanum
399 3360 583 3433 exercitum,
621 3359 720 3423 iurari
743 3378 860 3424 curans
883 3358 1002 3423 bollum
1032 3365 1064 3423 et
1085 3377 1143 3442 per
1165 3358 1276 3422 obscu-

50 3491 85 3540 25
101 3489 170 3534 ram
199 3468 333 3552 aggredi
364 3477 499 3533 noctem.
545 3468 602 3535 sed
632 3489 650 3534 e
679 3476 791 3534 contra
818 3469 936 3552 plenae
963 3470 1060 3534 lunae
1085 3474 1155 3533 tota
1183 3473 1276 3532 nocte

100 3579 171 3645 luce
203 3580 347 3662 fulgente
379 3579 584 3644 cauillatione
617 3579 789 3645 frustratus
821 3585 871 3645 est
903 3587 935 3645 et
963 3579 1074 3644 lunam
1103 3597 1186 3662 quae
1213 3577 1275 3645 sibi

97 3689 188 3774 prius
210 3690 244 3753 in
268 3690 354 3753 cultu
377 3691 481 3754 lauerat
503 3690 689 3770 infamabat,
714 3710 798 3773 quae
820 3689 973 3755 uidelicet
1002 3690 1141 3774 eclipsin
1163 3708 1205 3754 ex
1226 3705 1277 3753 ac·

98 3797 224 3865 cidente
246 3799 383 3865 tulisset.
429 3818 469 3864 ex
501 3798 562 3862 hoc
584 3818 660 3882 ergo
682 3798 877 3864 formidabat
899 3801 1060 3866 Sarbarus
1083 3819 1154 3864 cum
1177 3798 1275 3880 impe-

101 3918 208 3975 ratore
230 3908 411 3974 conflictum
434 3908 568 3992 aggredi
591 3917 623 3974 et
644 3916 784 3973 montem
807 3909 994 3975 conscendit
1010 3908 1103 3993 quasi
1118 3905 1275 3972 dorcades

48 4040 81 4091 30
102 4020 235 4085 intuitus
258 4020 300 4084 ab
323 4020 451 4084 excelso
480 4019 565 4084 bona
588 4025 620 4083 et
641 4019 780 4103 sapienti
803 4019 1014 4103 compositam
1036 4026 1105 4083 arte
1127 4016 1273 4081 militiam

96 4132 322 4195 Romanorum.
368 4136 531 4213 comperta
554 4147 630 4193 nero
652 4128 826 4213 imperator
848 4128 962 4194 horum
985 4127 1154 4194 formidine
1174 4127 1208 4192 in
1230 4125 1274 4189 lo

97 4241 144 4308 cis
173 4240 359 4305 morabatur
386 4239 585 4322 requietione
614 4238 741 4305 refertis
772 4238 856 4304 hunc
888 4239 931 4304 ad
959 4240 1079 4305 bellum
1103 4237 1271 4319 instigans.

166 4538 176 4586 l
197 4533 303 4587 artabat
321 4532 347 4587 Ι)
433 4536 448 4585 l
468 4539 494 4586 et
513 4531 619 4586 habrtul
635 4531 698 4585 bellr
716 4530 926 4585 ostendebantur
943 4548 997 4586 om.
1017 4531 1042 4586 D
1126 4533 1141 4582 5
1159 4525 1273 4583 ariell)

97 4631 124 4679 ll
145 4627 232 4695 pacttl
247 4645 303 4678 aaa
321 4625 387 4687 leid.
404 4626 494 4695 faisse
512 4625 617 4690 conll)
689 4629 719 4678 tl
736 4609 868 4692 rplordl)
920 4621 1082 4678 berachaD
1170 4624 1197 4675 ll
1215 4620 1272 4675 lne-

92 4717 242 4780 manemD
339 4716 645 4795 laoditus1andrtrrl)
748 4701 1010 4786 arctamenta
1109 4718 1140 4768 25
1161 4719 1219 4770 toto
1237 4711 1273 4768 θ’

93 4816 124 4866 27
145 4808 263 4866 cultaD
316 4809 503 4867 accedentel)
571 4814 604 4864 tt
622 4792 736 4880 imbrem
754 4808 780 4865 b
