2834 5394
136 275 199 339 278
646 286 739 333 emar
759 286 812 334 xn
908 324 912 330 .

136 442 213 507 dum
236 439 266 504 ei
287 438 469 505 nuntiatum
492 437 615 520 inisset,
648 440 857 506 conturbatus
880 439 1001 507 Valens
1028 440 1195 525 paululum
1218 460 1308 506 suum

138 552 292 637 impetum
325 549 467 615 retinuit.
522 568 658 634 cumque
690 549 769 615 belli
802 558 938 617 euentus
969 550 1094 617 interea
1127 551 1310 636 parturiret,

138 670 245 729 terrae
273 666 379 726 motus
406 659 510 725 factus
538 666 588 726 est
615 679 674 745 per
702 662 889 728 uniuersum
916 660 1027 726 orbem
1054 661 1101 726 ita
1123 667 1158 725 ut
1180 660 1312 726 Siciliae

140 772 378 855 multarumque
406 770 586 837 insularum
613 771 711 836 urbes
741 789 917 839 concussae
939 779 970 837 et
992 770 1146 837 subrutae
1167 771 1312 836 innume-

138 882 260 949 rabiles
282 881 420 967 populos
443 879 545 946 ruinis
567 881 798 965 oppresserint.
842 882 929 947 circa
942 880 1128 964 Bithyniam
1145 900 1224 946 uero
1246 888 1311 946 tam

138 993 256 1077 ingens
278 991 338 1057 init
370 998 405 1057 ut
434 990 589 1056 Nicaeam
623 991 826 1058 subuerteret
847 992 968 1059 urbem.
1012 990 1071 1059 sed
1102 992 1203 1057 etiam
1224 1012 1311 1057 mare

138 1103 292 1170 terminos
314 1100 462 1186 proprios
485 1101 667 1167 immutauit
688 1108 720 1167 et
740 1101 774 1166 in
796 1101 989 1185 quibusdam
1005 1101 1084 1168 locis
1099 1108 1192 1168 tanto
1206 1103 1312 1187 potius

139 1215 262 1298 impetu
284 1211 412 1277 influxit
440 1217 474 1276 ut
501 1211 574 1276 loca
602 1231 686 1296 quae
707 1212 833 1295 pridem
855 1211 1014 1278 ambulari
1035 1219 1197 1297 poterant,
1229 1214 1312 1296 riga·

139 1330 259 1390 rentur.
305 1321 347 1388 ab
369 1322 444 1388 aliis
467 1339 544 1387 uero
567 1322 646 1388 locis
668 1329 793 1387 tanturn
815 1324 949 1390 recessit
969 1330 1004 1388 nt
1024 1322 1119 1388 arida
1146 1323 1244 1389 tellus
1268 1324 1313 1389 in·

138 1433 313 1501 ueniretur.
357 1431 505 1516 sequenti
528 1438 635 1497 autem
656 1452 742 1497 anno
765 1431 914 1498 Gratiani
936 1432 1172 1518 Dagalaisique
1201 1452 1312 1500 eonsu-

141 1546 209 1610 latu
235 1543 323 1608 bella
351 1540 559 1627 parabantur.
602 1561 739 1627 cumque
767 1550 925 1627 tyrannus
952 1543 1129 1629 Procopius
1158 1543 1201 1609 de
1230 1543 1313 1610 con-

140 1653 351 1738 stantinopoli
379 1650 546 1736 digressus
573 1660 681 1718 castra
707 1660 851 1719 moueret
880 1653 1053 1720 aduersum
1074 1654 1311 1739 imperatorem,

141 1764 279 1831 audiens
301 1761 423 1829 Valens
451 1762 541 1827 uenit
569 1761 610 1827 ab
632 1762 805 1829 Antiochia
832 1770 865 1829 et
892 1783 963 1829 eum
986 1783 1024 1830 eo
1047 1784 1242 1848 congressus
1266 1773 1313 1832 est

139 1876 226 1942 eirca
253 1874 416 1939 ciuitatem
438 1872 602 1956 Phrygiae
630 1873 807 1939 Nacoliam.
853 1881 885 1941 et
911 1875 1016 1959 prima
1044 1874 1176 1959 quidem
1204 1896 1313 1962 pugna

141 1985 287 2051 deuictus
310 1989 368 2049 est.
412 1990 487 2066 post
507 1984 673 2068 paululum
696 2003 774 2051 uero
788 1985 977 2070 Procopium
993 1987 1087 2071 cepit,
1109 1985 1312 2053 tradentibus

142 2115 215 2162 eum
237 2093 381 2177 Agelone
403 2091 620 2177 Gomarioquc
642 2092 807 2176 militibus,
844 2115 925 2178 quos
954 2095 1052 2161 etiam
1073 2104 1190 2181 postea
1212 2097 1313 2182 inopi·

139 2205 226 2272 natis
259 2202 452 2289 quibusdam
486 2204 655 2288 suppliciis
688 2205 783 2272 iussit
813 2205 963 2289 expendi.
1008 2204 1195 2292 despiciens
1227 2208 1312 2273 enim

140 2313 384 2383 iusiurandum
407 2313 493 2396 quod
515 2314 563 2380 eis
585 2315 787 2399 praebuerat,
810 2316 909 2382 serris
932 2315 1055 2384 diuisos
1078 2316 1254 2384 crudeliter
1268 2318 1313 2383 in·

138 2426 273 2494 teremit.
318 2432 490 2510 tyrannum
522 2444 598 2490 uero
625 2424 751 2492 duabus
779 2425 894 2492 uicinis
923 2425 1094 2493 arboribus
1122 2425 1219 2494 flexis
1250 2428 1313 2495 sin·

141 2538 234 2621 gulos
256 2537 290 2601 in
313 2536 361 2602 eis
382 2535 484 2619 pedes
507 2534 576 2601 eius
598 2534 694 2618 ligari
723 2536 806 2619 iecit,
840 2554 924 2620 quae
951 2535 1107 2602 dimissae
1135 2556 1245 2603 aerem
1268 2557 1313 2603 re-

141 2654 289 2733 petentes
311 2646 502 2730 Procopium
523 2644 714 2711 diuiserunt.

91 2756 120 2820 V
226 2755 347 2821 Eodem
371 2762 514 2839 tempore
537 2738 675 2822 daemon
697 2754 829 2839 quidam
852 2775 1016 2838 erroneus,
1039 2756 1232 2824 crudelitate
1254 2759 1313 2824 Va·

142 2868 237 2933 lentis
260 2865 381 2931 abusus
404 2865 435 2931 ei
456 2866 620 2949 persuasit
642 2873 677 2931 ut
690 2873 946 2950 perscrutaretur
961 2868 1033 2951 quis
1048 2876 1121 2952 post
1136 2888 1211 2934 eum
1227 2876 1314 2937 esset

141 2983 349 3062 suscepturus
386 2975 565 3061 imperium.
621 2996 717 3059 quani
754 2977 796 3042 ob
832 2996 901 3042 rem
936 2978 1192 3044 necromantiam
1228 2979 1313 3045 feeit.

142 3088 259 3172 quibus
290 3086 412 3152 artibus
445 3085 631 3171 adimpletis
663 3087 819 3172 plurimos
847 3087 902 3153 ille
931 3086 1070 3153 daemon
1093 3108 1159 3154 non
1183 3088 1312 3173 quidem

141 3202 252 3280 aperto
282 3194 341 3261 sed
369 3195 501 3279 obliqua
529 3197 622 3262 solite
650 3217 810 3281 responsa
836 3197 1002 3282 proferens
1024 3198 1196 3264 interemit.
1239 3219 1314 3264 narn

141 3325 213 3371 cum
236 3304 276 3370 de
299 3304 434 3390 irnperio
458 3308 686 3389 consuleretur,
711 3314 863 3391 quattuor
884 3308 1007 3375 litteras
1022 3306 1258 3375 demonstrauit
1280 3307 1313 3374 id

142 3424 191 3482 est
223 3416 362 3494 ΘΕΟΔ,
396 3415 508 3482 dicens
530 3415 591 3481 hoo
613 3437 731 3484 nornen
752 3426 825 3503 post
847 3419 1015 3485 Valentem
1036 3418 1165 3503 imperii
1188 3419 1314 3485 eulmen

141 3528 298 3611 accipere.
343 3525 428 3609 quod
459 3525 534 3590 dum
563 3526 605 3592 ad
633 3547 728 3595 aures
756 3530 958 3612 peruenisset
984 3528 1208 3613 imperatoris,
1247 3529 1315 3594 zelo

143 3636 258 3703 ductus
290 3637 406 3702 multos
439 3637 575 3721 peremit
608 3657 689 3721 quos
720 3638 925 3722 tyrannidem
958 3658 1125 3705 assumere
1147 3638 1314 3704 iudicauit.

142 3747 371 3814 occidebantur
393 3748 502 3830 itaque
524 3746 686 3813 Theodori
709 3747 869 3813 Theoduli
885 3747 1043 3813 Theodoti
1066 3755 1098 3813 et
1120 3752 1315 3835 quicumque

141 3857 202 3924 has
224 3858 349 3923 litteras
372 3858 406 3922 in
428 3858 534 3942 capite
556 3857 606 3923 sui
628 3858 768 3922 nominis
790 3857 990 3940 habuissent,
1013 3858 1097 3924 inter
1118 3877 1201 3943 quos
1216 3858 1315 3925 etiam

208 4141 439 4210 50ppreliereD
490 4138 646 4196 unumne
698 4141 880 4197 omceamD
923 4147 1007 4196 matre
1026 4141 1066 4197 b⁴
1119 4144 1316 4214 'lqurbudill

141 4238 277 4304 Sumpetu
294 4234 390 4290 ocull
447 4242 553 4304 poterat
572 4234 605 4288 b
648 4236 806 4303 sprecetrrt
823 4233 856 4289 lt
903 4240 933 4289 to
951 4234 1141 4306 oaguaroqb
1203 4243 1231 4292 ll
1254 4255 1316 4294 con-

142 4325 358 4394 itantmopolil)
419 4333 449 4382 ll
467 4328 579 4397 ingrana
597 4327 710 4382 cohil!
775 4331 804 4381 18
823 4329 974 4383 interhemit
991 4326 1025 4383 θ’
1080 4333 1112 4383 27
1132 4332 1316 4388 consuleretur

143 4416 169 4472 I)
233 4419 360 4473 ·1111·I)
429 4424 460 4474 30
478 4422 571 4489 pbimrt
589 4420 615 4474 [l
683 4425 713 4481 31
733 4421 855 4477 theodoti
872 4421 1071 4478 theoducuhI)
