3236 5074
639 324 712 372 ene.
735 325 905 372 xx-xxur
1010 281 1014 288 ¹
1297 315 1356 376 145

179 478 299 538 manet.
344 473 487 559 undique
510 476 584 541 telis
606 476 751 541 obruitur
772 497 811 542 ac
833 477 936 562 primo
957 477 1025 562 pilo
1046 480 1172 560 restitit,
1195 487 1356 565 postremo

180 580 292 664 gladIo
315 603 382 650 rem
405 586 488 668 gerit
510 587 599 652 solus
621 587 656 651 in
671 587 789 671 plures.
834 608 969 672 cumque
983 589 1090 656 fessus
1104 591 1356 676 uulneratusque

181 697 276 775 esset,
312 699 345 758 et
372 695 498 777 galcam
527 717 567 761 ac
595 705 718 762 scutum
747 698 863 766 ictibus
890 698 1095 784 perdidisset,
1129 721 1198 765 cum
1231 701 1356 770 duabus

178 803 286 868 loricis
316 805 441 870 natantit
472 804 515 869 ad
538 805 689 873 Caesaris
719 815 825 874 castra
853 817 885 874 et
911 810 1058 896 poposcit
1090 809 1132 874 ab
1164 811 1356 896 imperatore

142 913 308 978 suaniam
331 934 389 998 pro
412 916 601 998 temeritate,
625 937 720 1001 quem
737 917 859 985 Caesar
880 921 1119 987 centurionatus
1140 920 1262 986 honore
1283 921 1356 987 sub-

178 1024 275 1088 uexit.

262 1133 366 1218 Igitur
388 1133 539 1203 Caesaris
572 1137 732 1220 equitatus
768 1139 871 1223 primo
907 1158 1082 1224 congressu
1119 1161 1140 1205 a
1174 1141 1350 1207 Brittannis
1372 1135 1469 1200 XXII

178 1243 281 1310 uictus
311 1243 419 1326 ibique
448 1247 613 1313 Labienus
642 1247 789 1314 tribunus
818 1250 948 1316 occisus·
970 1257 1028 1316 est.
1073 1250 1213 1318 secundo
1236 1251 1358 1336 proelio

179 1373 251 1418 cum
274 1373 393 1437 magno
415 1376 544 1420 suorum
566 1356 753 1424 discrimine
774 1359 876 1426 uictos
897 1361 1082 1428 Brittannos
1102 1361 1137 1426 in
1158 1361 1266 1444 fugam
1288 1381 1358 1427 uer·

127 1472 161 1520 ro
181 1463 227 1527 tit
272 1460 349 1529 inde
372 1464 415 1530 ad
436 1464 556 1533 flumen
578 1469 745 1535 Tamesim
767 1477 818 1536 est
839 1471 1008 1554 protectus,
1032 1491 1126 1554 quem
1148 1490 1211 1535 uno
1232 1478 1357 1536 tantum

182 1575 252 1639 loco
274 1573 370 1640 uadis
391 1577 655 1644 transmeabilem
677 1579 792 1647 ferunt.
836 1579 869 1645 in
898 1580 992 1647 buius
1019 1581 1170 1646 ulteriore
1191 1579 1263 1665 ripa
1284 1600 1354 1644 cum

183 1683 439 1750 Cassobellauno
462 1686 542 1753 duce
563 1689 712 1755 inmensa
741 1690 881 1757 hostiurn
910 1689 1078 1755 multitudo
1106 1689 1295 1756 consederat
1316 1689 1357 1754 ri-

178 1814 318 1878 pamque
341 1795 482 1863 fluminis
504 1817 543 1862 nc
565 1819 670 1882 paene
692 1807 792 1865 totum
820 1801 880 1866 sub
909 1821 994 1886 aqua
1021 1800 1140 1865 uadum
1162 1799 1356 1866 acutissimis

179 1905 313 1971 sudibus
335 1914 587 1990 praestruxerat.
632 1909 718 1993 qnod
747 1910 803 1975 ubi
830 1912 1025 1978 aRomanis
1052 1909 1290 1996 deprehensum
1316 1929 1356 1976 ac

126 2014 310 2080 recitatum
333 2022 399 2096 est,
429 2017 558 2082 barbari
586 2019 750 2102 legionum
777 2021 931 2106 impetum
953 2042 1016 2086 non
1040 2021 1181 2086 terentes
1203 2021 1295 2088 siluis
1318 2040 1354 2087 se

174 2123 341 2202 abdidere,
364 2127 450 2192 unde
473 2127 594 2195 crebris
616 2130 838 2214 eruptionibus
853 2133 1015 2198 Romanos
1036 2130 1179 2214 grauiter
1201 2151 1239 2196 ac
1255 2149 1353 2215 saepe

176 2235 373 2301 lacerabant.
417 2237 542 2304 interea
572 2240 806 2305 Trinouantum
844 2242 1028 2308 firmissima
1055 2243 1168 2308 ciuitas
1197 2261 1268 2306 oum
1290 2241 1353 2305 An·

176 2344 327 2429 drogorio
348 2345 430 2412 duce
452 2347 537 2414 datis
560 2349 776 2433 quadraginta
804 2351 971 2418 obsidibus
994 2351 1126 2417 Caesari
1157 2370 1192 2416 se
1221 2349 1352 2416 dedidit.

175 2455 261 2540 quod
284 2459 467 2542 exemplum
491 2466 620 2524 secutae
650 2459 748 2525 urbes
776 2460 859 2524 aliae
887 2462 1067 2544 complures
1095 2461 1128 2524 in
1158 2458 1271 2526 foedus
1292 2461 1353 2525 Ro

122 2573 158 2623 2⁰
179 2586 346 2633 manorum
369 2575 526 2633 uenerunt
548 2568 778 2653 obsidibusque
801 2568 886 2636 datis
909 2569 1140 2655 stipendiariae
1154 2569 1258 2633 tactae
1279 2576 1353 2633 sunt

173 2676 342 2760 isdemque
363 2676 657 2744 demonstrantibus
681 2677 804 2745 Caesar
824 2679 977 2764 oppidum
994 2677 1238 2745 Gassobellauni
1261 2676 1352 2742 ducis

172 2786 257 2852 inter
285 2785 367 2854 duas
398 2787 535 2872 paludes
564 2789 659 2855 situm
688 2789 821 2854 obtentu
847 2789 980 2873 iusuper
1010 2789 1164 2855 siluarum
1195 2788 1351 2853 munitum

172 2896 386 2979 omnibusque
408 2898 505 2964 rebus
527 2899 793 2965 confertissimum
816 2897 945 2964 tandem
967 2899 1060 2983 graui
1083 2917 1193 2983 pugna
1213 2898 1308 2983 cepit.

258 3007 344 3072 Exin
368 3007 491 3074 Caesar
519 3027 540 3072 a
566 3008 746 3074 Brittannis
775 3027 924 3075 reuersus
953 3008 987 3073 in
1010 3008 1149 3075 Galliam
1177 3014 1347 3091 postquam
1372 3014 1490 3079 XXIII

120 3121 155 3189 25
174 3118 322 3204 legiones
342 3117 376 3182 in
400 3117 536 3183 hiberna
558 3118 653 3198 misit,
675 3118 853 3203 repentinis
874 3119 1030 3184 bellorum
1052 3116 1238 3183 tumultibus
1260 3115 1350 3180 undi-

175 3249 238 3312 que
267 3227 502 3294 circumuentus
530 3235 562 3294 et
589 3227 789 3295 conflIctetus
820 3235 878 3295 est.
922 3247 1061 3312 namque
1083 3226 1250 3292 Ambiorix
1278 3247 1349 3292 cum

171 3337 413 3406 Eburonatibus
452 3345 485 3403 et
516 3338 672 3404 Atuaticis
711 3338 902 3423 conspirans
941 3338 1103 3404 animatus
1135 3339 1348 3403 Treuerorum

172 3448 309 3516 consilio
324 3447 482 3512 'liturium
497 3445 623 3513 Cottam
647 3454 679 3514 et
694 3448 851 3514 Sabinum
865 3447 1093 3514 Arnnculeium
1113 3448 1239 3530 legatos
1261 3446 1349 3531 apud

174 3557 345 3625 Eburonas
367 3576 439 3622 oum
461 3563 529 3623 tota
550 3557 693 3625 mnditm
714 3558 843 3642 legione
864 3557 991 3624 insidiis
1006 3558 1239 3623 circumuentos
1254 3557 1349 3623 inter·

121 3669 154 3720 ³⁰
172 3669 255 3735 lecit.
300 3667 467 3733 Ambiorix
488 3667 550 3732 hac
571 3667 706 3732 uictoria
726 3669 830 3734 elatus
851 3666 1016 3733 Atuaticos
1039 3674 1072 3731 et
1092 3665 1229 3732 Neruios
1251 3665 1349 3750 pluri-

171 3796 304 3864 mosque
327 3777 408 3844 alios
429 3777 546 3862 raptim
568 3778 602 3843 in
624 3798 716 3843 arma
736 3777 896 3843 contrabit
917 3783 1013 3860 atquc
1034 3773 1077 3840 ed
1092 3775 1280 3842 Ciceronem
1303 3777 1347 3842 le·

112 4091 115 4100 ’
240 4078 464 4150 tpolttremoD
543 4077 744 4134 ficentunotnt
759 4076 793 4133 D*
871 4077 1069 4132 'lbrrttamlll
1137 4074 1347 4131 ebnttcnotll

174 4178 204 4228 1⁰
223 4171 376 4228 estomd
481 4175 510 4226 tl
536 4171 666 4241 androgio
691 4171 780 4226 codex
799 4169 941 4225 Goaltbm·
1043 4173 1073 4224 18
1091 4167 1347 4240 celtrrledcdrtll

174 4271 205 4320 le
221 4265 301 4335 fqdnl'
316 4263 344 4320 Ι)
439 4267 472 4318 20
490 4263 673 4334 oplrd1b3q·D
741 4263 905 4334 stupendmru
920 4261 1032 4318 factrD
1126 4265 1156 4318 21
1175 4261 1347 4332 liddeum-D

171 4359 285 4414 duceD
353 4361 386 4412 at
407 4356 576 4414 brrttaurll)
628 4362 677 4412 «25
695 4355 834 4412 meruel)
902 4360 934 4410 27
952 4356 1119 4411 treberorum
1137 4353 1165 4409 P
1230 4359 1345 4411 282121-

170 4467 239 4506 nem
256 4450 284 4507 D
335 4431 502 4506 ardennam
519 4449 547 4506 D
597 4455 630 4507 30
647 4455 763 4507 metono
782 4449 885 4506 celetur
899 4447 1085 4506 smatncorl)
1161 4449 1346 4518 allegatum

213 4545 330 4588 Eunoen
349 4555 469 4588 mserum
1094 4555 1123 4606 10
