2834 5394
10 39 992 290 m

667 106 702 143 ὃ.

540 642 613 689 cnr.
638 643 734 690 n1111-
748 644 819 691 nvn
1195 629 1256 693 423

168 791 263 858 Anno
294 793 420 878 imperii
452 792 501 859 sui
535 794 645 876 quinto
676 795 801 862 Phocas
833 804 989 881 tyrannus
1027 796 1126 862 tiliam
1160 817 1253 863 suam
1275 797 1346 863 LVI

80 904 313 970 Domnentiam
343 903 453 970 Prisco
482 903 617 988 patricio
646 912 677 970 ct
704 906 811 970 comiti
845 905 1063 973 excubitorum
1094 907 1198 974 iunxit
1225 914 1258 973 et

82 1012 179 1082 factis
200 1013 235 1080 in
256 1015 378 1100 palatio
400 1013 504 1079 llarin
536 1016 658 1100 nuptiis
692 1016 785 1082 iussit
817 1016 886 1082 fieri
918 1017 1030 1082 ludum
1064 1023 1256 1100 equestrem.

84 1123 250 1192 demarchi
273 1131 379 1190 autern
403 1125 692 1209 utriusquepartis
714 1126 802 1210 apud
824 1133 974 1211 quattuor
996 1128 1161 1194 columnas
1185 1147 1256 1192 cum

48 1231 307 1321 ⁸imperialibus
343 1235 446 1318 signis
482 1241 662 1301 statuerunt
688 1237 791 1302 Prisci
828 1256 866 1302 ac
899 1238 1114 1305 Dorunentiae
1152 1239 1256 1321 signa.

84 1345 203 1431 quihus
224 1344 343 1410 auditis
366 1345 540 1429 imperator
561 1346 662 1412 iratus
684 1353 733 1413 est
755 1354 788 1412 ot
809 1347 939 1415 mittens
967 1347 1104 1414 adduxit
1132 1347 1256 1413 demar-

84 1456 164 1522 chos
186 1454 421 1539 Theophanem
453 1455 574 1520 scilicet
606 1476 644 1521 ao
672 1456 876 1542 Pamphilum
909 1467 941 1523 et
973 1464 1117 1525 statuens
1150 1457 1255 1524 nudos

85 1566 182 1634 iussit
204 1584 259 1631 eos
281 1564 444 1631 decollari.
489 1584 560 1629 oum
590 1567 675 1631 enim
706 1567 849 1633 misisset
878 1575 1132 1651 protocursorem
1155 1574 1191 1635 ut
1211 1568 1258 1635 in·

85 1681 264 1759 terrogaret
286 1694 341 1740 eos
364 1695 426 1760 quo
449 1676 668 1760 praecipiente
692 1677 824 1743 iecerint
846 1677 915 1757 hoo,
939 1676 1089 1744 dixerunt
1111 1680 1187 1762 qrria
1210 1698 1258 1746 se·

34 1800 69 1850 tu
85 1786 225 1853 cundum
249 1785 513 1852 consuetudinem
536 1786 709 1853 lineatores
731 1788 792 1853 hoc
814 1788 965 1852 iecerunt.
1009 1808 1103 1873 porro
1126 1789 1273 1853 lineato·

86 1917 140 1964 res
162 1896 232 1962 siue
254 1914 419 1961 mensores
443 1895 630 1979 interrogati
654 1918 750 1979 quam
772 1897 814 1962 ob
830 1916 896 1962 rem
912 1897 946 1963 id
961 1897 1103 1979 iecerint,
1127 1917 1260 1983 respon-

86 2006 204 2073 derunt
225 2006 303 2090 quia
324 2025 395 2070 cum
418 2004 628 2090 imperatores
652 2007 709 2071 filii
738 2008 779 2072 ab
809 2007 958 2074 omnibus
990 2007 1146 2073 nominati
1175 2014 1259 2090 suut,

87 2137 108 2182 a
129 2116 222 2182 nobis
244 2115 325 2200 ipsis
348 2115 408 2179 hoe
429 2115 573 2181 fecimus.
618 2137 697 2182 sane
720 2117 848 2184 Priscus
877 2117 990 2183 timore
1019 2117 1190 2184 tenebatur
1217 2136 1259 2182 ne

86 2228 168 2292 forte
204 2226 406 2310 imperatoris
443 2225 523 2289 iram
556 2226 718 2291 incideret.
763 2228 865 2294 turbis
902 2236 1008 2293 autern
1045 2227 1260 2294 clamantibus

40 2347 73 2400 to
89 2336 343 2404 misericordiam
366 2334 497 2399 concedi
513 2336 584 2417 sihi,
609 2338 737 2402 uoniam
754 2337 842 2403 dedit
857 2338 993 2404 Phocas.
1038 2358 1079 2404 ex
1094 2344 1169 2403 tunc
1185 2356 1261 2422 ergo

87 2447 218 2514 Priscus
240 2445 494 2529 indignationem
516 2467 633 2530 passus
656 2468 721 2512 non
744 2454 813 2512 erat
834 2455 920 2514 recte
943 2468 1013 2512 cum
1036 2448 1152 2514 Phoco.

172 2558 302 2621 Interea
329 2555 488 2639 quaedam
518 2557 632 2621 mulier
654 2558 806 2623 Petronia
834 2560 973 2636 nomine,
1002 2559 1038 2623 fit
1066 2557 1260 2643 imperatrici
1283 2557 1372 2622 LVII

89 2665 320 2732 Constantinus
343 2666 491 2732 ministra
520 2686 602 2746 quae
625 2667 667 2731 ad
691 2667 887 2733 Germanum
910 2669 952 2733 ab
975 2689 1015 2734 oa
1037 2688 1194 2752 responsa
1217 2667 1262 2733 ie-

89 2777 190 2842 rebat.
235 2796 329 2860 porro
353 2795 422 2840 oum
446 2776 532 2840 lama
561 2776 752 2842 dilataretur
781 2777 865 2861 quod
888 2777 1092 2845 Theodosius
1114 2777 1263 2842 Mauricii

37 2906 74 2958 20
89 2887 174 2953 lilius
197 2887 330 2960 uiueret,
368 2906 457 2969 spem
488 2886 604 2951 bonam
634 2907 731 2971 super
753 2888 813 2951 hoc
835 2898 901 2952 tarn
925 2887 1141 2953 Constantina
1164 2906 1262 2968 quam

91 2996 273 3063 Germanus
302 2995 452 3060 habebat.
503 3003 536 3060 at
566 3017 641 3061 uero
670 2999 808 3062 scelesta
836 2998 988 3062 Petronia
1015 2997 1096 3062 haec
1124 3004 1263 3081 tyranno

90 3106 376 3172 manifestatecit.
421 3113 472 3171 ast
504 3113 661 3190 tyrannus
685 3106 930 3173 Constantinam
954 3107 1176 3192 Theopempto
1209 3126 1263 3172 ox·
1302 3195 1303 3199 Ἰ

88 3216 186 3282 archo
208 3216 250 3281 ad
273 3216 485 3298 torquendum
509 3217 650 3282 tradidit.
702 3218 883 3302 quaedum
910 3224 1121 3302 torqueretur,
1150 3218 1264 3281 Roma·

88 3347 165 3391 num
198 3326 367 3410 patricium
399 3345 496 3392 nosse
530 3328 791 3395 interlocutiones
825 3349 902 3394 suas
934 3328 1082 3393 contessa
1105 3333 1164 3393 est.
1210 3327 1265 3410 qui

40 3454 74 3523 re
91 3436 342 3521 comprehensus
365 3443 461 3519 atque
484 3436 652 3505 discussus
681 3439 777 3503 etiam
808 3439 889 3504 alios
912 3438 1035 3504 loreia
1058 3435 1196 3503 insidias
1218 3442 1266 3521 ty·

91 3546 236 3612 rannidis
260 3546 323 3613 sibi
345 3554 570 3629 cooperatores
594 3549 767 3632 perhibuit.
813 3549 1063 3634 comprehensus
1086 3554 1137 3614 est
1159 3552 1264 3611 autern

90 3664 122 3722 et
136 3655 326 3723 Theodorus
349 3657 481 3723 orientis
504 3659 698 3741 praelectus,
723 3679 817 3743 quem
840 3666 998 3744 tyrannus
1020 3658 1198 3725 uerberans
1221 3656 1266 3721 in-

90 3767 225 3833 teremit.
269 3766 477 3850 Helpidiique
508 3789 622 3835 manus
653 3788 691 3834 ac
720 3769 820 3854 pedes
849 3769 996 3836 recidens
1025 3769 1110 3834 huno
1132 3764 1268 3833 tradidit

90 3877 158 3960 igni
179 3878 422 3959 Romanumque
445 3878 626 3943 decollauit.
680 3899 775 3964 porro
802 3878 1049 3945 Constantinam
1071 3898 1142 3943 curn
1164 3875 1267 3942 tribus

40 4003 75 4052 ec
92 3986 220 4053 filiabus
242 3988 275 4051 in
298 3986 368 4050 loco
391 3987 445 4052 ubi
469 3995 501 4053 et
523 3989 698 4055 Mauricius
722 3989 934 4072 interemptus
957 3994 1016 4063 est,
1040 3986 1150 4071 gladio
1173 3985 1267 4050 truri-

91 4096 188 4162 dauit.
233 4097 430 4162 Germanum
453 4105 560 4162 autem
583 4105 614 4162 et
638 4098 732 4164 huius
755 4099 854 4164 filiani
883 4117 938 4163 ore
967 4096 1162 4162 machaerae
1186 4096 1268 4160 occi-

89 4205 148 4271 dit.
193 4206 340 4273 similiter
374 4215 405 4273 et
434 4208 611 4273 Iohannem
642 4207 746 4274 Gizan
779 4207 949 4293 patricium
983 4215 1015 4272 et
1047 4205 1266 4272 Theodosium

92 4437 398 4449 ——ss

160 4599 175 4649 3
194 4609 295 4664 marrus
314 4595 414 4664 nuptui
429 4595 455 4651 Ι)
523 4602 539 4651 l
558 4597 688 4651 drmarchr
706 4597 732 4652 D
807 4601 822 4651 6
841 4595 993 4649 drmarchol
1010 4595 1035 4650 D
1109 4597 1123 4645 'r
1144 4592 1227 4647 irhcet
1241 4591 1269 4646 D

90 4691 107 4741 8
125 4687 221 4741 mrhlle
239 4686 265 4742 D
354 4693 381 4741 l'l
401 4694 474 4783 ⁸2²¹
496 4696 620 4758 patroma
638 4689 664 4745 Ι)
750 4694 781 4743 25
801 4696 909 4758 tyranm
928 4689 954 4743 Ι)
1031 4693 1063 4743 2ῖ
1083 4685 1228 4742 theodorus
1243 4685 1270 4741 D

90 4785 123 4834 32
143 4789 170 4834 et
187 4795 266 4849 gizan
283 4780 307 4835 dr
323 4783 449 4851 paltrrcru
467 4781 492 4837 1)
