2834 5394
451 678 453 681 ’
507 693 579 740 cnr.
601 691 734 738 xxxm-
749 691 881 740 xxxvrr.
1205 680 1265 743 581

96 844 274 910 Thracem!
316 850 367 910 ast
388 844 563 928 imperator
591 841 699 927 posuit
726 841 846 926 equina
869 841 902 907 in
925 862 1045 928 mappa
1067 850 1209 910 stercora
1236 852 1270 910 et

96 955 274 1021 transmisit
295 953 324 1019 ei
354 953 481 1037 ‘qualia’
503 951 653 1036 inquiens
676 949 723 1018 ‘te
745 950 860 1018 decere
875 958 971 1036 pacta
984 950 1142 1037 praesidi,
1165 960 1269 1020 trans·

96 1065 170 1131 misi
191 1064 259 1129 tibi.
302 1083 414 1129 uerum
438 1062 515 1146 qnia
536 1080 648 1144 senex,
670 1062 745 1126 nolo
766 1067 801 1126 ut
823 1062 968 1145 fatigeris
998 1080 1100 1147 nsque
1122 1061 1270 1128 adhaec

95 1176 168 1240 loca
211 1172 269 1240 sed
298 1192 358 1257 ego
388 1172 484 1237 uenio
520 1190 622 1255 nsque
650 1170 805 1236 Marcella
846 1177 878 1237 et
910 1178 945 1236 tu
967 1171 1019 1237 exi
1057 1178 1089 1237 et
1116 1169 1269 1257 quicquid

64 1283 290 1354 sindicauerit
311 1281 409 1349 deus!
452 1286 578 1347 etcum
600 1280 744 1347 misisset
766 1281 940 1365 imperator
967 1280 1010 1347 ad
1032 1281 1186 1347 ulteriora
1203 1280 1270 1348 the

96 1401 192 1472 mata,
216 1392 378 1477 congessit
399 1391 552 1477 populum
575 1411 668 1456 suurn
697 1397 729 1455 et
749 1391 840 1457 uenit
860 1410 964 1476 usque
990 1391 1204 1457 Versiciniam
1237 1397 1271 1457 et

96 1503 274 1569 Cardamns
296 1522 399 1588 usque
421 1501 465 1567 sd
484 1502 591 1566 lucum
613 1500 790 1583 Abroleua,
813 1508 938 1567 etcum
960 1500 1154 1583 formidaret,
1178 1521 1270 1567 nran-

96 1614 139 1679 sit
160 1613 193 1678 in
216 1632 356 1679 nemore.
392 1617 444 1678 ast
465 1630 542 1676 uero
565 1609 739 1694 imperator
768 1611 944 1677 confortato
966 1611 1091 1696 populo.
1108 1632 1166 1678 suo
1188 1611 1270 1677 abiit

96 1742 198 1807 usqne
227 1721 270 1787 ad
297 1723 403 1787 lucum
433 1720 597 1786 Abroleua
625 1721 768 1787 inuitans
801 1739 873 1785 enm
901 1740 960 1806 per
989 1719 1058 1788 dies
1092 1719 1203 1788 decem
1236 1727 1271 1788 et
1350 1800 1353 1806 ι

51 1852 79 1901 ro
97 1839 235 1916 septem.
279 1838 313 1896 st
333 1831 389 1897 ille
410 1837 547 1896 nonest
568 1851 668 1897 ausus
690 1829 748 1896 sed
769 1828 938 1916 repedauit
959 1832 1057 1915 fugax
1079 1831 1121 1896 sd
1145 1850 1214 1897 sua.

180 1940 302 2006 Eodem
326 1959 453 2025 quoqne
474 1959 560 2005 anno
583 1946 615 2006 et
636 1939 762 2006 Arabes
793 1947 952 2005 uenerunt
978 1959 1081 2022 usqne
1110 1939 1153 2005 ad
1175 1931 1404 2005 Amo-XXXV

98 2050 180 2116 rium
208 2056 332 2117 etcum
355 2049 436 2115 nihil
458 2048 679 2134 proiecissent,
701 2049 826 2116 reuersi
850 2057 924 2116 eunt
943 2049 1066 2135 praeda
1089 2050 1122 2115 in
1137 2032 1270 2115 circurn-

97 2179 224 2244 quaque
246 2158 431 2243 regionibns
453 2159 546 2224 facta
592 2157 707 2224 eodem
735 2166 843 2225 autem
872 2179 957 2225 anno
979 2160 1072 2225 Plato
1095 2159 1267 2227 Saeeudio·

96 2271 148 2337 nis
170 2270 272 2335 abbas
295 2288 331 2336 se
359 2267 498 2335 abscidit
527 2289 547 2333 a
569 2268 791 2334 communione
813 2268 942 2335 Tarasii
970 2269 1174 2354 patriarchae
1210 2290 1268 2354 pro

49 2401 77 2450 15
96 2399 134 2444 eo
156 2377 241 2463 quod
263 2380 488 2463 imperatorem
518 2379 553 2443 in
581 2378 805 2444 communione
839 2380 998 2464 receperit
1032 2384 1064 2443 et
1091 2378 1268 2446 institutori

95 2488 229 2554 tondere
263 2508 395 2554 uxorem
430 2488 502 2554 eius
530 2488 666 2552 Mariam
703 2494 734 2552 et
755 2487 872 2573 Ioseph
905 2488 1062 2554 monacho
1093 2495 1125 2554 et
1156 2489 1269 2556 abbati

94 2598 293 2679 monasterii,
331 2596 417 2681 qnod
445 2597 626 2681 appellatur
653 2596 868 2678 Toncatbara,
905 2616 1059 2662 coronare
1094 2616 1167 2663 enm
1196 2618 1268 2663 curn

96 2706 263 2772 Theodote
285 2705 495 2790 praeceperit.
540 2703 626 2789 quod
656 2725 729 2770 curn
750 2705 918 2773 didicisset
945 2707 1129 2791 imperator,
1167 2707 1269 2774 misso

95 2814 259 2881 Bardanio
281 2814 416 2899 patricio
438 2820 470 2878 et
491 2814 672 2879 scholarum
695 2814 870 2882 domestico
892 2834 963 2880 curn
984 2813 1132 2881 Iohanne
1154 2816 1269 2882 comite

48 2943 81 2992 ao
99 2924 265 3006 Obsequii,
276 2923 443 2988 Platonem
458 2922 634 2988 introduxit
649 2925 681 2987 in
695 2923 816 3007 urbem,
833 2931 866 2990 et
880 2924 1011 2991 retrusit
1026 2925 1111 2989 intra
1126 2925 1270 2992 claustra

99 3035 133 3098 in
155 3034 274 3117 templo
288 3033 445 3118 principis
460 3032 604 3113 militiae,
628 3032 714 3118 qnod
737 3040 787 3100 est
808 3034 843 3099 in
864 3034 1002 3119 palatio:
1025 3034 1167 3118 reliquos
1188 3055 1267 3102 uero

94 3142 269 3208 monachos
291 3161 361 3207 eum
385 3142 557 3226 nepotibus
581 3141 650 3208 eius
672 3161 844 3227 pereussos
867 3143 964 3209 exilio
979 3144 1165 3227 relegarunt
1178 3143 1266 3230 apnd

94 3252 371 3334 Thessalonicam,
395 3252 511 3334 quibus
528 3251 745 3317 auxiliabatur
761 3258 863 3317 mater
878 3252 1091 3337 imperatoris,
1113 3259 1266 3338 tanquam

94 3362 146 3429 his
169 3363 224 3446 qui
246 3361 313 3426 filio
336 3381 394 3427 suo
417 3360 621 3444 resistebant,
645 3368 678 3426 et
700 3361 948 3427 confundebant.

46 3488 78 3537 ae
179 3472 273 3535 Anno
287 3469 414 3556 imperii
430 3471 480 3536 sui
496 3471 642 3555 septimo,
663 3489 774 3538 mense
788 3490 867 3537 uero
883 3470 1082 3557 Septembris
1101 3490 1251 3555 egressus
1258 3471 1358 3540 XXX
1400 3481 1410 3531 Ι

96 3586 145 3645 est
180 3579 355 3663 imperator
391 3598 462 3644 cunr
499 3585 600 3645 matre
637 3600 697 3647 sua
733 3587 768 3645 ut
803 3581 966 3646 calefieret
1001 3579 1089 3664 apud
1121 3581 1269 3647 Prusam.

96 3687 232 3754 Octobre
255 3706 331 3752 uero
354 3708 465 3765 mense
487 3695 582 3754 natus
604 3696 653 3755 est
674 3690 861 3775 imperatori
885 3690 982 3772 filius,
1005 3709 1100 3775 quern
1122 3691 1269 3758 nomina·

96 3799 142 3861 uit
163 3798 321 3879 Leonem,
350 3817 434 3882 quae
457 3816 528 3862 curn
551 3799 757 3879 cognouisset
778 3799 962 3884 imperator,
991 3798 1145 3864 derelicta
1167 3807 1269 3865 matre

96 3904 183 3991 apud
205 3904 348 3972 tbermas
376 3925 443 3971 nna
471 3925 542 3970 enm
572 3904 686 3970 ordine
709 3906 798 3989 regio
820 3907 972 3972 uniuerso
1000 3915 1097 3990 atque
1118 3908 1270 3993 principi-

48 4029 78 4079 30
96 4015 156 4081 bus
194 4014 313 4080 cursim
341 4015 374 4080 in
403 4014 516 4080 urbem
539 4033 708 4098 regressus
730 4021 788 4081 est.
833 4021 1028 4100 quapropter
1049 4015 1144 4081 buius
1167 4022 1271 4082 mater

98 4124 202 4209 spatio
226 4130 352 4209 reperto
388 4124 528 4188 allocuta
549 4128 599 4189 est
635 4129 668 4189 et
696 4123 856 4191 subtraxit
884 4123 1071 4190 muneribus
1101 4142 1139 4189 ae
1161 4144 1269 4209 repro-

96 4234 306 4302 missionibus
327 4234 491 4317 agminum
513 4232 694 4319 principes,
723 4240 759 4299 ut
786 4231 1001 4318 deponeretur
1021 4233 1108 4299 filius
1130 4253 1208 4300 suns
1236 4239 1271 4299 et

95 4342 168 4428 ipsa
190 4344 397 4427 singulariter
419 4343 611 4429 imperaret,
648 4344 731 4410 alios
758 4342 954 4427 borumper
976 4362 1012 4410 se
1033 4345 1149 4427 ipsam,
1185 4343 1270 4409 alios

164 4614 175 4661 1
196 4608 286 4664 bom.
308 4610 333 4665 Ι)
419 4615 434 4665 6
452 4611 595 4664 uerlmrcra
613 4607 639 4662 D
723 4614 737 4660 'l
757 4592 934 4663 abroleubD
1025 4614 1055 4663 13
1075 4607 1226 4663 iacudronrs
1242 4607 1269 4662 b

99 4705 127 4754 16
146 4700 287 4756 totondere
305 4701 331 4756 b
429 4707 458 4756 ll
478 4703 612 4773 apellatur
629 4700 656 4756 Ι)
765 4705 794 4754 19
812 4686 917 4755 scolard
940 4699 966 4755 b
1085 4706 1117 4756 23
1135 4685 1224 4770 taqn⁴a
1243 4700 1271 4755 b

94 4797 127 4846 28
147 4793 228 4861 quae]
245 4779 305 4861 Qud
323 4792 349 4848 b
