3142 5056
510 300 619 348 INDEX
641 299 880 349 carluvuouvu

110 453 161 521 piis
180 451 311 506 Chosroes
336 449 371 504 nd
388 463 417 504 se
441 448 571 504 festinare
588 448 669 504 iubet.

109 545 211 614 palatia
237 544 339 612 aliquot
362 541 431 612 regis
459 542 602 596 Persarum
635 541 670 596 ah

110 638 270 706 imperatore
292 640 408 690 4444444.

144 733 176 784 39
203 730 348 798 imperator
365 743 413 796 per
429 726 571 782 Armenios
590 742 671 796 quos·

111 823 172 878 dam
198 823 297 876 certior
314 820 345 874 fit
363 820 397 876 44
414 819 540 874 Ghosrois
558 821 671 874 castris:

111 932 223 985 cumque
241 914 360 970 exercitu
378 929 427 968 suo
451 913 479 967 in
502 913 602 981 palatio
619 913 672 968 Be·

112 1009 171 1063 chal
190 1006 353 1063 considendo
371 1021 400 1060 44
417 1005 526 1074 largiter
542 1003 636 1060 reiicit.

145 1106 178 1156 40
214 1099 341 1154 Chosrois
364 1099 397 1154 de
414 1114 462 1153 suo
486 1099 585 1167 palatio
609 1099 673 1166 luga

112 1195 147 1250 ad
166 1194 371 1264 Ctesiphontem.

147 1293 175 1341 41
214 1288 292 1341 uaria
318 1285 419 1355 praeda
444 1299 460 1338 a
486 1283 617 1338 Romanis
644 1281 673 1336 in

112 1381 219 1450 palatiis
244 1379 370 1434 Chosrois
401 1378 518 1431 inuenta.
552 1375 629 1429 multi
658 1390 673 1430 e

113 1474 226 1543 captiuis
251 1471 286 1526 nd
302 1472 489 1540 imperatorem
507 1467 673 1536 confugiunt.

148 1571 180 1620 42
215 1565 355 1620 Heraclius
373 1563 473 1633 palatia
484 1561 610 1616 Chosrois
628 1559 674 1614 de·

114 1659 201 1714 struit.
220 1659 305 1728 captis
323 1655 484 1725 quibusdam
502 1654 557 1708 eius
581 1653 674 1707 aulicis

115 1754 148 1808 de
165 1752 237 1822 turpi
255 1753 311 1806 eius
329 1757 356 1804 et
367 1747 544 1817 praecipitata
559 1745 624 1816 fuga
642 1761 675 1800 ox

114 1847 179 1916 ipsis
197 1844 343 1914 cognoscit.

149 1944 180 1994 ts
217 1937 349 1992 Chosroes
373 1935 449 1990 naria
466 1932 530 2002 luga
553 1939 675 2002 uagatur.

114 2032 221 2087 4444444
240 2029 377 2085 Seleuciae
395 2044 454 2082 cum
472 2025 592 2095 pecuniis
610 2026 674 2089 suis,

114 2140 197 2180 uxore
214 2131 241 2178 et
258 2123 365 2178 fihohus
383 2135 411 2174 se
428 2118 548 2174 includit.

147 2223 179 2272 44
216 2212 499 2271 SarbarszaePersee
522 2211 674 2266 44144444-

114 2327 163 2366 nos
182 2309 310 2366 detectio:
336 2307 381 2376 qui
399 2313 425 2360 et
442 2305 557 2372 reliquos
575 2304 674 2373 princi·

114 2421 161 2474 pes
176 2403 309 2458 exercitus
321 2408 382 2456 astu
393 2399 489 2454 444444
498 2413 530 2452 44
538 2396 675 2452 Chosroeu

116 2497 242 2552 concitat.

149 2595 180 2644 45
216 2587 333 2643 Heraclii
350 2587 454 2640 litterae
477 2584 512 2639 ad
530 2583 676 2637 Chosroen.

115 2683 203 2738 odium
221 2681 365 2736 Persarum
389 2679 520 2732 aduersus
539 2676 677 2730 Chosroeu

115 2777 225 2841 crescit,
244 2773 316 2843 quod
336 2789 352 2826 a
369 2788 437 2840 pace
453 2771 533 2840 plane
551 2784 676 2824 auersum

114 2869 213 2924 uident
250 2867 381 2921 Chosroes
398 2867 494 2918 iterum
512 2862 614 2931 magnis
632 2877 676 2916 co-

114 2963 165 3030 piis
183 2960 301 3015 collectis
320 2974 365 3013 eas
385 2956 533 3026 iungendos
549 2954 677 3009 exercitui

116 3053 226 3106 Razatis
244 3051 327 3105 mittit
353 3051 479 3119 iubetque
506 3057 537 3104 ot
554 3048 589 3104 ad
605 3047 676 3103 Nar-

116 3145 170 3197 han
194 3144 292 3198 444444
320 3144 457 3198 constituti
483 3143 611 3211 pontibus
635 3141 676 3195 in·

116 3237 177 3291 cisis
201 3237 387 3305 imperatorem
414 3236 529 3290 transitu
549 3233 675 3304 prohihe-

114 3337 182 3384 rent.

150 3428 183 3476 46
217 3422 363 3490 imperator
399 3420 480 3476 misso
509 3418 624 3487 Georgio
651 3423 677 3472 et

117 3517 222 3584 cognito
247 3519 342 3582 pontes
368 3511 476 3566 Narhae
502 3512 601 3566 incisos
627 3525 677 3566 nec

115 3609 216 3663 uadum
234 3622 308 3670 esse,
327 3605 458 3660 Siszuron
475 3605 544 3668 adit,
570 3605 678 3672 regione

116 3709 144 3756 et
159 3699 270 3756 urbibus
279 3699 402 3753 incensis.
427 3703 536 3753 uentum
554 3698 582 3751 in
600 3711 677 3765 prae·

116 3796 189 3850 dium
207 3794 322 3848 Barzan.
360 3790 540 3845 Gundahusas
567 3789 677 3844 chiliar-

116 3889 182 3942 chus
217 3885 384 3940 Sarharazae
419 3883 454 3937 ad
489 3883 677 3952 imperatorem

116 3981 221 4036 ductus.

150 4079 181 4126 ll
219 4071 351 4126 chosroes
368 4071 395 4124 in
414 4070 591 4139 dysenteriam
609 4069 676 4124 inci·

117 4165 182 4219 dens
213 4165 296 4220 illium
320 4181 398 4219 suum
420 4163 565 4218 Merdasan
601 4179 677 4217 coro·

117 4273 182 4312 nare
200 4257 265 4311 uult
283 4273 315 4312 eo
334 4261 469 4326 comperto
489 4255 597 4325 Syrohis
623 4255 677 4324 pri·

117 4349 264 4417 mogenitus
281 4349 364 4418 ipsius
382 4349 461 4403 ualde
478 4347 612 4404 turbatus.

1221 289 1287 351 655

756 451 789 502 48
825 447 935 518 Syrohis
953 449 1057 502 litterae
1085 450 1119 504 sd
1139 449 1286 506 6444444-

722 555 797 605 sam,
823 547 854 594 ut
871 541 1033 610 persuadeat
1051 543 1195 607 exercitui,
1213 559 1243 598 se
1260 544 1288 598 iu

722 649 810 702 regem
844 633 984 702 recipiant.
1029 634 1212 690 Gundahusaa
1243 650 1285 690 re·

723 726 840 794 sponsio.
876 727 985 796 Syrohis
1004 744 1065 782 cum
1082 727 1205 797 pluribus
1224 727 1284 782 aliis

724 817 874 888 principum
909 819 970 874 filiis
998 821 1136 875 Chosroen
1164 826 1288 876 statuunt

723 912 867 980 perimere,
886 914 930 966 uel
949 913 1147 983 hocproposito
1164 911 1288 970 frustrati

724 1004 867 1073 coningere
884 1005 918 1060 ad
936 1007 1099 1062 Heraclium.

759 1101 791 1151 44
827 1097 1008 1153 (4444444444
1031 1099 1122 1168 itaque
1145 1098 1180 1154 ad
1204 1099 1288 1168 impe·

723 1195 839 1245 retorem
857 1191 953 1246 444444
971 1207 987 1246 4
1005 1191 1108 1261 Syrohi.
1141 1192 1287 1260 imperato·

723 1283 760 1337 ris
789 1283 825 1336 44
857 1283 971 1354 Syrohin
999 1285 1134 1339 mandata.
1178 1285 1288 1356 Syrohis

724 1375 848 1444 captiuos
871 1375 1010 1432 Romanos
1028 1377 1124 1432 liberat
1141 1383 1290 1446 contraque

724 1474 828 1538 patrem
839 1468 975 1524 chosroen
994 1476 1175 1525 armamouot.
1204 1469 1288 1526 Chos-

725 1561 780 1616 rois
798 1562 951 1630 captiuitas.

756 1658 793 1730 ,to
825 1653 957 1708 Chosroes
975 1653 1223 1722 ignominiosissime
1240 1655 1289 1711 ha·

725 1746 816 1810 bitus,
852 1745 906 1800 lilio
934 1747 991 1801 eins
1016 1747 1143 1802 Mordasa
1169 1748 1289 1804 incoram

727 1853 821 1904 caeso,
840 1845 867 1893 et
884 1838 992 1908 reliquis
1010 1841 1067 1894 eius
1085 1840 1162 1905 liliis,
1181 1841 1290 1896 tandem

726 1937 754 1986 et
786 1933 844 2000 ipso
871 1932 974 2001 sagittis
996 1933 1188 2002 interemptus,
1214 1935 1290 1989 iussu

726 2023 836 2095 Syrohis
854 2024 907 2078 lilii.
943 2025 1053 2094 Syrohis
1074 2025 1177 2080 firmam
1195 2041 1291 2095 pacem

726 2134 787 2172 cum
796 2117 922 2172 Heraclio
931 2119 1031 2187 iungit3
1050 2119 1160 2173 redditis
1178 2119 1203 2173 ei
1220 2120 1290 2174 inter

726 2219 830 2267 ceteros
858 2211 980 2280 captiuos
1003 2212 1136 2266 Zacharia
1153 2212 1290 2282 episcopo,

725 2309 751 2358 et
768 2309 863 2358 sancta
882 2320 977 2368 cruce,
997 2321 1014 2358 a
1032 2305 1203 2372 Sachama,
1229 2321 1291 2359 cum

726 2397 912 2467 Hierosolyma
930 2399 1053 2465 cepisset,
1071 2398 1170 2453 ablata.

761 2494 792 2544 51
829 2489 987 2545 Theodorus
1009 2491 1178 2559 imperatoris
1205 2491 1291 2545 frater
1393 2475 1399 2486 '

728 2582 762 2636 ab
787 2583 912 2638 Heraclio
937 2589 963 2636 et
992 2582 1089 2652 Syrohi
1114 2585 1227 2648 missus,
1259 2589 1291 2636 ut

727 2674 827 2730 Persae
853 2676 898 2744 qui
926 2677 954 2730 in
972 2675 1100 2730 Romanis
1119 2677 1230 2730 urbibus
1248 2692 1290 2730 es-

728 2773 788 2822 sent
812 2785 872 2822 cum
897 2785 965 2838 pace
983 2769 1088 2824 domum
1106 2769 1237 2834 redirent,
1264 2777 1293 2823 et

727 2861 844 2916 innocue
869 2869 968 2917 herram
996 2862 1178 2916 Romanorum
1202 2869 1291 2916 trans·
1361 2855 1365 2864 ⁸

727 2953 805 3009 irent.
839 2955 958 3008 Heraclii
979 2958 1066 3010 laetus
1090 2955 1191 3010 reditus
1220 2954 1290 3009 Con·

728 3047 936 3115 stantinopolim.

762 3144 794 3193 52
830 3147 931 3210 quanta
960 3158 1021 3195 cum
1055 3141 1235 3210 gratulatione
1263 3147 1291 3196 et

727 3233 829 3287 laetitia
861 3234 1007 3302 imperator
1042 3249 1058 3287 a
1084 3234 1152 3288 hello
1181 3235 1292 3290 Persico

728 3326 833 3380 rediens
866 3336 994 3396 exceptus
1021 3327 1109 3382 luerit.
1164 3327 1289 3392 Adhesir,

727 3435 775 3474 rex
792 3419 943 3484 Persarum,
963 3420 1056 3489 Syrohi
1075 3420 1204 3474 succedit.
1237 3421 1291 3474 lle-

728 3511 827 3566 raclius
854 3512 1065 3582 Hierosolymam
1101 3513 1290 3581 proficiscitur.

729 3605 869 3659 Beniamin
886 3605 995 3674 quidam
1014 3605 1130 3660 Iudaeus
1148 3605 1292 3673 opulentus

729 3697 763 3752 ad
789 3698 868 3754 iidem
895 3697 1073 3752 Christianam
1099 3698 1133 3752 ab
1161 3714 1192 3753 eo
1226 3715 1291 3754 con·

728 3806 829 3846 uersus.

762 3889 794 3937 53
829 3883 948 3938 Heraclii
961 3883 1171 3952 Hierosolymam
1189 3883 1292 3938 aduen-

727 3981 780 4030 tus.
816 3991 837 4029 s.
857 3978 944 4032 crucis
968 3976 1116 4040 restitutio,
1143 3983 1173 4028 nt
1197 3983 1223 4030 et
1239 3975 1291 4029 Za-

730 4069 837 4122 chariae
847 4069 971 4138 episcopi.
996 4070 1142 4138 imperator
1153 4068 1292 4124 Hebraeos

730 4178 762 4216 ex
777 4162 842 4216 urbe
859 4169 953 4216 sancta
971 4162 1052 4231 pellit.
1070 4161 1191 4216 Edessae
1206 4161 1291 4216 eccle-

731 4255 797 4308 siam
823 4255 979 4310 orthodoxis
1006 4255 1100 4316 reddit,
1129 4269 1208 4322 quam
1237 4254 1291 4308 Ne·

732 4349 842 4403 storiani
871 4348 1006 4402 tenebant.
1042 4346 1174 4416 quomodo
1203 4348 1292 4402 Persi-
