2834 5394
328 1558 648 1659 HISTORIA
683 1559 1010 1659 MISOELLA

497 1879 645 1945 LIBER
666 1878 841 1945 PRIMVS

167 2050 309 2161 Primus
330 2094 365 2160 iu
395 2094 507 2177 Italia,
535 2102 571 2161 ut
599 2092 793 2179 quibusdam
821 2095 944 2179 placet,
973 2093 1121 2178 regnauit
1147 2095 1293 2166 lanosi

77 2203 199 2270 deinde
230 2205 389 2270 Saturnus
416 2204 526 2270 Iouem
553 2203 656 2269 filium
684 2222 703 2270 e
731 2203 871 2271 Graecia
900 2203 1027 2288 lugiens
1055 2202 1089 2269 in
1117 2204 1256 2287 ciuitate,

79 2333 162 2396 quae
187 2335 228 2380 ex
248 2313 318 2380 eius
340 2315 472 2380 nomine
488 2314 641 2381 Saturnia
663 2313 751 2379 dicta
772 2321 832 2381 est.
856 2314 948 2380 ouius
972 2313 1085 2380 ruinae
1101 2314 1256 2381 hacteuus

79 2430 254 2488 cernuntur
275 2425 310 2489 in
332 2423 451 2490 linibus
472 2423 611 2491 Tusciae
634 2423 713 2489 haut
735 2424 845 2508 procul
873 2423 916 2489 ab
937 2423 1026 2489 urbe.
1071 2423 1124 2488 liic
1146 2424 1255 2490 Satur-

49 2552 141 2601 5nus
166 2534 244 2618 quia
264 2534 299 2599 in
321 2533 417 2599 ltalia
438 2533 541 2610 latuit,
564 2533 606 2599 ab
628 2535 698 2600 eius
714 2533 842 2600 latebre
856 2534 985 2598 Latium
1006 2534 1173 2619 appellata
1195 2541 1254 2601 est.

80 2644 152 2728 ipse
174 2642 260 2710 euim
283 2641 389 2709 adhuc
409 2643 507 2710 rudes
528 2643 666 2728 populos
688 2642 802 2710 domos
824 2643 1007 2723 aedificare,
1038 2649 1142 2710 terras
1170 2642 1256 2710 iiicc

80 2752 156 2834 lere,
193 2754 342 2838 plantare
371 2755 484 2820 uineas
513 2752 621 2819 docuit
657 2761 754 2837 atquc
783 2752 933 2819 humanis
966 2754 1109 2821 moribus
1133 2754 1252 2831 uiuere,

80 2883 151 2927 cuin
179 2874 277 2929 autea
304 2864 447 2930 semiferi
474 2862 641 2947 glandium
674 2869 797 2929 tantum
831 2863 926 2927 inodo
959 2862 1121 2927 alimentis
1153 2864 1253 2928 uitaiu

82 2981 299 3039 sustentarent
321 2981 353 3040 et
379 2980 434 3039 aut
456 2974 489 3039 in
513 2974 676 3058 speluncis
698 2981 755 3039 aut
769 2971 937 3039 frondibus
954 2972 1167 3055 uirgultisquo
1182 2991 1253 3037 con·

39 3103 66 3149 io
81 3085 176 3149 textis
198 3083 319 3150 casulis
340 3081 533 3150 habitarent.
561 3085 633 3169 ipsc
655 3084 753 3149 etiam
776 3084 824 3149 eis
839 3102 986 3148 nummos
1002 3100 1116 3149 aereos
1131 3080 1253 3167 primus

81 3193 229 3258 instituit.
267 3214 326 3278 pro
349 3193 466 3277 quibus
487 3193 610 3260 meritis
633 3193 675 3258 ab
698 3191 830 3260 indocili
852 3199 886 3258 et
905 3192 1028 3258 rustica
1049 3191 1253 3259 multitudine

79 3301 160 3368 deus
187 3304 372 3388 appellatus
400 3309 459 3369 est.
502 3301 683 3386 posthunc
703 3303 800 3369 Picus
822 3300 892 3368 eius
921 3302 1016 3384 filius,
1046 3300 1088 3367 de
1117 3323 1180 3386 quo
1208 3302 1253 3368 fa

79 3412 193 3478 bulose
215 3412 331 3478 dicitur
352 3410 438 3498 quod
459 3411 635 3496 aquadani
651 3412 870 3479 famosissima
884 3431 989 3495 maga,
1006 3410 1099 3476 Circe
1113 3410 1252 3493 nomine,

80 3523 119 3587 ob
143 3530 361 3607 contemptum
382 3523 452 3588 eius
473 3542 615 3588 amorem
637 3522 671 3587 iii
695 3541 790 3588 aneni
812 3522 863 3588 sui
884 3521 1023 3588 nominis
1046 3522 1088 3588 sit
1103 3528 1252 3588 mutatus.

40 3648 64 3696 rc
79 3637 153 3716 post
173 3630 260 3697 liuuc
282 3631 353 3698 eius
375 3632 461 3699 tilius
475 3633 618 3713 Faunus,
641 3633 696 3716 qui
719 3632 779 3698 luit
799 3639 892 3716 pater
905 3632 1023 3712 Latini,
1045 3632 1136 3697 cuius
1151 3637 1253 3696 mater

145 3816 314 3887 diremptum
331 3831 435 3871 incisim
453 3827 572 3871 suoniic
590 3825 721 3871 acirim
746 3815 752 3884 l
771 3830 856 3869 nisan
873 3830 977 3868 enimus
995 3816 1023 3868 iii
1042 3814 1084 3879 B,
1101 3831 1131 3868 iic
1148 3824 1252 3868 nomine

79 3911 124 3963 oi‘u
142 3912 191 3963 sii
210 3912 253 3963 uis
271 3911 318 3963 xii
338 3924 456 3963 'iscium
473 3924 628 3971 maroniae
653 3916 658 3969 l
679 3921 814 3965 sominae
835 3923 920 3961 cissa
937 3924 1040 3961 enimus
1058 3909 1086 3960 in
1111 3906 1142 3972 V,
1159 3905 1253 3975 incipit

77 4002 185 4056 historia
203 4017 315 4056 romana
331 4000 456 4070 Eutropii
471 4001 577 4069 gentilis
591 4017 676 4071 usque
693 3999 729 4054 ad
746 3999 849 4054 obitum
867 3999 989 4054 louuiani
1006 3996 1181 4069 imperatorii,
1209 3998 1253 4054 cui

77 4094 166 4162 aliqua
191 4094 303 4148 Paullus
322 4094 514 4162 Aquilegieulil
541 4094 679 4149 Diaconos
706 4092 810 4146 addidit
840 4099 935 4161 rogatu
964 4092 1131 4161 Adelbergac
1164 4092 1252 4146 Beue·

76 4195 210 4241 uentauae
228 4186 371 4242 Ducuncil.
406 4185 504 4240 deinde
525 4185 597 4241 idem
619 4186 731 4240 Paullus
747 4202 780 4239 ex
797 4185 907 4240 diuersis
923 4184 1079 4239 auctonbut
1095 4185 1253 4254 colligente

76 4279 258 4334 Valentinum
275 4280 385 4349 imperio
403 4281 540 4348 mcipient‚
561 4280 644 4348 usque
661 4278 696 4332 ad
713 4285 835 4348 tempora
852 4278 991 4333 [ultimani
1008 4277 1156 4346 perduxit.
1173 4294 1252 4346 quem

76 4372 254 4441 Laudulphul
276 4372 365 4441 Sagiix
390 4373 510 4436 secutus,
537 4373 616 4442 plura
633 4370 658 4424 ic
674 4373 729 4440 ipte
753 4387 786 4425 ex
811 4371 920 4426 diuersis
941 4369 1098 4425 auctonbut
1121 4371 1252 4440 colligens,

76 4480 103 4518 in
130 4465 224 4519 eadem
245 4466 357 4520 historia
380 4463 483 4519 addidit
498 4464 522 4518 dc
538 4465 621 4534 utque
644 4463 679 4517 ad
706 4480 848 4533 imperium
874 4463 973 4517 Leonis
997 4463 1069 4532 quod
1093 4465 1132 4518 ert
1168 4465 1255 4518 aniius

76 4557 227 4613 dominicae
253 4559 446 4613 mearuatiouir
479 4557 722 4626 septingentesimus
756 4558 860 4620 textus,
903 4556 1049 4611 indictione
1084 4557 1194 4626 septima
1224 4559 1252 4611 ia

75 4650 114 4715 P,
146 4652 304 4722 similiaque
341 4652 370 4705 t'n
408 4649 624 4722 Bonqarsicno,
663 4651 713 4720 qui
734 4656 804 4722 post
837 4648 941 4703 addidit
973 4654 1001 4703 et
1037 4648 1100 4703 cdd.
1128 4650 1253 4718 perduxit

74 4748 132 4809 te]
151 4759 168 4797 a
186 4742 215 4798 B
284 4743 430 4799 tactauul
444 4742 473 4798 B
535 4748 564 4799 11
584 4742 693 4799 indocili
712 4742 812 4798 rustica
823 4741 856 4807 P,
875 4742 982 4797 indocili
999 4756 1032 4798 ac
1049 4741 1149 4796 rustica
1162 4741 1250 4812 Bonq.

79 4842 107 4891 ll
125 4842 285 4906 contemptu
302 4835 330 4891 B
398 4851 489 4893 amore
506 4840 577 4904 (amo
595 4837 623 4891 in
640 4843 706 4901 ras.)
724 4835 752 4891 B

126 4931 245 4971 Hieronis
259 4940 377 4972 sisennus
1034 4939 1044 4986 1
