2834 5394
542 96 551 113 .
596 120 601 125 ι

547 124 612 167 ..οΨ

520 218 526 227 .

564 708 637 758 car.
660 710 793 756 xrr-xv
1196 695 1258 757 535

84 864 201 927 lactum
236 860 460 946 presbyterum
492 859 695 929 Edessenum
729 861 946 947 patriarcham
967 860 1159 927 Antiochiae
1188 860 1260 927 Ste-

86 972 194 1056 phano
218 971 395 1037 dormiente
419 979 451 1037 et
472 971 558 1036 hunc
586 972 699 1039 litteris
728 972 896 1039 catholicis
919 971 1072 1037 honorari
1094 970 1260 1055 praecepit

84 1082 256 1148 Arabibus.
301 1081 394 1148 donis
417 1082 503 1146 enim
526 1082 748 1167 spiritualibus
771 1083 948 1149 adornatus
970 1089 1049 1159 crat,
1073 1088 1105 1147 et
1119 1080 1259 1146 maxime

86 1192 252 1278 pudicitia.
289 1198 360 1235 *⁴⁴⁵*
370 1191 457 1277 apud
472 1193 631 1258 Enimetai
662 1200 772 1259 autern
794 1200 920 1259 eentum
943 1200 975 1259 ct
989 1192 1106 1275 uiginti
1121 1190 1258 1256 Chalbe·

51 1316 144 1369 anos
167 1303 201 1367 iu
215 1303 303 1386 ligno
319 1301 497 1386 suspendit.
520 1323 615 1386 porro
637 1303 748 1369 Habas
771 1305 826 1388 qui
848 1304 981 1369 multum
1004 1301 1260 1368 Christianorum

86 1414 277 1498 sanguinem
299 1413 390 1495 fudit,
414 1420 445 1477 et
468 1413 568 1476 inulta
589 1411 804 1498 depopulatus
826 1420 857 1479 et
879 1412 1097 1498 depraedatus
1113 1418 1162 1478 est
1176 1413 1258 1492 loca,

86 1525 210 1590 occisus
233 1531 283 1590 cst
305 1524 338 1588 in
361 1542 497 1588 carcerc.
544 1542 615 1588 eum
638 1524 723 1590 enirn
746 1523 878 1608 quidam
900 1544 920 1589 a
941 1522 1110 1588 Marhuam
1133 1520 1259 1587 adhoc

87 1635 205 1701 missus
228 1641 315 1700 essct
337 1632 504 1718 Aethiops,
528 1634 616 1699 uenit
638 1641 671 1699 et
693 1635 824 1718 impleto
847 1634 922 1699 iolle
950 1634 1027 1698 uiua
1048 1633 1137 1698 calce
1158 1632 1258 1696 intro·

87 1745 146 1808 ioit
169 1743 211 1808 ad
233 1763 306 1808 cum
328 1743 466 1827 folleque
488 1743 531 1808 ad
560 1752 661 1809 totum
690 1751 787 1829 caput
814 1764 853 1809 ac
880 1762 976 1810 nares
1007 1742 1078 1809 eius
1107 1741 1258 1826 imposito

42 1864 69 1911 10
87 1853 255 1919 srrffocauit
288 1854 388 1933 illum,
423 1855 539 1919 iustam
561 1854 775 1920 adiuuenieus
798 1854 945 1920 malefico
974 1853 1086 1919 Habas
1108 1872 1257 1936 poenam,
1316 1860 1320 1866 ’

86 1964 221 2047 magicis
243 1963 328 2029 enim
351 1963 596 2047 deceptionibus
619 1985 657 2030 ac
672 1965 865 2031 daemonum
882 1963 1141 2029 inuocationibus
1157 1962 1259 2027 multa

86 2082 197 2138 contra
218 2073 419 2140 Christianos
453 2074 627 2141 fabricatus
661 2083 710 2142 est
741 2076 838 2141 mala.
889 2075 941 2139 bic
975 2074 1073 2140 etiam
1106 2071 1259 2156 sanguini

85 2185 332 2249 communicauit
354 2183 459 2249 Gizid.

169 2297 263 2359 Anno
286 2295 411 2380 imperii
435 2293 637 2361 Constantini
660 2296 771 2377 quinto
794 2295 960 2361 Sulciruan
983 2291 1181 2359 coaccusatis
1203 2290 1259 2356 mi·
1282 2292 1346 2360 XV

42 2414 71 2463 15
87 2407 165 2471 litiis
186 2426 297 2472 rursus
319 2425 391 2469 curn
413 2405 581 2471 llarhuam
604 2406 723 2471 bellurn
751 2405 947 2490 aggreditur,
985 2413 1018 2469 et
1046 2402 1176 2469 amissis
1203 2422 1261 2486 po·

87 2518 155 2602 puli
188 2523 311 2601 septem
348 2515 477 2581 milibus
510 2524 680 2600 superatur
713 2525 744 2581 ct
783 2516 912 2600 fugatus
946 2533 1046 2599 penes
1075 2514 1261 2597 Palmyram

86 2629 229 2694 saluatur
258 2634 290 2690 et
316 2625 470 2710 deinceps
493 2625 526 2690 in
548 2625 692 2692 Perside.
738 2625 929 2692 seditionem
960 2643 1087 2709 quoque
1116 2623 1259 2687 concita·

85 2745 201 2801 ucruut
222 2735 373 2801 Erncseni
402 2741 433 2799 et
455 2735 670 2819 Heliopolitac
699 2755 737 2800 ac
767 2735 964 2801 Damasceni
1000 2734 1147 2798 ciuitates
1177 2732 1261 2797 Mar·

86 2847 184 2910 huam
213 2846 411 2921 obserantes,
443 2844 497 2927 qui
526 2844 591 2908 filio
621 2844 751 2928 quidem
782 2866 839 2910 suo
877 2851 990 2909 contra
1019 2842 1152 2907 Dachac
1188 2861 1261 2906 cum

40 2964 72 3012 20
89 2957 205 3021 uirtute
228 2954 327 3020 misso
350 2954 420 3038 ipse
443 2954 533 3018 uenit
552 2955 713 3035 Emesam,
748 2974 844 3038 quam
866 2954 900 3017 in
923 2959 1072 3037 quattuor
1095 2950 1261 3017 mensibus

87 3067 180 3150 capnt,
209 3063 341 3129 Dachac
370 3071 476 3128 autem
505 3083 525 3127 a
546 3064 680 3130 Perside
709 3083 780 3129 cum
803 3063 940 3148 plurimo
962 3068 1129 3146 potentatu
1152 3061 1261 3126 uenie-

87 3178 151 3242 bat.
196 3182 230 3240 at
261 3194 338 3240 uero
360 3173 529 3238 Marhuam
562 3194 714 3258 agressus
747 3194 820 3239 eum
853 3173 889 3238 in
921 3171 1156 3255 Mesopotamia
1188 3190 1259 3236 eum

87 3289 203 3351 multos
226 3285 421 3367 collegarum
444 3284 667 3367 interfecisset,
697 3284 782 3349 hunc
804 3283 1070 3368 comprehensum
1092 3281 1261 3348 interiecit.

86 3400 120 3462 in
142 3397 193 3463 his
217 3395 448 3461 Constantinus
472 3393 710 3460 Germaniciam
734 3394 821 3479 cepit
843 3394 946 3459 aciem
976 3392 1119 3477 dirigens
1149 3398 1262 3456 contra

39 3517 71 3566 25
89 3508 217 3591 Syriam
247 3512 279 3571 ct
300 3504 484 3569 Dulichiam
513 3504 603 3569 aditu
631 3511 757 3587 reperto
788 3511 917 3589 propter
944 3503 1087 3568 Arabum
1117 3508 1261 3567 mutuam

89 3636 240 3700 pugnam,
270 3615 368 3679 uerbo
399 3635 477 3681 sane
499 3616 625 3682 Arabes
658 3616 798 3681 inermes
831 3614 995 3680 dimittens
1027 3613 1198 3697 quierant
1227 3612 1263 3676 in

87 3727 179 3810 ipsis.
224 3724 405 3807 adsumpsit
437 3732 544 3789 autem
578 3732 610 3790 et
641 3733 796 3808 cognatos
831 3745 907 3791 suos
937 3744 977 3790 ex
1005 3730 1152 3790 materna
1172 3723 1263 3788 linea

89 3833 323 3901 descendentes
346 3840 377 3898 et
400 3833 548 3917 Byzantii
571 3835 740 3899 collocarit
769 3854 928 3900 unacum
952 3833 1060 3898 multis
1084 3832 1176 3916 Syris
1198 3833 1264 3899 Mo-

88 3945 271 4029 uophysitis
294 3943 474 4023 haereticis,
512 3943 692 4027 exquibus
715 3945 823 4029 plures
846 3945 879 4009 iu
902 3944 1030 4009 Thrace
1053 3962 1155 4025 usquc
1178 3961 1263 4008 nuno

87 4190 400 4201 --———-—-——

162 4352 379 4445 lltcphan'ul)
446 4372 561 4442 AApud
580 4349 623 4428 eni
648 4371 671 4426 A
693 4354 767 4425 arari·
781 4351 896 4427 centbll
989 4371 1115 4426 lacunam
1133 4370 1266 4426 indicauit

90 4469 222 4524 Grrrteroa
307 4466 510 4535 biangumel)
575 4465 746 4535 pepolulatut
763 4464 795 4519 θ’
889 4464 1026 4519 loccrdrt
1050 4481 1078 4519 ru
1104 4464 1131 4520 Ι)
1206 4467 1266 4518 let

91 4566 123 4614 22
141 4563 272 4615 marhuan
290 4560 316 4614 I)
402 4557 582 4627 sethropil)
666 4557 833 4626 ticapudl)
915 4563 943 4612 10
961 4543 1079 4631 psnbl)
1166 4562 1198 4611 tt
1215 4572 1263 4612 zu·

90 4654 184 4706 leimeu
203 4653 229 4707 I)
297 4652 508 4722 aggredieturll
587 4648 743 4704 ammrirll)
848 4653 878 4704 ¹6
896 4650 1045 4718 mrlrtrb31)
1123 4649 1266 4720 poenesD

93 4751 120 4798 tl
140 4745 219 4799 nnl)
290 4750 320 4800 18
338 4745 513 4800 methlunet
531 4743 728 4813 heliopolrtel)
797 4747 830 4797 ‘20
848 4743 1021 4798 emethsanll
1090 4748 1122 4798 23
1142 4742 1265 4799 molbio

90 4844 122 4893 26
141 4837 314 4892 mlrermelD
383 4843 414 4892 27
433 4840 531 4908 alupbt
549 4837 575 4891 l)
644 4840 676 4890 28
695 4835 848 4891 brzautuD
905 4836 1130 4905 monophrlrtrtl)
