<?xml version="1.0" encoding="UTF-8"?>
<!DOCTYPE html PUBLIC "-//W3C//DTD XHTML 1.0 Transitional//EN"
    "http://www.w3.org/TR/xhtml1/DTD/xhtml1-transitional.dtd">
<html xmlns="http://www.w3.org/1999/xhtml" xml:lang="en" lang="en">
 <head>
  <title>
</title>
<meta http-equiv="Content-Type" content="text/html;charset=utf-8" />
  <meta name='ocr-system' content='tesseract 3.04.00' />
  <meta name='ocr-capabilities' content='ocr_page ocr_carea ocr_par ocr_line ocrx_word'/>
</head>
<body>
  <div class='ocr_page' id='page_1' title='image "./historiamiscell00sagagoog_0377.png"; bbox 0 0 2834 5394; ppageno 0'>
   <div class='ocr_carea' id='block_1_1' title="bbox 549 652 1250 715">
    <p class='ocr_par' dir='ltr' id='par_1_1' title="bbox 549 652 1250 715">
     <span class='ocr_line' id='line_1_1' title="bbox 549 652 1250 715; baseline 0.007 -5"><span class='ocrx_word' id='word_1_1' title='bbox 549 662 622 712; x_wconf 76' lang='lat' dir='ltr'><strong>cur.</strong></span> <span class='ocrx_word' id='word_1_2' title='bbox 645 666 762 714; x_wconf 85' lang='lat' dir='ltr'><strong>n-im</strong></span> <span class='ocrx_word' id='word_1_3' title='bbox 1182 652 1250 715; x_wconf 78' lang='grc'><strong>,363</strong></span> 
     </span>
    </p>
   </div>
   <div class='ocr_carea' id='block_1_2' title="bbox 28 814 1332 4075">
    <p class='ocr_par' dir='ltr' id='par_1_2' title="bbox 75 814 1250 902">
     <span class='ocr_line' id='line_1_2' title="bbox 75 814 1250 902; baseline 0.001 -19"><span class='ocrx_word' id='word_1_4' title='bbox 75 823 109 884; x_wconf 88' lang='lat' dir='ltr'><strong>et</strong></span> <span class='ocrx_word' id='word_1_5' title='bbox 141 815 303 882; x_wconf 79' lang='lat' dir='ltr'><strong>interemit</strong></span> <span class='ocrx_word' id='word_1_6' title='bbox 334 835 446 883; x_wconf 88' lang='lat' dir='ltr'><strong>omnes</strong></span> <span class='ocrx_word' id='word_1_7' title='bbox 482 822 514 881; x_wconf 89' lang='lat' dir='ltr'><strong>et</strong></span> <span class='ocrx_word' id='word_1_8' title='bbox 546 814 720 882; x_wconf 88' lang='lat' dir='ltr'><strong>decollauit</strong></span> <span class='ocrx_word' id='word_1_9' title='bbox 740 816 901 882; x_wconf 91' lang='lat' dir='ltr'><strong>lulianum</strong></span> <span class='ocrx_word' id='word_1_10' title='bbox 930 823 1113 902; x_wconf 84' lang='lat' dir='ltr'><strong>tyrannum.</strong></span> <span class='ocrx_word' id='word_1_11' title='bbox 1156 818 1250 884; x_wconf 90' lang='lat' dir='ltr'><strong>tertio</strong></span> 
     </span>
    </p>

    <p class='ocr_par' dir='ltr' id='par_1_3' title="bbox 74 926 1251 1012">
     <span class='ocr_line' id='line_1_3' title="bbox 74 926 1251 1012; baseline 0.001 -19"><span class='ocrx_word' id='word_1_12' title='bbox 74 944 216 1011; x_wconf 82' lang='lat' dir='ltr'><strong>namque</strong></span> <span class='ocrx_word' id='word_1_13' title='bbox 248 926 377 1011; x_wconf 89' lang='lat' dir='ltr'><strong>imperii</strong></span> <span class='ocrx_word' id='word_1_14' title='bbox 409 927 461 993; x_wconf 91' lang='lat' dir='ltr'><strong>sui</strong></span> <span class='ocrx_word' id='word_1_15' title='bbox 493 946 579 992; x_wconf 90' lang='lat' dir='ltr'><strong>auno</strong></span> <span class='ocrx_word' id='word_1_16' title='bbox 601 927 801 994; x_wconf 85' lang='lat' dir='ltr'><strong>lastinianus</strong></span> <span class='ocrx_word' id='word_1_17' title='bbox 830 927 1005 1011; x_wconf 89' lang='lat' dir='ltr'><strong>imperator</strong></span> <span class='ocrx_word' id='word_1_18' title='bbox 1033 928 1251 1012; x_wconf 82' lang='lat' dir='ltr'><strong>promulgauit</strong></span> 
     </span>
    </p>

    <p class='ocr_par' dir='ltr' id='par_1_4' title="bbox 75 1036 1250 1122">
     <span class='ocr_line' id='line_1_4' title="bbox 75 1036 1250 1122; baseline 0.001 -21"><span class='ocrx_word' id='word_1_19' title='bbox 75 1038 181 1120; x_wconf 79' lang='lat' dir='ltr'><strong>legem</strong></span> <span class='ocrx_word' id='word_1_20' title='bbox 209 1055 251 1101; x_wconf 93' lang='lat' dir='ltr'><strong>nc</strong></span> <span class='ocrx_word' id='word_1_21' title='bbox 279 1036 454 1102; x_wconf 81' lang='lat' dir='ltr'><strong>militarent</strong></span> <span class='ocrx_word' id='word_1_22' title='bbox 480 1037 603 1122; x_wconf 85' lang='lat' dir='ltr'><strong>pagani</strong></span> <span class='ocrx_word' id='word_1_23' title='bbox 632 1056 691 1102; x_wconf 87' lang='lat' dir='ltr'><strong>nec</strong></span> <span class='ocrx_word' id='word_1_24' title='bbox 719 1036 876 1103; x_wconf 89' lang='lat' dir='ltr'><strong>haeretici</strong></span> <span class='ocrx_word' id='word_1_25' title='bbox 905 1037 969 1103; x_wconf 91' lang='lat' dir='ltr'><strong>nisi</strong></span> <span class='ocrx_word' id='word_1_26' title='bbox 998 1039 1059 1103; x_wconf 89' lang='lat' dir='ltr'><strong>soli</strong></span> <span class='ocrx_word' id='word_1_27' title='bbox 1081 1036 1250 1103; x_wconf 78' lang='lat' dir='ltr'><strong>orthodoxi</strong></span> 
     </span>
    </p>

    <p class='ocr_par' dir='ltr' id='par_1_5' title="bbox 43 1145 1250 1323">
     <span class='ocr_line' id='line_1_5' title="bbox 76 1145 1250 1230; baseline 0.001 -19"><span class='ocrx_word' id='word_1_28' title='bbox 76 1145 264 1227; x_wconf 78' lang='lat' dir='ltr'><strong>Christiani,</strong></span> <span class='ocrx_word' id='word_1_29' title='bbox 287 1146 371 1213; x_wconf 90' lang='lat' dir='ltr'><strong>dans</strong></span> <span class='ocrx_word' id='word_1_30' title='bbox 393 1146 458 1213; x_wconf 89' lang='lat' dir='ltr'><strong>illis</strong></span> <span class='ocrx_word' id='word_1_31' title='bbox 481 1152 513 1212; x_wconf 93' lang='lat' dir='ltr'><strong>et</strong></span> <span class='ocrx_word' id='word_1_32' title='bbox 534 1146 681 1214; x_wconf 89' lang='lat' dir='ltr'><strong>inducias</strong></span> <span class='ocrx_word' id='word_1_33' title='bbox 704 1166 806 1230; x_wconf 90' lang='lat' dir='ltr'><strong>usque</strong></span> <span class='ocrx_word' id='word_1_34' title='bbox 827 1146 870 1213; x_wconf 89' lang='lat' dir='ltr'><strong>ad</strong></span> <span class='ocrx_word' id='word_1_35' title='bbox 892 1166 1021 1216; x_wconf 87' lang='lat' dir='ltr'><strong>menses</strong></span> <span class='ocrx_word' id='word_1_36' title='bbox 1037 1153 1103 1213; x_wconf 89' lang='lat' dir='ltr'><strong>tres</strong></span> <span class='ocrx_word' id='word_1_37' title='bbox 1120 1145 1163 1212; x_wconf 91' lang='lat' dir='ltr'><strong>ad</strong></span> <span class='ocrx_word' id='word_1_38' title='bbox 1177 1165 1250 1212; x_wconf 88' lang='lat' dir='ltr'><strong>con·</strong></span> 
     </span>
     <span class='ocr_line' id='line_1_6' title="bbox 43 1256 268 1323; baseline 0.004 -3"><span class='ocrx_word' id='word_1_39' title='bbox 43 1256 268 1323; x_wconf 79' lang='lat' dir='ltr'><strong>emersionem.</strong></span> 
     </span>
    </p>

    <p class='ocr_par' dir='ltr' id='par_1_6' title="bbox 74 1365 1251 1794">
     <span class='ocr_line' id='line_1_7' title="bbox 160 1365 1250 1453; baseline 0.004 -22"><span class='ocrx_word' id='word_1_40' title='bbox 160 1365 304 1450; x_wconf 87' lang='lat' dir='ltr'><strong>Interea&gt;</strong></span> <span class='ocrx_word' id='word_1_41' title='bbox 326 1366 532 1434; x_wconf 75' lang='lat' dir='ltr'><strong>athalaricus</strong></span> <span class='ocrx_word' id='word_1_42' title='bbox 555 1366 732 1433; x_wconf 81' lang='lat' dir='ltr'><strong>Gothorum</strong></span> <span class='ocrx_word' id='word_1_43' title='bbox 760 1389 818 1434; x_wconf 81' lang='lat' dir='ltr'><strong>rex</strong></span> <span class='ocrx_word' id='word_1_44' title='bbox 846 1388 917 1434; x_wconf 89' lang='lat' dir='ltr'><strong>cum</strong></span> <span class='ocrx_word' id='word_1_45' title='bbox 945 1368 1083 1434; x_wconf 88' lang='lat' dir='ltr'><strong>necdum</strong></span> <span class='ocrx_word' id='word_1_46' title='bbox 1111 1368 1250 1453; x_wconf 84' lang='lat' dir='ltr'><strong>expletis</strong></span> 
     </span>
     <span class='ocr_line' id='line_1_8' title="bbox 77 1476 1249 1564; baseline 0.003 -22"><span class='ocrx_word' id='word_1_47' title='bbox 77 1485 228 1562; x_wconf 88' lang='lat' dir='ltr'><strong>quattuor</strong></span> <span class='ocrx_word' id='word_1_48' title='bbox 249 1476 345 1542; x_wconf 89' lang='lat' dir='ltr'><strong>annis</strong></span> <span class='ocrx_word' id='word_1_49' title='bbox 368 1484 546 1560; x_wconf 78' lang='lat' dir='ltr'><strong>regnasset,</strong></span> <span class='ocrx_word' id='word_1_50' title='bbox 569 1478 730 1544; x_wconf 86' lang='lat' dir='ltr'><strong>inmatura</strong></span> <span class='ocrx_word' id='word_1_51' title='bbox 745 1487 847 1544; x_wconf 89' lang='lat' dir='ltr'><strong>morte</strong></span> <span class='ocrx_word' id='word_1_52' title='bbox 861 1487 1058 1564; x_wconf 89' lang='lat' dir='ltr'><strong>praeuentus</strong></span> <span class='ocrx_word' id='word_1_53' title='bbox 1074 1478 1162 1544; x_wconf 90' lang='lat' dir='ltr'><strong>uitae</strong></span> <span class='ocrx_word' id='word_1_54' title='bbox 1177 1478 1249 1546; x_wconf 89' lang='lat' dir='ltr'><strong>sub·</strong></span> 
     </span>
     <span class='ocr_line' id='line_1_9' title="bbox 74 1587 1251 1674; baseline 0.002 -21"><span class='ocrx_word' id='word_1_55' title='bbox 74 1595 196 1654; x_wconf 74' lang='lat' dir='ltr'><strong>mactus</strong></span> <span class='ocrx_word' id='word_1_56' title='bbox 218 1595 276 1653; x_wconf 84' lang='lat' dir='ltr'><strong>est.</strong></span> <span class='ocrx_word' id='word_1_57' title='bbox 321 1587 411 1653; x_wconf 91' lang='lat' dir='ltr'><strong>cuius</strong></span> <span class='ocrx_word' id='word_1_58' title='bbox 433 1595 537 1653; x_wconf 87' lang='lat' dir='ltr'><strong>mater</strong></span> <span class='ocrx_word' id='word_1_59' title='bbox 557 1589 763 1654; x_wconf 80' lang='lat' dir='ltr'><strong>Amalsuinta</strong></span> <span class='ocrx_word' id='word_1_60' title='bbox 789 1597 864 1674; x_wconf 89' lang='lat' dir='ltr'><strong>post</strong></span> <span class='ocrx_word' id='word_1_61' title='bbox 892 1589 962 1655; x_wconf 90' lang='lat' dir='ltr'><strong>eius</strong></span> <span class='ocrx_word' id='word_1_62' title='bbox 984 1591 1080 1656; x_wconf 83' lang='lat' dir='ltr'><strong>funos</strong></span> <span class='ocrx_word' id='word_1_63' title='bbox 1102 1587 1251 1656; x_wconf 84' lang='lat' dir='ltr'><strong>Theoda-</strong></span> 
     </span>
     <span class='ocr_line' id='line_1_10' title="bbox 75 1696 1251 1794; baseline 0.003 -32"><span class='ocrx_word' id='word_1_64' title='bbox 75 1704 143 1762; x_wconf 89' lang='lat' dir='ltr'><strong>tum</strong></span> <span class='ocrx_word' id='word_1_65' title='bbox 166 1697 229 1764; x_wconf 90' lang='lat' dir='ltr'><strong>sibi</strong></span> <span class='ocrx_word' id='word_1_66' title='bbox 252 1697 373 1764; x_wconf 89' lang='lat' dir='ltr'><strong>socium</strong></span> <span class='ocrx_word' id='word_1_67' title='bbox 396 1696 535 1764; x_wconf 89' lang='lat' dir='ltr'><strong>adsciuit</strong></span> <span class='ocrx_word' id='word_1_68' title='bbox 558 1698 591 1763; x_wconf 93' lang='lat' dir='ltr'><strong>in</strong></span> <span class='ocrx_word' id='word_1_69' title='bbox 614 1717 759 1780; x_wconf 80' lang='lat' dir='ltr'><strong>regnum.</strong></span> <span class='ocrx_word' id='word_1_70' title='bbox 805 1698 864 1766; x_wconf 91' lang='lat' dir='ltr'><strong>sed</strong></span> <span class='ocrx_word' id='word_1_71' title='bbox 884 1699 1073 1766; x_wconf 85' lang='lat' dir='ltr'><strong>Theodatus</strong></span> <span class='ocrx_word' id='word_1_72' title='bbox 1094 1700 1181 1765; x_wconf 91' lang='lat' dir='ltr'><strong>idem</strong></span> <span class='ocrx_word' id='word_1_73' title='bbox 1196 1700 1251 1794; x_wconf 90' lang='lat' dir='ltr'><strong>in·</strong></span> 
     </span>
    </p>

    <p class='ocr_par' dir='ltr' id='par_1_7' title="bbox 28 1808 1332 4075">
     <span class='ocr_line' id='line_1_11' title="bbox 31 1808 1249 1894; baseline 0.001 -18"><span class='ocrx_word' id='word_1_74' title='bbox 31 1826 61 1876; x_wconf 85' lang='lat' dir='ltr'><strong>io</strong></span> <span class='ocrx_word' id='word_1_75' title='bbox 79 1827 201 1873; x_wconf 90' lang='lat' dir='ltr'><strong>memor</strong></span> <span class='ocrx_word' id='word_1_76' title='bbox 222 1808 340 1872; x_wconf 86' lang='lat' dir='ltr'><strong>conlati</strong></span> <span class='ocrx_word' id='word_1_77' title='bbox 362 1808 512 1874; x_wconf 88' lang='lat' dir='ltr'><strong>beneficii</strong></span> <span class='ocrx_word' id='word_1_78' title='bbox 535 1829 608 1875; x_wconf 89' lang='lat' dir='ltr'><strong>eain</strong></span> <span class='ocrx_word' id='word_1_79' title='bbox 630 1815 704 1894; x_wconf 88' lang='lat' dir='ltr'><strong>post</strong></span> <span class='ocrx_word' id='word_1_80' title='bbox 728 1810 798 1876; x_wconf 90' lang='lat' dir='ltr'><strong>dies</strong></span> <span class='ocrx_word' id='word_1_81' title='bbox 821 1810 944 1894; x_wconf 85' lang='lat' dir='ltr'><strong>aliquot</strong></span> <span class='ocrx_word' id='word_1_82' title='bbox 964 1810 998 1875; x_wconf 95' lang='lat' dir='ltr'><strong>in</strong></span> <span class='ocrx_word' id='word_1_83' title='bbox 1014 1810 1131 1875; x_wconf 89' lang='lat' dir='ltr'><strong>balneo</strong></span> <span class='ocrx_word' id='word_1_84' title='bbox 1147 1817 1249 1877; x_wconf 88' lang='lat' dir='ltr'><strong>stran-</strong></span> 
     </span>
     <span class='ocr_line' id='line_1_12' title="bbox 77 1917 1250 2004; baseline 0.003 -21"><span class='ocrx_word' id='word_1_85' title='bbox 77 1917 182 2002; x_wconf 83' lang='lat' dir='ltr'><strong>gulari</strong></span> <span class='ocrx_word' id='word_1_86' title='bbox 210 1918 384 2002; x_wconf 89' lang='lat' dir='ltr'><strong>praecepit.</strong></span> <span class='ocrx_word' id='word_1_87' title='bbox 428 1930 460 1984; x_wconf 91' lang='lat' dir='ltr'><strong>et</strong></span> <span class='ocrx_word' id='word_1_88' title='bbox 494 1920 570 2002; x_wconf 87' lang='lat' dir='ltr'><strong>quia</strong></span> <span class='ocrx_word' id='word_1_89' title='bbox 597 1919 670 2003; x_wconf 86' lang='lat' dir='ltr'><strong>ipsa</strong></span> <span class='ocrx_word' id='word_1_90' title='bbox 698 1919 773 1984; x_wconf 91' lang='lat' dir='ltr'><strong>dum</strong></span> <span class='ocrx_word' id='word_1_91' title='bbox 804 1920 981 2003; x_wconf 76' lang='lat' dir='ltr'><strong>adamaret,</strong></span> <span class='ocrx_word' id='word_1_92' title='bbox 1020 1939 1056 1987; x_wconf 89' lang='lat' dir='ltr'><strong>se</strong></span> <span class='ocrx_word' id='word_1_93' title='bbox 1093 1939 1250 2004; x_wconf 86' lang='lat' dir='ltr'><strong>suumque</strong></span> 
     </span>
     <span class='ocr_line' id='line_1_13' title="bbox 78 2028 1250 2115; baseline 0.004 -22"><span class='ocrx_word' id='word_1_94' title='bbox 78 2028 180 2093; x_wconf 89' lang='lat' dir='ltr'><strong>tilium</strong></span> <span class='ocrx_word' id='word_1_95' title='bbox 208 2028 492 2094; x_wconf 87' lang='lat' dir='ltr'><strong>commendauerat</strong></span> <span class='ocrx_word' id='word_1_96' title='bbox 525 2030 680 2113; x_wconf 80' lang='lat' dir='ltr'><strong>principi,</strong></span> <span class='ocrx_word' id='word_1_97' title='bbox 719 2029 830 2094; x_wconf 88' lang='lat' dir='ltr'><strong>audita</strong></span> <span class='ocrx_word' id='word_1_98' title='bbox 858 2030 1056 2096; x_wconf 86' lang='lat' dir='ltr'><strong>lastinianus</strong></span> <span class='ocrx_word' id='word_1_99' title='bbox 1085 2030 1250 2115; x_wconf 86' lang='lat' dir='ltr'><strong>Augustus</strong></span> 
     </span>
     <span class='ocr_line' id='line_1_14' title="bbox 79 2139 1248 2221; baseline 0.002 -18"><span class='ocrx_word' id='word_1_100' title='bbox 79 2141 149 2203; x_wconf 90' lang='lat' dir='ltr'><strong>eius</strong></span> <span class='ocrx_word' id='word_1_101' title='bbox 171 2145 281 2219; x_wconf 88' lang='lat' dir='ltr'><strong>morte,</strong></span> <span class='ocrx_word' id='word_1_102' title='bbox 305 2140 399 2221; x_wconf 83' lang='lat' dir='ltr'><strong>graui</strong></span> <span class='ocrx_word' id='word_1_103' title='bbox 422 2160 497 2204; x_wconf 82' lang='lat' dir='ltr'><strong>mor</strong></span> <span class='ocrx_word' id='word_1_104' title='bbox 519 2140 677 2205; x_wconf 86' lang='lat' dir='ltr'><strong>aduersus</strong></span> <span class='ocrx_word' id='word_1_105' title='bbox 701 2139 904 2206; x_wconf 81' lang='lat' dir='ltr'><strong>Theodotum</strong></span> <span class='ocrx_word' id='word_1_106' title='bbox 927 2140 1096 2207; x_wconf 79' lang='lat' dir='ltr'><strong>iracundia</strong></span> <span class='ocrx_word' id='word_1_107' title='bbox 1118 2141 1248 2206; x_wconf 83' lang='lat' dir='ltr'><strong>exarsit.</strong></span> 
     </span>
     <span class='ocr_line' id='line_1_15' title="bbox 78 2246 1332 2337; baseline 0.001 -24"><span class='ocrx_word' id='word_1_108' title='bbox 78 2249 221 2314; x_wconf 87' lang='lat' dir='ltr'><strong>sentiens</strong></span> <span class='ocrx_word' id='word_1_109' title='bbox 255 2268 290 2314; x_wconf 88' lang='lat' dir='ltr'><strong>se</strong></span> <span class='ocrx_word' id='word_1_110' title='bbox 318 2248 506 2316; x_wconf 86' lang='lat' dir='ltr'><strong>Theodatus</strong></span> <span class='ocrx_word' id='word_1_111' title='bbox 539 2250 699 2316; x_wconf 85' lang='lat' dir='ltr'><strong>infensum</strong></span> <span class='ocrx_word' id='word_1_112' title='bbox 733 2250 853 2316; x_wconf 90' lang='lat' dir='ltr'><strong>habere</strong></span> <span class='ocrx_word' id='word_1_113' title='bbox 886 2251 1075 2337; x_wconf 84' lang='lat' dir='ltr'><strong>principem,</strong></span> <span class='ocrx_word' id='word_1_114' title='bbox 1113 2249 1245 2316; x_wconf 88' lang='lat' dir='ltr'><strong>beatum</strong></span> <span class='ocrx_word' id='word_1_115' title='bbox 1266 2246 1332 2314; x_wconf 91' lang='lat'><em>1111</em></span> 
     </span>
     <span class='ocr_line' id='line_1_16' title="bbox 29 2358 1251 2447; baseline 0.001 -22"><span class='ocrx_word' id='word_1_116' title='bbox 29 2375 60 2425; x_wconf 82' lang='lat' dir='ltr'><strong>tt</strong></span> <span class='ocrx_word' id='word_1_117' title='bbox 76 2378 198 2442; x_wconf 89' lang='lat' dir='ltr'><strong>papam</strong></span> <span class='ocrx_word' id='word_1_118' title='bbox 217 2358 391 2444; x_wconf 71' lang='lat' dir='ltr'><strong>agapitum</strong></span> <span class='ocrx_word' id='word_1_119' title='bbox 421 2358 734 2445; x_wconf 81' lang='lat' dir='ltr'><strong>Constantinopolim</strong></span> <span class='ocrx_word' id='word_1_120' title='bbox 767 2360 878 2444; x_wconf 76' lang='lat' dir='ltr'><strong>dirigit</strong></span> <span class='ocrx_word' id='word_1_121' title='bbox 908 2369 1067 2446; x_wconf 83' lang='lat' dir='ltr'><strong>quatenus</strong></span> <span class='ocrx_word' id='word_1_122' title='bbox 1101 2363 1131 2427; x_wconf 89' lang='lat' dir='ltr'><strong>ei</strong></span> <span class='ocrx_word' id='word_1_123' title='bbox 1163 2360 1251 2447; x_wconf 89' lang='lat' dir='ltr'><strong>apud</strong></span> 
     </span>
     <span class='ocr_line' id='line_1_17' title="bbox 76 2467 1250 2557; baseline 0.004 -25"><span class='ocrx_word' id='word_1_124' title='bbox 76 2467 289 2533; x_wconf 85' lang='lat' dir='ltr'><strong>lastinianum</strong></span> <span class='ocrx_word' id='word_1_125' title='bbox 312 2470 389 2534; x_wconf 86' lang='lat' dir='ltr'><strong>iacti</strong></span> <span class='ocrx_word' id='word_1_126' title='bbox 411 2470 624 2554; x_wconf 85' lang='lat' dir='ltr'><strong>inpunitatem</strong></span> <span class='ocrx_word' id='word_1_127' title='bbox 647 2472 843 2555; x_wconf 87' lang='lat' dir='ltr'><strong>impetraret.</strong></span> <span class='ocrx_word' id='word_1_128' title='bbox 889 2472 943 2555; x_wconf 89' lang='lat' dir='ltr'><strong>qui</strong></span> <span class='ocrx_word' id='word_1_129' title='bbox 959 2480 1090 2540; x_wconf 90' lang='lat' dir='ltr'><strong>sanctus</strong></span> <span class='ocrx_word' id='word_1_130' title='bbox 1104 2473 1250 2557; x_wconf 82' lang='lat' dir='ltr'><strong>pontifex</strong></span> 
     </span>
     <span class='ocr_line' id='line_1_18' title="bbox 75 2577 1250 2665; baseline 0.005 -24"><span class='ocrx_word' id='word_1_131' title='bbox 75 2577 152 2642; x_wconf 90' lang='lat' dir='ltr'><strong>dum</strong></span> <span class='ocrx_word' id='word_1_132' title='bbox 173 2577 388 2643; x_wconf 87' lang='lat' dir='ltr'><strong>lastinianum</strong></span> <span class='ocrx_word' id='word_1_133' title='bbox 411 2582 587 2665; x_wconf 86' lang='lat' dir='ltr'><strong>principem</strong></span> <span class='ocrx_word' id='word_1_134' title='bbox 612 2581 744 2660; x_wconf 88' lang='lat' dir='ltr'><strong>adisset,</strong></span> <span class='ocrx_word' id='word_1_135' title='bbox 773 2582 859 2646; x_wconf 86' lang='lat' dir='ltr'><strong>facta</strong></span> <span class='ocrx_word' id='word_1_136' title='bbox 886 2601 958 2646; x_wconf 88' lang='lat' dir='ltr'><strong>cuin</strong></span> <span class='ocrx_word' id='word_1_137' title='bbox 987 2583 1100 2648; x_wconf 89' lang='lat' dir='ltr'><strong>eodem</strong></span> <span class='ocrx_word' id='word_1_138' title='bbox 1122 2582 1163 2647; x_wconf 92' lang='lat' dir='ltr'><strong>de</strong></span> <span class='ocrx_word' id='word_1_139' title='bbox 1186 2580 1250 2647; x_wconf 85' lang='lat' dir='ltr'><strong>lide</strong></span> 
     </span>
     <span class='ocr_line' id='line_1_19' title="bbox 76 2689 1249 2775; baseline 0.003 -23"><span class='ocrx_word' id='word_1_140' title='bbox 76 2689 249 2755; x_wconf 89' lang='lat' dir='ltr'><strong>collatione</strong></span> <span class='ocrx_word' id='word_1_141' title='bbox 272 2691 414 2775; x_wconf 90' lang='lat' dir='ltr'><strong>repperit</strong></span> <span class='ocrx_word' id='word_1_142' title='bbox 443 2711 515 2756; x_wconf 89' lang='lat' dir='ltr'><strong>oum</strong></span> <span class='ocrx_word' id='word_1_143' title='bbox 538 2692 572 2755; x_wconf 92' lang='lat' dir='ltr'><strong>in</strong></span> <span class='ocrx_word' id='word_1_144' title='bbox 594 2691 783 2774; x_wconf 86' lang='lat' dir='ltr'><strong>Eutychetis</strong></span> <span class='ocrx_word' id='word_1_145' title='bbox 806 2691 924 2775; x_wconf 84' lang='lat' dir='ltr'><strong>dogma</strong></span> <span class='ocrx_word' id='word_1_146' title='bbox 945 2693 1115 2769; x_wconf 86' lang='lat' dir='ltr'><strong>corruisse,</strong></span> <span class='ocrx_word' id='word_1_147' title='bbox 1144 2710 1249 2774; x_wconf 88' lang='lat' dir='ltr'><strong>aquo</strong></span> 
     </span>
     <span class='ocr_line' id='line_1_20' title="bbox 77 2799 1246 2885; baseline 0 -22"><span class='ocrx_word' id='word_1_148' title='bbox 77 2800 226 2883; x_wconf 88' lang='lat' dir='ltr'><strong>primitus</strong></span> <span class='ocrx_word' id='word_1_149' title='bbox 247 2820 365 2884; x_wconf 82' lang='lat' dir='ltr'><strong>graues</strong></span> <span class='ocrx_word' id='word_1_150' title='bbox 388 2801 503 2866; x_wconf 89' lang='lat' dir='ltr'><strong>beatus</strong></span> <span class='ocrx_word' id='word_1_151' title='bbox 525 2800 661 2866; x_wconf 89' lang='lat' dir='ltr'><strong>antistes</strong></span> <span class='ocrx_word' id='word_1_152' title='bbox 684 2802 790 2866; x_wconf 84' lang='lat' dir='ltr'><strong>minas</strong></span> <span class='ocrx_word' id='word_1_153' title='bbox 804 2820 980 2885; x_wconf 88' lang='lat' dir='ltr'><strong>perpessus</strong></span> <span class='ocrx_word' id='word_1_154' title='bbox 997 2809 1055 2866; x_wconf 88' lang='lat' dir='ltr'><strong>est.</strong></span> <span class='ocrx_word' id='word_1_155' title='bbox 1101 2799 1159 2865; x_wconf 90' lang='lat' dir='ltr'><strong>sed</strong></span> <span class='ocrx_word' id='word_1_156' title='bbox 1174 2819 1246 2864; x_wconf 86' lang='lat' dir='ltr'><strong>cuin</strong></span> 
     </span>
     <span class='ocr_line' id='line_1_21' title="bbox 28 2908 1249 2995; baseline 0.002 -25"><span class='ocrx_word' id='word_1_157' title='bbox 28 2919 60 2970; x_wconf 80' lang='lat' dir='ltr'><strong>ao</strong></span> <span class='ocrx_word' id='word_1_158' title='bbox 76 2910 164 2977; x_wconf 93' lang='lat' dir='ltr'><strong>illius</strong></span> <span class='ocrx_word' id='word_1_159' title='bbox 186 2911 411 2976; x_wconf 87' lang='lat' dir='ltr'><strong>inconcussam</strong></span> <span class='ocrx_word' id='word_1_160' title='bbox 435 2911 468 2974; x_wconf 92' lang='lat' dir='ltr'><strong>in</strong></span> <span class='ocrx_word' id='word_1_161' title='bbox 490 2910 554 2975; x_wconf 88' lang='lat' dir='ltr'><strong>lide</strong></span> <span class='ocrx_word' id='word_1_162' title='bbox 576 2909 734 2975; x_wconf 87' lang='lat' dir='ltr'><strong>catholica</strong></span> <span class='ocrx_word' id='word_1_163' title='bbox 756 2912 940 2995; x_wconf 86' lang='lat' dir='ltr'><strong>repperisse</strong></span> <span class='ocrx_word' id='word_1_164' title='bbox 955 2908 1153 2975; x_wconf 88' lang='lat' dir='ltr'><strong>Iustinianus</strong></span> <span class='ocrx_word' id='word_1_165' title='bbox 1176 2927 1249 2974; x_wconf 91' lang='lat' dir='ltr'><strong>con·</strong></span> 
     </span>
     <span class='ocr_line' id='line_1_22' title="bbox 78 3019 1249 3104; baseline -0.001 -17"><span class='ocrx_word' id='word_1_166' title='bbox 78 3021 397 3087; x_wconf 85' lang='lat' dir='ltr'><strong>stantiamcerneret</strong></span> <span class='ocrx_word' id='word_1_167' title='bbox 419 3057 461 3064; x_wconf 99' lang='lat'><em>-</em></span> <span class='ocrx_word' id='word_1_168' title='bbox 483 3021 510 3086; x_wconf 86' lang='lat' dir='ltr'><strong>si</strong></span> <span class='ocrx_word' id='word_1_169' title='bbox 541 3019 670 3104; x_wconf 90' lang='lat' dir='ltr'><strong>quidem</strong></span> <span class='ocrx_word' id='word_1_170' title='bbox 700 3019 741 3084; x_wconf 90' lang='lat' dir='ltr'><strong>ad</strong></span> <span class='ocrx_word' id='word_1_171' title='bbox 765 3021 825 3085; x_wconf 88' lang='lat' dir='ltr'><strong>lioc</strong></span> <span class='ocrx_word' id='word_1_172' title='bbox 847 3039 949 3104; x_wconf 89' lang='lat' dir='ltr'><strong>usque</strong></span> <span class='ocrx_word' id='word_1_173' title='bbox 971 3020 1080 3087; x_wconf 89' lang='lat' dir='ltr'><strong>uerbis</strong></span> <span class='ocrx_word' id='word_1_174' title='bbox 1102 3037 1249 3104; x_wconf 85' lang='lat' dir='ltr'><strong>progres-</strong></span> 
     </span>
     <span class='ocr_line' id='line_1_23' title="bbox 79 3129 1249 3214; baseline -0.004 -15"><span class='ocrx_word' id='word_1_175' title='bbox 79 3151 150 3199; x_wconf 89' lang='lat' dir='ltr'><strong>sum</strong></span> <span class='ocrx_word' id='word_1_176' title='bbox 179 3131 282 3197; x_wconf 89' lang='lat' dir='ltr'><strong>luerat</strong></span> <span class='ocrx_word' id='word_1_177' title='bbox 309 3136 344 3195; x_wconf 91' lang='lat' dir='ltr'><strong>ut</strong></span> <span class='ocrx_word' id='word_1_178' title='bbox 372 3132 451 3194; x_wconf 89' lang='lat' dir='ltr'><strong>talia</strong></span> <span class='ocrx_word' id='word_1_179' title='bbox 479 3151 500 3195; x_wconf 93' lang='lat' dir='ltr'><strong>a</strong></span> <span class='ocrx_word' id='word_1_180' title='bbox 527 3131 678 3214; x_wconf 86' lang='lat' dir='ltr'><strong>praesule</strong></span> <span class='ocrx_word' id='word_1_181' title='bbox 706 3129 834 3195; x_wconf 89' lang='lat' dir='ltr'><strong>audiret</strong></span> <span class='ocrx_word' id='word_1_182' title='bbox 862 3135 932 3213; x_wconf 82' lang='lat' dir='ltr'><strong>‘ego</strong></span> <span class='ocrx_word' id='word_1_183' title='bbox 962 3129 1003 3195; x_wconf 89' lang='lat' dir='ltr'><strong>ad</strong></span> <span class='ocrx_word' id='word_1_184' title='bbox 1034 3130 1249 3196; x_wconf 84' lang='lat' dir='ltr'><strong>lastinianum</strong></span> 
     </span>
     <span class='ocr_line' id='line_1_24' title="bbox 79 3239 1249 3326; baseline -0.003 -19"><span class='ocrx_word' id='word_1_185' title='bbox 79 3242 304 3326; x_wconf 85' lang='lat' dir='ltr'><strong>imperatorem</strong></span> <span class='ocrx_word' id='word_1_186' title='bbox 327 3240 640 3307; x_wconf 71' lang='lat' dir='ltr'><strong>christianissimum</strong></span> <span class='ocrx_word' id='word_1_187' title='bbox 663 3241 773 3305; x_wconf 85' lang='lat' dir='ltr'><strong>uenire</strong></span> <span class='ocrx_word' id='word_1_188' title='bbox 796 3239 981 3307; x_wconf 88' lang='lat' dir='ltr'><strong>desidoraui</strong></span> <span class='ocrx_word' id='word_1_189' title='bbox 1004 3240 1062 3306; x_wconf 91' lang='lat' dir='ltr'><strong>sed</strong></span> <span class='ocrx_word' id='word_1_190' title='bbox 1078 3239 1249 3305; x_wconf 90' lang='lat' dir='ltr'><strong>Diocletia-</strong></span> 
     </span>
     <span class='ocr_line' id='line_1_25' title="bbox 78 3348 1248 3431; baseline -0.003 -15"><span class='ocrx_word' id='word_1_191' title='bbox 78 3372 156 3416; x_wconf 93' lang='lat' dir='ltr'><strong>num</strong></span> <span class='ocrx_word' id='word_1_192' title='bbox 179 3352 296 3417; x_wconf 92' lang='lat' dir='ltr'><strong>inueni&#39;</strong></span> <span class='ocrx_word' id='word_1_193' title='bbox 317 3387 360 3395; x_wconf 94' lang='lat'><em>-</em></span> <span class='ocrx_word' id='word_1_194' title='bbox 381 3349 511 3415; x_wconf 87' lang='lat' dir='ltr'><strong>tandem</strong></span> <span class='ocrx_word' id='word_1_195' title='bbox 541 3370 581 3416; x_wconf 85' lang='lat' dir='ltr'><strong>ex</strong></span> <span class='ocrx_word' id='word_1_196' title='bbox 602 3351 769 3416; x_wconf 87' lang='lat' dir='ltr'><strong>uoluntate</strong></span> <span class='ocrx_word' id='word_1_197' title='bbox 791 3349 845 3416; x_wconf 90' lang='lat' dir='ltr'><strong>dci</strong></span> <span class='ocrx_word' id='word_1_198' title='bbox 872 3352 942 3416; x_wconf 89' lang='lat' dir='ltr'><strong>eius</strong></span> <span class='ocrx_word' id='word_1_199' title='bbox 965 3350 1095 3415; x_wconf 90' lang='lat' dir='ltr'><strong>monitis</strong></span> <span class='ocrx_word' id='word_1_200' title='bbox 1117 3348 1248 3431; x_wconf 88' lang='lat' dir='ltr'><strong>adquie-</strong></span> 
     </span>
     <span class='ocr_line' id='line_1_26' title="bbox 28 3456 1248 3544; baseline -0.002 -20"><span class='ocrx_word' id='word_1_201' title='bbox 28 3475 59 3525; x_wconf 77' lang='lat' dir='ltr'><strong>as</strong></span> <span class='ocrx_word' id='word_1_202' title='bbox 80 3481 174 3529; x_wconf 88' lang='lat' dir='ltr'><strong>scens</strong></span> <span class='ocrx_word' id='word_1_203' title='bbox 197 3460 239 3526; x_wconf 89' lang='lat' dir='ltr'><strong>ad</strong></span> <span class='ocrx_word' id='word_1_204' title='bbox 261 3460 439 3525; x_wconf 88' lang='lat' dir='ltr'><strong>catholicae</strong></span> <span class='ocrx_word' id='word_1_205' title='bbox 461 3459 538 3525; x_wconf 89' lang='lat' dir='ltr'><strong>fidei</strong></span> <span class='ocrx_word' id='word_1_206' title='bbox 560 3461 796 3526; x_wconf 81' lang='lat' dir='ltr'><strong>contessionem</strong></span> <span class='ocrx_word' id='word_1_207' title='bbox 825 3480 896 3525; x_wconf 88' lang='lat' dir='ltr'><strong>cuin</strong></span> <span class='ocrx_word' id='word_1_208' title='bbox 919 3461 1027 3526; x_wconf 89' lang='lat' dir='ltr'><strong>multis</strong></span> <span class='ocrx_word' id='word_1_209' title='bbox 1049 3459 1171 3544; x_wconf 89' lang='lat' dir='ltr'><strong>pariter</strong></span> <span class='ocrx_word' id='word_1_210' title='bbox 1193 3456 1248 3541; x_wconf 89' lang='lat' dir='ltr'><strong>qui</strong></span> 
     </span>
     <span class='ocr_line' id='line_1_27' title="bbox 82 3568 1248 3654; baseline -0.003 -17"><span class='ocrx_word' id='word_1_211' title='bbox 82 3571 228 3637; x_wconf 90' lang='lat' dir='ltr'><strong>similiter</strong></span> <span class='ocrx_word' id='word_1_212' title='bbox 249 3570 454 3654; x_wconf 84' lang='lat' dir='ltr'><strong>desipiebant</strong></span> <span class='ocrx_word' id='word_1_213' title='bbox 469 3588 637 3652; x_wconf 81' lang='lat' dir='ltr'><strong>regressus</strong></span> <span class='ocrx_word' id='word_1_214' title='bbox 653 3577 712 3636; x_wconf 89' lang='lat' dir='ltr'><strong>cst.</strong></span> <span class='ocrx_word' id='word_1_215' title='bbox 757 3570 945 3636; x_wconf 72' lang='lat' dir='ltr'><strong>anthimum</strong></span> <span class='ocrx_word' id='word_1_216' title='bbox 961 3589 1087 3654; x_wconf 89' lang='lat' dir='ltr'><strong>quoque</strong></span> <span class='ocrx_word' id='word_1_217' title='bbox 1102 3568 1248 3636; x_wconf 90' lang='lat' dir='ltr'><strong>eiusdem</strong></span> 
     </span>
     <span class='ocr_line' id='line_1_28' title="bbox 81 3680 1249 3764; baseline -0.001 -19"><span class='ocrx_word' id='word_1_218' title='bbox 81 3682 191 3763; x_wconf 82' lang='lat' dir='ltr'><strong>regiae</strong></span> <span class='ocrx_word' id='word_1_219' title='bbox 214 3681 355 3746; x_wconf 84' lang='lat' dir='ltr'><strong>ciuitatis</strong></span> <span class='ocrx_word' id='word_1_220' title='bbox 378 3681 563 3764; x_wconf 85' lang='lat' dir='ltr'><strong>episcopum</strong></span> <span class='ocrx_word' id='word_1_221' title='bbox 585 3681 732 3764; x_wconf 85' lang='lat' dir='ltr'><strong>priuatae</strong></span> <span class='ocrx_word' id='word_1_222' title='bbox 756 3680 929 3748; x_wconf 88' lang='lat' dir='ltr'><strong>haereseos</strong></span> <span class='ocrx_word' id='word_1_223' title='bbox 952 3680 1153 3746; x_wconf 83' lang='lat' dir='ltr'><strong>defensorem</strong></span> <span class='ocrx_word' id='word_1_224' title='bbox 1176 3698 1249 3744; x_wconf 90' lang='lat' dir='ltr'><strong>con-</strong></span> 
     </span>
     <span class='ocr_line' id='line_1_29' title="bbox 79 3788 1248 3876; baseline -0.003 -20"><span class='ocrx_word' id='word_1_225' title='bbox 79 3791 197 3856; x_wconf 87' lang='lat' dir='ltr'><strong>uictum</strong></span> <span class='ocrx_word' id='word_1_226' title='bbox 226 3791 354 3876; x_wconf 88' lang='lat' dir='ltr'><strong>publice</strong></span> <span class='ocrx_word' id='word_1_227' title='bbox 382 3790 604 3855; x_wconf 88' lang='lat' dir='ltr'><strong>communione</strong></span> <span class='ocrx_word' id='word_1_228' title='bbox 633 3791 776 3874; x_wconf 88' lang='lat' dir='ltr'><strong>priuauit</strong></span> <span class='ocrx_word' id='word_1_229' title='bbox 806 3810 844 3855; x_wconf 89' lang='lat' dir='ltr'><strong>ac</strong></span> <span class='ocrx_word' id='word_1_230' title='bbox 865 3810 1023 3876; x_wconf 89' lang='lat' dir='ltr'><strong>persuaso</strong></span> <span class='ocrx_word' id='word_1_231' title='bbox 1045 3790 1191 3874; x_wconf 82' lang='lat' dir='ltr'><strong>principe</strong></span> <span class='ocrx_word' id='word_1_232' title='bbox 1214 3788 1248 3853; x_wconf 90' lang='lat' dir='ltr'><strong>iii</strong></span> 
     </span>
     <span class='ocr_line' id='line_1_30' title="bbox 79 3897 1248 3985; baseline -0.003 -19"><span class='ocrx_word' id='word_1_233' title='bbox 79 3901 211 3966; x_wconf 83' lang='lat' dir='ltr'><strong>exilium</strong></span> <span class='ocrx_word' id='word_1_234' title='bbox 233 3901 346 3984; x_wconf 85' lang='lat' dir='ltr'><strong>coegit.</strong></span> <span class='ocrx_word' id='word_1_235' title='bbox 391 3919 451 3965; x_wconf 89' lang='lat' dir='ltr'><strong>nec</strong></span> <span class='ocrx_word' id='word_1_236' title='bbox 474 3901 606 3965; x_wconf 88' lang='lat' dir='ltr'><strong>multum</strong></span> <span class='ocrx_word' id='word_1_237' title='bbox 629 3909 702 3984; x_wconf 88' lang='lat' dir='ltr'><strong>post</strong></span> <span class='ocrx_word' id='word_1_238' title='bbox 725 3901 811 3966; x_wconf 90' lang='lat' dir='ltr'><strong>idem</strong></span> <span class='ocrx_word' id='word_1_239' title='bbox 835 3901 979 3985; x_wconf 82' lang='lat' dir='ltr'><strong>pontifex</strong></span> <span class='ocrx_word' id='word_1_240' title='bbox 1000 3899 1088 3984; x_wconf 86' lang='lat' dir='ltr'><strong>apud</strong></span> <span class='ocrx_word' id='word_1_241' title='bbox 1110 3897 1248 3963; x_wconf 90' lang='lat' dir='ltr'><strong>eandem</strong></span> 
     </span>
     <span class='ocr_line' id='line_1_31' title="bbox 28 4010 405 4075; baseline 0.011 -6"><span class='ocrx_word' id='word_1_242' title='bbox 28 4020 59 4071; x_wconf 80' lang='lat' dir='ltr'><strong>ao</strong></span> <span class='ocrx_word' id='word_1_243' title='bbox 75 4011 187 4075; x_wconf 90' lang='lat' dir='ltr'><strong>urbem</strong></span> <span class='ocrx_word' id='word_1_244' title='bbox 209 4010 294 4075; x_wconf 90' lang='lat' dir='ltr'><strong>diem</strong></span> <span class='ocrx_word' id='word_1_245' title='bbox 317 4011 405 4074; x_wconf 86' lang='lat' dir='ltr'><strong>obiit.</strong></span> 
     </span>
    </p>
   </div>
   <div class='ocr_carea' id='block_1_3' title="bbox 72 4323 1250 4864">
    <p class='ocr_par' dir='ltr' id='par_1_8' title="bbox 72 4323 1250 4864">
     <span class='ocr_line' id='line_1_32' title="bbox 143 4323 1249 4397; baseline -0.005 -13"><span class='ocrx_word' id='word_1_246' title='bbox 143 4335 158 4384; x_wconf 86' lang='lat'><strong>3</strong></span> <span class='ocrx_word' id='word_1_247' title='bbox 177 4330 304 4384; x_wconf 88' lang='lat' dir='ltr'><strong>mihtaret</strong></span> <span class='ocrx_word' id='word_1_248' title='bbox 322 4328 354 4383; x_wconf 74' lang='grc' dir='ltr'><strong>θ’</strong></span> <span class='ocrx_word' id='word_1_249' title='bbox 450 4332 465 4381; x_wconf 82' lang='lat'>8</span> <span class='ocrx_word' id='word_1_250' title='bbox 484 4327 662 4382; x_wconf 80' lang='lat' dir='ltr'><strong>amalariunta</strong></span> <span class='ocrx_word' id='word_1_251' title='bbox 681 4327 726 4393; x_wconf 87' lang='grc' dir='ltr'><strong>Β,</strong></span> <span class='ocrx_word' id='word_1_252' title='bbox 751 4330 918 4397; x_wconf 80' lang='lat' dir='ltr'><strong>amalalupta</strong></span> <span class='ocrx_word' id='word_1_253' title='bbox 936 4326 962 4382; x_wconf 89' lang='lat' dir='ltr'><em>D</em></span> <span class='ocrx_word' id='word_1_254' title='bbox 1063 4330 1079 4381; x_wconf 85' lang='grc'>9</span> <span class='ocrx_word' id='word_1_255' title='bbox 1097 4342 1126 4379; x_wconf 90' lang='lat' dir='ltr'><strong>in</strong></span> <span class='ocrx_word' id='word_1_256' title='bbox 1142 4341 1193 4380; x_wconf 89' lang='lat' dir='ltr'><strong>om.</strong></span> <span class='ocrx_word' id='word_1_257' title='bbox 1212 4323 1249 4379; x_wconf 77' lang='lat' dir='ltr'><strong>B‘</strong></span> 
     </span>
     <span class='ocr_line' id='line_1_33' title="bbox 79 4417 1247 4490; baseline -0.003 -14"><span class='ocrx_word' id='word_1_258' title='bbox 79 4421 149 4477; x_wconf 89' lang='lat' dir='ltr'><strong>idem</strong></span> <span class='ocrx_word' id='word_1_259' title='bbox 166 4424 244 4488; x_wconf 75' lang='lat' dir='ltr'><strong>All).-</strong></span> <span class='ocrx_word' id='word_1_260' title='bbox 262 4422 361 4477; x_wconf 86' lang='lat' dir='ltr'><strong>hisdem</strong></span> <span class='ocrx_word' id='word_1_261' title='bbox 380 4421 416 4485; x_wconf 91' lang='lat' dir='ltr'><strong>B,</strong></span> <span class='ocrx_word' id='word_1_262' title='bbox 434 4420 490 4475; x_wconf 79' lang='lat' dir='ltr'><strong>ilde</strong></span> <span class='ocrx_word' id='word_1_263' title='bbox 508 4420 535 4475; x_wconf 85' lang='grc' dir='ltr'><strong>Ι)</strong></span> <span class='ocrx_word' id='word_1_264' title='bbox 639 4427 670 4475; x_wconf 84' lang='grc'><strong>10</strong></span> <span class='ocrx_word' id='word_1_265' title='bbox 689 4422 779 4477; x_wconf 88' lang='lat' dir='ltr'><strong>collati</strong></span> <span class='ocrx_word' id='word_1_266' title='bbox 797 4421 840 4476; x_wconf 83' lang='lat' dir='ltr'><strong>dl)</strong></span> <span class='ocrx_word' id='word_1_267' title='bbox 925 4419 1035 4490; x_wconf 78' lang='lat' dir='ltr'><strong>aliquod</strong></span> <span class='ocrx_word' id='word_1_268' title='bbox 1057 4419 1092 4474; x_wconf 79' lang='lat' dir='ltr'><strong>B‘</strong></span> <span class='ocrx_word' id='word_1_269' title='bbox 1162 4417 1247 4472; x_wconf 86' lang='lat' dir='ltr'><strong>stran-</strong></span> 
     </span>
     <span class='ocr_line' id='line_1_34' title="bbox 75 4511 1250 4584; baseline -0.003 -15"><span class='ocrx_word' id='word_1_270' title='bbox 75 4517 168 4584; x_wconf 79' lang='lat' dir='ltr'><strong>gulare</strong></span> <span class='ocrx_word' id='word_1_271' title='bbox 191 4522 216 4580; x_wconf 78' lang='lat' dir='ltr'><strong>le</strong></span> <span class='ocrx_word' id='word_1_272' title='bbox 234 4517 262 4570; x_wconf 84' lang='lat' dir='ltr'><strong>iii</strong></span> <span class='ocrx_word' id='word_1_273' title='bbox 281 4523 291 4567; x_wconf 86' lang='lat' dir='ltr'><strong>t</strong></span> <span class='ocrx_word' id='word_1_274' title='bbox 309 4530 378 4569; x_wconf 73' lang='lat' dir='ltr'><strong>corr.</strong></span> <span class='ocrx_word' id='word_1_275' title='bbox 397 4531 469 4568; x_wconf 79' lang='lat' dir='ltr'><strong>iacit.</strong></span> <span class='ocrx_word' id='word_1_276' title='bbox 486 4516 635 4569; x_wconf 72' lang='lat' dir='ltr'><strong>receptisa}</strong></span> <span class='ocrx_word' id='word_1_277' title='bbox 654 4513 681 4568; x_wconf 89' lang='lat' dir='ltr'><em>B</em></span> <span class='ocrx_word' id='word_1_278' title='bbox 786 4520 815 4569; x_wconf 80' lang='grc'><strong>13</strong></span> <span class='ocrx_word' id='word_1_279' title='bbox 834 4515 966 4570; x_wconf 74' lang='lat' dir='ltr'><strong>theodotii</strong></span> <span class='ocrx_word' id='word_1_280' title='bbox 984 4513 1011 4568; x_wconf 89' lang='lat' dir='ltr'><em>B</em></span> <span class='ocrx_word' id='word_1_281' title='bbox 1096 4511 1250 4568; x_wconf 75' lang='lat' dir='ltr'><strong>iracundiae</strong></span> 
     </span>
     <span class='ocr_line' id='line_1_35' title="bbox 76 4606 1248 4679; baseline -0.006 -14"><span class='ocrx_word' id='word_1_282' title='bbox 76 4610 104 4665; x_wconf 88' lang='lat' dir='ltr'><em>B</em></span> <span class='ocrx_word' id='word_1_283' title='bbox 161 4615 191 4663; x_wconf 84' lang='lat' dir='ltr'><strong>te</strong></span> <span class='ocrx_word' id='word_1_284' title='bbox 209 4607 396 4678; x_wconf 84' lang='lat' dir='ltr'><strong>imperaretl)</strong></span> <span class='ocrx_word' id='word_1_285' title='bbox 483 4612 513 4661; x_wconf 80' lang='lat' dir='ltr'><strong>tt</strong></span> <span class='ocrx_word' id='word_1_286' title='bbox 533 4608 647 4662; x_wconf 85' lang='lat' dir='ltr'><strong>abdillct</strong></span> <span class='ocrx_word' id='word_1_287' title='bbox 665 4612 695 4664; x_wconf 79' lang='lat' dir='ltr'><strong>ui·</strong></span> <span class='ocrx_word' id='word_1_288' title='bbox 710 4610 798 4679; x_wconf 82' lang='lat' dir='ltr'><strong>fallor</strong></span> <span class='ocrx_word' id='word_1_289' title='bbox 816 4609 850 4664; x_wconf 86' lang='lat' dir='ltr'><strong>B‘</strong></span> <span class='ocrx_word' id='word_1_290' title='bbox 923 4612 953 4662; x_wconf 80' lang='lat'><strong>18</strong></span> <span class='ocrx_word' id='word_1_291' title='bbox 971 4607 1095 4662; x_wconf 83' lang='lat' dir='ltr'><strong>euticetis</strong></span> <span class='ocrx_word' id='word_1_292' title='bbox 1110 4606 1145 4670; x_wconf 90' lang='lat' dir='ltr'><strong>B,</strong></span> <span class='ocrx_word' id='word_1_293' title='bbox 1163 4609 1248 4660; x_wconf 91' lang='lat' dir='ltr'><strong>uecti-</strong></span> 
     </span>
     <span class='ocr_line' id='line_1_36' title="bbox 74 4700 1248 4771; baseline -0.003 -14"><span class='ocrx_word' id='word_1_294' title='bbox 74 4703 181 4758; x_wconf 81' lang='lat' dir='ltr'><strong>cetill)</strong></span> <span class='ocrx_word' id='word_1_295' title='bbox 250 4707 283 4758; x_wconf 83' lang='lat'><strong>20</strong></span> <span class='ocrx_word' id='word_1_296' title='bbox 301 4703 434 4757; x_wconf 80' lang='lat' dir='ltr'><strong>catholiea</strong></span> <span class='ocrx_word' id='word_1_297' title='bbox 451 4701 479 4756; x_wconf 87' lang='lat' dir='ltr'><em>B</em></span> <span class='ocrx_word' id='word_1_298' title='bbox 548 4705 580 4756; x_wconf 79' lang='lat'><strong>23</strong></span> <span class='ocrx_word' id='word_1_299' title='bbox 598 4719 662 4757; x_wconf 89' lang='lat' dir='ltr'><strong>ueni</strong></span> <span class='ocrx_word' id='word_1_300' title='bbox 684 4703 714 4756; x_wconf 74' lang='grc' dir='ltr'><strong>θ’</strong></span> <span class='ocrx_word' id='word_1_301' title='bbox 800 4706 832 4757; x_wconf 77' lang='lat'><strong>24</strong></span> <span class='ocrx_word' id='word_1_302' title='bbox 851 4700 1024 4771; x_wconf 81' lang='lat' dir='ltr'><strong>acquiescens</strong></span> <span class='ocrx_word' id='word_1_303' title='bbox 1037 4700 1064 4755; x_wconf 86' lang='grc' dir='ltr'><strong>Ι)</strong></span> <span class='ocrx_word' id='word_1_304' title='bbox 1131 4703 1248 4755; x_wconf 73' lang='lat' dir='ltr'><strong>ticini·</strong></span> 
     </span>
     <span class='ocr_line' id='line_1_37' title="bbox 72 4791 1192 4864; baseline -0.004 -13"><span class='ocrx_word' id='word_1_305' title='bbox 72 4798 145 4851; x_wconf 85' lang='lat' dir='ltr'><strong>tatei</strong></span> <span class='ocrx_word' id='word_1_306' title='bbox 160 4796 196 4851; x_wconf 75' lang='lat'><strong>13¹</strong></span> <span class='ocrx_word' id='word_1_307' title='bbox 265 4800 297 4851; x_wconf 78' lang='grc'><strong>28</strong></span> <span class='ocrx_word' id='word_1_308' title='bbox 316 4795 546 4852; x_wconf 78' lang='lat' dir='ltr'><strong>comumoionell</strong></span> <span class='ocrx_word' id='word_1_309' title='bbox 597 4797 714 4864; x_wconf 87' lang='lat' dir='ltr'><strong>piiuabit</strong></span> <span class='ocrx_word' id='word_1_310' title='bbox 732 4795 766 4849; x_wconf 81' lang='lat' dir='ltr'><strong>B‘</strong></span> <span class='ocrx_word' id='word_1_311' title='bbox 836 4800 868 4850; x_wconf 82' lang='lat'><strong>29</strong></span> <span class='ocrx_word' id='word_1_312' title='bbox 887 4796 967 4851; x_wconf 83' lang='lat' dir='ltr'><strong>exilio</strong></span> <span class='ocrx_word' id='word_1_313' title='bbox 986 4793 1014 4849; x_wconf 87' lang='lat' dir='ltr'><em>B</em></span> <span class='ocrx_word' id='word_1_314' title='bbox 1064 4791 1192 4848; x_wconf 87' lang='lat' dir='ltr'><strong>multoD</strong></span> 
     </span>
    </p>
   </div>
   <div class='ocr_carea' id='block_1_4' title="bbox 0 0 1422 5394">
    <p class='ocr_par' dir='ltr' id='par_1_9' title="bbox 0 0 1422 5394">
     <span class='ocr_line' id='line_1_38' title="bbox 0 0 1422 5394; baseline 0 1"><span class='ocrx_word' id='word_1_315' title='bbox 0 0 1422 5394; x_wconf 95' lang='lat' dir='ltr'><strong> </strong></span> 
     </span>
    </p>
   </div>
  </div>
 </body>
</html>
