2834 5394
524 668 597 716 cnr.
620 669 831 718 xxr-xxuu·
1189 658 1250 719 575

166 821 261 886 Anno
282 821 410 908 imperii
433 822 483 889 sui
505 843 590 887 nono
613 822 735 887 Eirena
763 822 952 906 imperatrix
975 842 1056 907 pace
1079 823 1185 890 soluta
1207 825 1254 890 la·
1275 823 1394 892 XXIII

82 931 189 999 ciendi
219 951 291 996 cum
319 932 455 998 Francis
484 932 639 1017 nuptialis
668 939 851 998 contractus
888 931 1004 997 direxit
1032 933 1256 1018 Theophanen

80 1042 377 1129 protospatharium
414 1049 447 1108 et
475 1041 611 1108 adduxit
645 1043 787 1128 puellam
818 1062 858 1108 ex
887 1042 1089 1109 Armeniacis
1125 1044 1255 1111 nomine

80 1154 217 1219 Mariam
240 1153 282 1217 ab
304 1153 423 1218 Amnia
458 1160 490 1218 et
511 1153 617 1217 iunxit
638 1172 710 1217 eam
733 1151 945 1219 Constantino
973 1154 1160 1238 imperatori
1189 1154 1255 1221 filio

49 1274 150 1348 asuo,
174 1284 246 1329 cum
269 1262 341 1348 ipse
365 1264 500 1327 multum
522 1263 766 1329 contristaretur
788 1271 820 1329 et
841 1264 941 1329 nollet
962 1273 1093 1349 propter
1107 1264 1254 1329 affectum

82 1395 145 1460 quo
168 1394 247 1458 erga
267 1373 381 1437 Karoli
403 1372 505 1436 filiam
526 1372 724 1438 Francorum
746 1373 833 1457 regis
855 1372 1025 1457 flagrabat,
1055 1396 1150 1459 qnam
1174 1375 1256 1441 scili-

81 1493 132 1550 cet
164 1491 263 1550 antea
293 1482 569 1576 desponsauerat,
607 1490 638 1549 et
678 1492 982 1550 consummauerunt
1022 1485 1151 1569 nuptias
1185 1486 1255 1552 eius

81 1614 192 1661 mense
213 1593 411 1660 Nouembrio
433 1592 619 1660 indictionis
649 1592 868 1660 duodecimae.
911 1595 1036 1661 interea
1058 1596 1176 1660 Eirene
1198 1595 1255 1659 mi-

62 1684 127 1771 sit
149 1703 328 1769 Iohannem
351 1703 555 1770 sacollarium
577 1710 609 1770 ot
630 1702 827 1788 logothetam
849 1705 882 1769 in
904 1704 1166 1789 langobardiam
1189 1725 1255 1770 una

35 1823 66 1873 to
82 1834 154 1879 cum
175 1813 330 1896 Adelgiso
363 1812 484 1878 dudum
517 1832 594 1896 rege
627 1814 757 1880 maioris
789 1814 1047 1897 langobardiae,
1084 1834 1179 1898 quem
1206 1814 1255 1879 illi
1339 1816 1343 1823 ’

82 1929 203 1988 mutato
219 1923 347 1989 nomine
362 1922 564 1989 Theodotum
586 1922 738 1990 dicebant
759 1924 803 1989 ad
824 1925 976 1990 ultionem
999 1924 1200 1990 inserendam
1224 1925 1254 1991 si

83 2039 217 2118 possent
236 2033 270 2098 in
291 2034 458 2114 Karolnm,
482 2041 514 2099 et
536 2033 693 2117 quosdam
715 2033 941 2101 subducendos
963 2035 1004 2099 ab
1027 2034 1094 2100 illo.
1124 2035 1255 2101 descen-

82 2143 199 2209 derunt
219 2163 295 2227 ergo
317 2163 389 2208 cum
410 2142 582 2209 Theodoro
605 2144 740 2228 patricio
769 2144 916 2209 eunucho
947 2153 978 2210 et
1006 2152 1155 2229 praetore
1178 2145 1254 2210 Sici·

81 2254 145 2318 liae
167 2261 199 2320 et
220 2253 300 2319 inito
321 2254 407 2319 bello
429 2260 536 2320 tentus
559 2261 592 2319 et
613 2275 634 2318 a
654 2255 789 2320 Francis
811 2274 921 2320 amare
943 2262 1129 2341 peremptus
1151 2262 1210 2321 cst.

36 2375 65 2424 15
165 2363 260 2429 Anno
281 2363 410 2448 imperii
431 2365 567 2430 Eirencs
589 2372 620 2429 et
643 2363 845 2431 Constantini
873 2363 997 2430 decimo
1020 2366 1120 2431 mouit
1141 2365 1250 2431 diabo·
1270 2367 1407 2435 XXIIII

81 2474 132 2539 lus
155 2473 256 2538 liuore
277 2475 410 2559 pietatis
431 2475 660 2559 imperatorum
682 2473 829 2541 homines
852 2476 905 2560 qui
928 2475 1167 2558 instigauerunt
1188 2497 1254 2542 ma-

80 2588 161 2648 trem
196 2583 356 2650 aduersus
392 2584 492 2649 filium
529 2591 561 2649 et
596 2584 696 2649 fihum
729 2592 840 2650 contra
871 2593 1016 2652 matrem.
1060 2585 1255 2654 inflexerunt

81 2693 166 2759 enim
195 2713 267 2758 eam
295 2694 390 2777 quasi
418 2713 458 2759 ex
480 2694 764 2779 praesignantibus
787 2696 893 2760 futura
915 2697 1152 2779 cognitionibus
1175 2698 1253 2763 certi

80 2803 156 2868 facti
177 2809 362 2870 asserentes
384 2804 414 2868 ei
437 2803 509 2869 ‘non
533 2811 582 2869 cst
603 2803 878 2888 praedestinatum
900 2806 987 2890 apud
1009 2805 1105 2870 deum
1120 2807 1253 2872 tenendi

30 2924 61 2976 20
82 2913 183 2977 filium
205 2920 293 2978 tuum
316 2914 484 2998 imperium
508 2913 564 2980 scd
587 2921 675 2979 tuum
698 2922 747 2980 est
769 2935 790 2978 a
812 2913 872 2979 deo
895 2915 953 2980 tibi
977 2914 1105 2981 datum’
1147 2922 1182 2980 at
1197 2917 1254 2981 illa

82 3029 116 3087 ut
137 3022 251 3087 mulier
274 3022 407 3089 seducta
429 3023 620 3108 praesertim
643 3044 715 3088 cum
737 3044 879 3089 amorem
903 3045 1030 3109 quoqne
1052 3026 1252 3110 principatus

80 3132 225 3213 haberet,
248 3133 385 3198 credidit
408 3133 452 3199 ita
474 3153 546 3199 esso
568 3141 599 3198 et
620 3154 685 3199 non
708 3135 897 3218 recogitauit
919 3135 1004 3218 quod
1027 3136 1090 3221 ipsi
1106 3137 1252 3203 uolentes

80 3241 270 3326 dispensare
292 3263 345 3309 res
367 3242 400 3307 id
423 3245 482 3309 suh
506 3247 674 3310 occasione
697 3244 955 3329 praetenderent.
1001 3265 1077 3328 crgo
1100 3266 1172 3310 cnm
1193 3247 1251 3311 irn-

81 3359 210 3436 perator
238 3352 303 3416 iam
333 3353 447 3435 uiginti
474 3361 562 3420 esset
589 3376 746 3420 annorum
776 3356 876 3420 tactus
905 3363 1002 3439 atquo
1031 3356 1181 3423 robustus
1210 3356 1252 3422 ad

33 3479 65 3530 25
81 3461 208 3526 modum
239 3469 270 3526 et
298 3461 444 3544 idoneus,
474 3463 607 3529 uidebat
635 3484 670 3530 se
698 3465 780 3529 nihil
807 3466 1000 3551 potcstatiue
1033 3473 1198 3550 gerentem
1221 3474 1253 3532 et

80 3572 268 3638 tristabatur
291 3573 417 3639 intuens
440 3592 458 3637 o
479 3575 639 3639 contrario
656 3574 858 3640 Stauracium
879 3576 1048 3660 patricium
1064 3584 1096 3643 et
1112 3578 1252 3661 logothe-

80 3688 146 3746 tam
168 3681 276 3747 omnia
297 3682 464 3765 possidere
486 3703 661 3768 omnesque
693 3684 736 3749 acl
765 3686 853 3750 illum
883 3686 1057 3771 procedere
1095 3695 1127 3753 et
1155 3689 1253 3753 nemi-

80 3811 153 3857 nem
176 3792 219 3856 acl
242 3813 277 3858 se
299 3793 502 3876 frequentare
525 3795 655 3859 audere.
700 3802 766 3859 tum
790 3796 924 3863 consilio
954 3797 1033 3862 inito
1063 3818 1133 3862 cum
1163 3799 1253 3862 iami-

80 3902 217 3968 liaribus
251 3904 421 3987 perpaucis
456 3903 638 3970 hominibus
662 3905 728 3972 suis
757 3912 788 3970 et
809 3906 904 3971 Petro
927 3907 1080 3987 magistro
1115 3914 1146 3972 et
1169 3907 1252 3973 The·

33 4029 64 4077 10
81 4010 180 4075 odoro
203 4013 338 4096 patricio
368 4020 399 4077 ct
421 4015 581 4078 Damiano
610 4033 712 4099 aeque
741 4015 875 4099 patricio
907 4016 1048 4080 firmauit
1077 4038 1139 4100 quo
1169 4037 1250 4082 com-

80 4120 297 4207 prehenderet
326 4142 398 4188 eum
432 4130 464 4188 et
497 4125 624 4189 exulem
657 4125 690 4190 in
728 4124 871 4190 Siciliam
906 4123 1085 4192 destinaret
1116 4128 1250 4213 ipseque

80 4239 205 4298 teneret
220 4232 397 4316 imperium
420 4253 491 4297 cum
515 4240 616 4299 matre
640 4255 708 4302 sua.

79 4453 384 4462 ————

150 4623 207 4672 tct
224 4621 239 4672 8
258 4623 284 4672 ct
303 4624 334 4672 15
353 4619 461 4674 harenc
564 4621 740 4676 tannrall
841 4622 1075 4692 tdripontauerat
1091 4623 1118 4678 Ι)
1187 4640 1251 4679 con·

79 4712 252 4765 lumauerunt
268 4712 295 4766 D
404 4694 651 4768 claccehanhn
773 4693 999 4771 11theodach1)
1103 4722 1133 4772 12
1151 4718 1211 4773 rlloi
1225 4719 1252 4774 D

82 4810 112 4859 13
131 4811 158 4860 et
173 4806 288 4878 camsi:
305 4806 343 4860 ert
360 4805 387 4860 Ι)
456 4811 487 4861 23
507 4806 641 4876 dispensat
656 4809 698 4864 hae
716 4808 802 4865 rell)
870 4815 902 4866 26
921 4813 947 4866 le
965 4815 1099 4868 contrario
1116 4811 1143 4866 Ι)
