3154 5084
118 477 243 542 XXXV

267 313 308 374 48
781 327 873 374 niani
895 327 920 372 ii

350 476 460 560 <Anno
489 479 530 544 ab
553 479 631 543 urbe
660 476 789 542 condita
818 477 1076 561 quingentesimo
1105 479 1242 562 septimo
1270 475 1441 562 repentina

266 588 434 655 subuersio
457 587 560 674 ipsius
582 590 704 654 Romae
726 587 896 672 praeuenit
916 587 1113 673 triumphuni
1127 589 1353 654 Romanorum.
1386 607 1441 653 ne

265 719 327 783 que
350 699 436 764 enim
458 703 579 764 temere
608 697 744 764 dixerim
774 697 903 782 quando
931 717 996 762 non
1027 698 1079 762 uel
1100 697 1260 763 modicam
1281 697 1439 763 laetitiam

264 811 386 874 Rornae
408 809 641 894 superueniens
663 813 797 892 repente
819 827 916 891 quam
937 808 1153 891 grauissimus
1181 808 1285 874 luctus
1308 827 1440 893 oppres·

264 919 351 986 serit.
382 919 410 984 si
434 918 563 1002 quidem
586 917 704 997 Quinto
727 917 855 983 Lutatio
871 916 986 983 Catulo
1009 919 1092 983 Aulo
1107 918 1228 984 Manlio
1250 917 1471 986 consuliture

263 1029 414 1095 diuersae
437 1027 561 1111 ignium
582 1048 803 1113 aquarumque
824 1028 935 1096 clades
962 1047 1067 1113 paene
1089 1028 1301 1113 absumpsere
1315 1027 1438 1093 urbem.

263 1159 339 1205 nam
361 1137 489 1204 Tiberis
512 1138 651 1204 insolitis
674 1145 787 1204 auctus
809 1138 965 1204 imbribus
993 1145 1025 1204 et
1058 1139 1143 1205 ultra
1162 1138 1349 1224 opinionem
1385 1139 1441 1204 ucl

262 1248 499 1332 longinquitate
518 1249 569 1310 ool
581 1247 793 1314 diuturnitate
814 1250 867 1314 uel
889 1248 1113 1332 inagnitudine
1128 1249 1315 1315 redundans
1331 1249 1442 1314 omnia

263 1361 385 1425 Romae
413 1357 561 1423 aedificia
590 1359 623 1423 in
653 1357 750 1443 plano'
782 1359 888 1444 posita
916 1359 1045 1425 delenit.
1089 1359 1240 1426 diuersae
1263 1359 1440 1444 qualitates

262 1471 404 1535 locorum
426 1467 589 1534 adunam
611 1487 791 1535 conuenere
820 1469 995 1553 perniciem
1034 1469 1186 1553 quoniam
1212 1476 1244 1535 et
1272 1488 1357 1553 quae
1389 1489 1441 1535 se·
1460 1477 1488 1526 1⁰

262 1580 357 1664 gnior
385 1578 577 1645 redundatio
606 1579 728 1657 tenuit,
766 1579 948 1644 madefacta
975 1579 1126 1646 dissoluit
1153 1587 1185 1645 et
1212 1599 1295 1664 quae
1324 1599 1440 1646 cursus

262 1691 413 1756 torrentis
434 1690 568 1772 inuenit,
590 1689 720 1774 inpulsa
742 1688 867 1756 deiecit.
897 1709 1054 1773 aquarum
1068 1689 1296 1774 grauissimam
1312 1688 1441 1755 cladem

262 1800 393 1882 grauior
415 1799 500 1883 ignis
523 1805 634 1866 secuta
656 1800 795 1865 uastatio
818 1807 876 1866 est.
922 1801 976 1884 qui
1003 1801 1088 1883 ignis
1109 1835 1152 1846 -
1173 1801 1329 1864 incertum
1352 1799 1441 1866 unde

263 1909 438 1976 surrexerit
451 1944 496 1954 —
509 1909 665 1993 plurimas
681 1910 821 1975 ciuitatis
836 1916 945 1994 partes
960 1917 1156 1994 peruagatus
1178 1929 1249 1974 cum
1272 1909 1439 1974 bominum

263 2018 493 2102 domorumque
507 2019 725 2085 miserabilem
741 2025 881 2103 stragem
897 2020 979 2102 lecit,
1003 2027 1070 2086 tuin
1086 2021 1183 2086 etiarn
1198 2027 1324 2085 tantuin
1340 2039 1438 2104 opum
1459 2029 1489 2080 15

263 2149 327 2194 uno
363 2129 563 2213 consumpsit
599 2128 763 2211 inccndio,
802 2137 956 2213 quantum
993 2131 1151 2215 plurimae
1182 2137 1214 2195 ct
1245 2129 1439 2215 peregrinae

261 2239 416 2304 uictoriae
438 2239 583 2304 conferre
607 2258 670 2304 non
693 2248 837 2323 possunt.
875 2239 993 2305 debinc
1014 2259 1085 2305 cuin
1109 2239 1218 2304 omnia
1240 2240 1275 2304 in
1297 2239 1434 2304 circuitu

261 2349 321 2414 lori
349 2348 614 2434 depopularetur,
644 2348 758 2414 acdein
782 2351 901 2416 Vestae
930 2350 1092 2436 corripuit.
1137 2349 1223 2414 unde
1253 2334 1350 2414 ctiam
1372 2347 1439 2414 ble-

260 2460 357 2527 tellus
372 2479 443 2524 cuin
459 2479 589 2526 arsuros
605 2459 684 2526 deos
699 2459 803 2543 eripit,
827 2461 882 2525 uix
899 2460 1030 2525 brachio
1046 2459 1287 2526 semiustulatus
1303 2458 1438 2541 aufugit.
1569 2541 1570 2546 ἵ

347 2571 420 2636 'rito
443 2570 632 2655 Sempronio
655 2567 801 2635 Graccho
824 2569 907 2635 Gaio
921 2571 1052 2636 Valerio
1071 2571 1212 2636 Falcone
1233 2567 1438 2651 consulibus>
1456 2575 1489 2626 2⁰
1569 2557 1570 2634 l

261 2681 381 2746 bellurn
403 2681 540 2747 Faliscis
563 2680 747 2763 intulerunt,
777 2699 861 2762 quac
887 2680 1001 2746 ciuitas
1023 2681 1139 2746 ltaliae
1162 2680 1314 2765 opulenta
1336 2699 1438 2761 quou-

261 2789 335 2854 dam
359 2790 427 2866 luit,
450 2789 534 2872 quod
556 2789 651 2854 ambo
674 2791 823 2856 consules
851 2791 935 2855 intra
963 2810 1021 2856 sex
1051 2790 1122 2856 dics
1153 2810 1250 2875 quam
1278 2795 1437 2855 uenerant

257 2907 500 2983 transegerunt3
531 2899 712 2982 quindecim
736 2900 865 2966 milibus
887 2899 1027 2967 hostium
1057 2901 1180 2983 eaesis,
1209 2899 1323 2965 octenis
1356 2917 1439 2983 pace

258 3030 423 3091 concessa,
447 3030 526 3093 agio
548 3017 655 3074 tamen
680 3029 721 3075 cii
743 3009 916 3075 medietate
938 3009 1074 3076 sublato.

343 3119 483 3202 <Eodem
505 3139 590 3184 anno
620 3120 717 3186 etiarn
746 3119 832 3185 Galli
855 3119 1015 3205 Cisalpini
1038 3119 1115 3186 noui
1138 3119 1292 3186 exstitere
1313 3117 1436 3199 hostes,
1454 3125 1487 3174 '25

258 3229 417 3296 aduersus
445 3249 526 3313 quos
558 3230 651 3295 uaria
673 3238 758 3296 sorte
787 3230 941 3295 bellatum
964 3238 1022 3296 cst.
1066 3250 1141 3295 uam
1170 3231 1203 3295 in
1232 3230 1336 3315 primo
1364 3247 1439 3294 con·

258 3339 347 3404 flictu
384 3339 514 3405 Valerio
542 3340 674 3406 consule
716 3341 779 3405 tria
813 3341 903 3406 niilia
931 3339 1076 3406 cecidere
1104 3341 1260 3421 Romani,
1294 3337 1438 3406 secundo

260 3449 515 3531 quattuordecim
543 3449 633 3515 milia
662 3448 826 3515 Gallorum
857 3471 969 3533 caesa,
1003 3448 1066 3514 duo
1095 3450 1185 3515 milia
1220 3457 1315 3534 capta
1354 3455 1440 3514 sunt.

258 3559 318 3627 sed
339 3560 381 3625 ob
402 3561 543 3644 priorem
565 3559 689 3626 cladem
711 3560 892 3644 triumphus
915 3560 1038 3627 consuli
1061 3559 1240 3644 denegatus
1263 3557 1339 3642 est.)

329 3724 411 3773 t-ao
437 3719 470 3790 <>
497 3718 538 3773 ll:
577 3719 691 3786 Quintil·
714 3719 830 3773 lutatius.
858 3719 936 3774 aluul'
965 3719 1051 3783 (albus
1083 3717 1116 3784 Γ)
1144 3718 1255 3772 mallius.
1284 3717 1412 3773 coniulcl.
1435 3721 1439 3788 Ι

258 3819 342 3867 creati
374 3815 434 3867 tunt
468 3811 529 3868 BV
573 3815 779 3881 quingentesimo
805 3811 831 3867 Il
938 3817 953 3866 5
989 3811 1078 3866 mallio
1105 3811 1132 3866 Ι)
1235 3816 1250 3866 6
1276 3827 1362 3880 poene
1398 3813 1440 3866 al·

260 3908 390 3975 sumpsere
415 3906 440 3960 D
526 3911 541 3960 8
565 3905 758 3974 longinquitate
783 3906 827 3959 uel
850 3905 966 3975 compsi:
999 3904 1220 3974 longinquitatem
1244 3904 1270 3958 D
1294 3914 1354 3969 lora.
1381 3903 1440 3971 Pl)

261 4005 292 4052 lb
311 3999 440 4054 leniorll
550 4004 579 4052 15
605 4001 722 4066 larageui
746 3999 772 4052 D
823 4014 904 4067 opum
922 3996 962 4051 P:
981 3999 1050 4066 opiil
1154 4003 1184 4052 te
1208 3999 1370 4066 conbimplit
1400 3997 1441 4052 P:

259 4092 448 4162 consumpti)
534 4096 565 4146 18
583 4091 649 4146 lorii
664 4091 697 4154 D,
724 4090 820 4144 deinde
844 4089 1071 4160 depopiilareatur
1095 4090 1127 4145 D*
1215 4095 1245 4144 ti
1270 4090 1393 4145 metellus
1415 4091 1443 4145 Ι)

261 4189 292 4238 19
317 4184 532 4239 seminultulatul
554 4191 583 4237 ut
602 4183 656 4239 uid.
675 4183 709 4238 12⁴
812 4188 845 4237 20
872 4185 983 4252 simpuio
1014 4183 1040 4238 1)
1126 4187 1156 4237 21
1184 4183 1273 4238 facihl
1294 4183 1321 4238 Il
1407 4188 1441 4240 23

257 4277 444 4345 transegerunt
469 4276 509 4331 P:
540 4279 722 4346 transigerunt
745 4276 831 4330 BDV
897 4276 996 4329 milium
1022 4277 1167 4344 bolub31)
1232 4277 1328 4331 ceteris
1344 4293 1396 4332 om.
1416 4277 1444 4332 D

257 4368 396 4439 pacemll
481 4374 513 4424 25
532 4371 644 4424 existere
661 4370 688 4424 Ι)
756 4373 789 4423 29
808 4368 852 4422 led
868 4370 1064 4438 opprioremll
1137 4369 1317 4441 messapiam
1336 4385 1442 4425 troiam

258 4479 342 4517 ninia
353 4496 357 4506 ·
368 4479 402 4516 111
414 4487 418 4498 ·
429 4463 457 4516 in
475 4463 511 4528 B,
562 4467 645 4531 nxpli
663 4463 707 4515 irb
719 4477 768 4516 ·ii·
780 4477 878 4531 incipit
895 4461 962 4516 liber
979 4479 1013 4517 111
1028 4463 1068 4516 ·i'o
1082 4462 1116 4528 i),
1133 4478 1264 4518 nxrnicin
1284 4478 1436 4522 iiiuroaiae
