2834 5394
179 255 242 318 430
672 267 766 314 nrnnr
788 268 835 315 xx

179 419 311 504 negotia
344 438 410 483 una
443 437 513 483 eum
536 417 664 484 Bonoso
696 419 833 504 patricio
860 420 930 485 uiro
959 423 1068 505 sagaci
1098 430 1129 488 et
1158 443 1218 508 per
1240 434 1362 493 cuncta

178 530 330 617 prudenti
353 537 449 613 atque
471 529 583 612 perito.
628 530 757 615 scripsit
778 539 885 596 autern
907 537 939 596 et
954 530 997 596 ad
1013 530 1192 599 Chaianum
1209 535 1360 602 Auarnm

178 661 292 728 preces
315 660 423 705 curam
446 638 564 723 agendi
589 659 686 724 super
706 642 923 706 Romanorum
944 643 1083 726 negotiis
1106 651 1271 729 tamquam
1298 648 1358 731 qui

182 771 291 820 secum
308 750 481 816 amicitiam
499 749 594 815 fuerit
615 756 740 834 pactus,
763 757 900 818 tutorem
923 752 980 817 filii
994 753 1043 819 sui
1066 753 1151 819 bunc
1166 757 1355 841 appellans.

179 870 285 928 motus
308 870 416 927 autern
438 880 459 924 a
480 860 573 943 regia
594 860 673 927 urbe
695 861 796 927 exiuit
816 882 876 948 per
897 863 1001 928 locum
1024 864 1079 947 qui
1101 863 1217 930 dicitur
1232 866 1357 934 Portae
1377 880 1393 928 5

177 972 310 1055 nauigio
332 973 394 1036 iter
416 989 528 1054 agens,
566 970 654 1036 illinc
683 992 759 1037 uero
788 991 845 1057 per
871 980 994 1040 ceteras
1017 974 1168 1057 regiones
1191 975 1256 1042 sibi
1278 978 1360 1044 sub·

178 1083 279 1149 iactas
302 1083 463 1168 protectus
486 1082 584 1165 elegit
606 1082 765 1151 exercitus
787 1091 818 1149 et
839 1082 965 1149 addidit
979 1084 1044 1151 illis
1060 1105 1177 1150 nouam
1192 1085 1360 1153 militiam.

179 1193 238 1259 hos
261 1200 366 1258 autern
391 1212 541 1259 exercere
564 1213 657 1259 orsus
685 1194 719 1259 in
742 1193 911 1261 hostilibus
935 1194 1086 1279 operibus
1109 1195 1259 1262 erudiuit.
1306 1197 1359 1261 di·

178 1304 249 1369 uiso
272 1304 358 1369 euim
381 1303 550 1389 dupliciter
571 1304 713 1369 exercitu
735 1305 821 1370 acies
842 1311 875 1368 et
888 1305 1134 1388 congressiones
1148 1306 1182 1371 in
1197 1306 1232 1371 in
1247 1307 1359 1372 uicem

178 1413 249 1479 sine
272 1415 430 1497 sanguine
451 1415 521 1479 fieri
542 1415 649 1496 iussit,
673 1415 908 1499 clamoremque
932 1415 1082 1480 bellicum
1105 1422 1136 1480 et
1157 1417 1306 1482 cannina
1323 1426 1358 1484 et
1377 1429 1408 1479 to

175 1526 308 1591 iubilum
332 1532 363 1589 et
384 1525 538 1609 impetum
560 1525 594 1589 in
616 1525 803 1590 alterutrum
825 1525 1015 1608 insurgendi
1037 1526 1158 1592 habere
1180 1526 1241 1593 bos
1259 1527 1357 1594 doce-

177 1634 233 1701 bat
261 1644 296 1701 ut
324 1637 357 1700 in
386 1635 472 1701 bello
499 1638 619 1720 reperti
648 1637 695 1701 nil
723 1637 915 1701 mirarentur
944 1636 1003 1702 scd
1026 1635 1162 1704 fidenter
1183 1644 1357 1721 tamquam

177 1744 219 1811 ad
241 1746 346 1811 iocum
368 1746 646 1830 proficiscerentur
668 1747 700 1812 in
723 1746 858 1813 bostem.

64 1850 156 1933 VlIll
264 1857 436 1941 decipiens
459 1877 536 1921 uero
557 1857 732 1941 imperator
753 1857 786 1922 in
815 1857 965 1923 manibus
988 1856 1041 1922 dei
1062 1856 1187 1923 uirilem
1211 1857 1356 1942 figuram

176 1986 272 2050 quant
295 1987 410 2033 manus
433 1987 497 2031 non
520 1966 736 2051 depinxerunt
758 1967 863 2034 sedin
878 1967 972 2032 icona
987 1967 1121 2033 uerbum
1137 1968 1222 2053 quod
1238 1970 1355 2035 omnia
1374 1988 1406 2037 ta

175 2077 293 2142 format
315 2084 411 2160 atque
433 2076 595 2161 componit
616 2076 686 2144 sine
708 2079 834 2163 pictura
861 2077 995 2142 formam
1024 2079 1111 2143 uelut
1132 2079 1202 2145 sine
1224 2081 1354 2147 semine

175 2194 302 2273 partum
325 2187 436 2254 eduxit
456 2195 488 2253 et
508 2189 542 2253 in
565 2188 626 2253 hac
647 2189 727 2255 fisus
750 2209 771 2253 a
793 2188 854 2254 deo
876 2187 1004 2273 depicta
1026 2188 1129 2271 figura
1151 2190 1257 2274 coepit
1270 2211 1354 2274 ago·

174 2317 244 2382 nes,
273 2300 454 2365 iuramenta
476 2299 558 2367 dans
580 2301 698 2384 populo
721 2298 806 2384 quod
828 2319 899 2363 cum
921 2299 1002 2383 ipsis
1025 2319 1126 2382 usque
1148 2300 1189 2365 ad
1212 2308 1353 2368 mortem

176 2411 257 2475 foret
279 2417 457 2478 certaturus
479 2418 511 2475 et
532 2411 580 2478 eis
602 2418 766 2495 tamquam
787 2409 863 2476 filiis
885 2408 1031 2495 propriis
1048 2408 1261 2476 adhaesurus.
1292 2432 1352 2477 uo-

174 2521 263 2588 lebat
284 2523 369 2588 enim
392 2527 583 2607 potestatem
606 2542 670 2586 non
692 2527 816 2586 tantum
837 2522 950 2586 timore
972 2528 1126 2605 quantum
1149 2540 1260 2586 amore
1275 2542 1352 2605 pos·
1369 2535 1405 2585 to

175 2632 291 2699 sidere.
337 2652 472 2716 euntque
500 2633 624 2698 inuenit
652 2632 828 2697 exercitum
855 2632 889 2696 in
918 2630 1045 2697 desidia
1067 2631 1167 2696 multa
1188 2638 1220 2696 et
1242 2630 1351 2697 formi-

173 2743 249 2809 dine
271 2742 492 2826 inquietudine
515 2762 552 2807 ac
575 2741 731 2833 dedecore
753 2742 959 2809 constitutum
983 2749 1015 2807 et
1036 2761 1094 2826 per
1108 2742 1226 2807 multas
1241 2747 1351 2807 terrae

173 2860 283 2937 partes
306 2852 561 2933 disseminatum,
585 2860 725 2917 actutum
746 2853 778 2917 in
794 2873 891 2917 unum
908 2852 1045 2935 collegit.
1076 2860 1108 2916 et
1122 2872 1234 2918 ornnes
1250 2854 1348 2935 quasi

173 2983 214 3028 ex
236 2984 301 3029 una
323 2964 535 3030 consonantia
556 2961 730 3028 laudauere
760 2962 928 3046 imperium
958 2972 990 3028 et
1019 2961 1236 3028 fortitudinem
1259 2963 1348 3047 prin·

172 3074 263 3156 cipis.
308 3075 379 3157 ipse
407 3081 513 3138 autem
543 3073 651 3138 uerbis
681 3072 740 3138 hos
768 3073 979 3139 corroborans
1014 3073 1205 3157 perhibebat
1228 3071 1347 3139 ‘uidete
1365 3079 1402 3132 ts

172 3183 288 3247 fratres
305 3190 337 3247 et
351 3182 419 3262 filii,
443 3188 520 3266 quot
534 3183 654 3247 inimici
670 3183 723 3249 dei
738 3184 997 3249 conculcauerint
1018 3184 1182 3267 regionem
1198 3190 1344 3250 nostram

173 3301 205 3358 et
227 3291 324 3358 urbes
347 3294 632 3358 exterminauerint
659 3302 692 3359 et
720 3295 837 3360 altaria
865 3294 1141 3360 concremauerint
1162 3300 1194 3358 et
1215 3313 1347 3360 mensas

173 3406 410 3469 incruentorum
432 3402 661 3469 sacrificiorum
691 3406 903 3490 sanguinibus
932 3404 1176 3469 homicidiorum
1202 3405 1347 3489 repleue-

171 3515 236 3580 rint
264 3522 296 3580 ct
325 3515 477 3580 ecclesias
511 3535 595 3600 quae
622 3515 746 3599 flagitia
782 3536 844 3580 non
881 3516 1052 3580 admittunt
1079 3514 1345 3598 flagitiosissimis

170 3626 367 3710 repleuerint
388 3626 616 3710 uoluptatibus.
1360 3632 1398 3684 30

116 3728 148 3792 X
255 3737 368 3820 Itaque
391 3756 510 3803 cuneos
526 3758 635 3804 rursus
651 3736 693 3802 ad
709 3737 857 3802 bellicum
874 3737 1060 3803 exercitium
1075 3743 1188 3817 armat,
1212 3736 1346 3818 agmina

170 3845 235 3911 duo
257 3854 383 3912 armata
405 3848 569 3928 ordinans,
603 3848 698 3914 tubas
726 3866 853 3932 quoque
880 3867 918 3913 ao
946 3847 1131 3932 clypeorum
1161 3846 1345 3932 phalanges

237 4138 251 4186 5
270 4150 343 4202 regia
361 4156 393 4185 a*
413 4137 502 4200 (etium
525 4151 552 4189 ra
574 4137 601 4189 in
620 4139 685 4199 rat.)
699 4132 736 4224 sD
838 4138 854 4188 6
872 4147 920 4202 per
936 4149 986 4186 out.
1006 4131 1033 4186 D
1135 4104 1343 4201 9dupphc1t1)

172 4230 202 4279 ta
221 4226 437 4295 plhcrlcebantur
455 4229 482 4284 D
578 4233 608 4282 15
627 4228 712 4281 uerbo
724 4234 840 4299 praeter
857 4243 875 4280 u
893 4227 921 4280 ia
938 4240 992 4278 ros.
1012 4225 1041 4278 in
1059 4223 1085 4278 Ι)
1179 4229 1208 4278 17
1229 4232 1300 4294 ceput
1317 4224 1344 4279 Ι)

171 4320 204 4370 20
222 4324 326 4373 tantum
344 4337 394 4375 om.
413 4320 439 4375 Ι)
525 4326 558 4375 rt
578 4325 834 4376 concremauerunt
850 4323 879 4375 et
895 4316 1088 4372 montemalo
1168 4322 1199 4372 ³2
1219 4307 1344 4388 chpecrb

168 4406 328 4477 ialaggesD
