<?xml version="1.0" encoding="UTF-8"?>
<!DOCTYPE html PUBLIC "-//W3C//DTD XHTML 1.0 Transitional//EN"
    "http://www.w3.org/TR/xhtml1/DTD/xhtml1-transitional.dtd">
<html xmlns="http://www.w3.org/1999/xhtml" xml:lang="en" lang="en">
 <head>
  <title>
</title>
<meta http-equiv="Content-Type" content="text/html;charset=utf-8" />
  <meta name='ocr-system' content='tesseract 3.04.00' />
  <meta name='ocr-capabilities' content='ocr_page ocr_carea ocr_par ocr_line ocrx_word'/>
</head>
<body>
  <div class='ocr_page' id='page_1' title='image "./historiamiscell00sagagoog_0124.png"; bbox 0 0 2834 5394; ppageno 0'>
   <div class='ocr_carea' id='block_1_1' title="bbox 207 121 864 181">
    <p class='ocr_par' dir='ltr' id='par_1_1' title="bbox 207 121 864 181">
     <span class='ocr_line' id='line_1_1' title="bbox 207 121 864 181; baseline -0.006 -1"><span class='ocrx_word' id='word_1_1' title='bbox 207 121 267 181; x_wconf 85' lang='lat'>110</span> <span class='ocrx_word' id='word_1_2' title='bbox 727 132 820 178; x_wconf 81' lang='lat' dir='ltr'>mum</span> <span class='ocrx_word' id='word_1_3' title='bbox 841 132 864 176; x_wconf 91' lang='lat' dir='ltr'>v</span> 
     </span>
    </p>
   </div>
   <div class='ocr_carea' id='block_1_2' title="bbox 146 279 1415 3660">
    <p class='ocr_par' dir='ltr' id='par_1_2' title="bbox 197 279 1415 2544">
     <span class='ocr_line' id='line_1_2' title="bbox 204 279 1377 367; baseline -0.005 -17"><span class='ocrx_word' id='word_1_4' title='bbox 204 285 343 351; x_wconf 88' lang='lat' dir='ltr'>sulatum</span> <span class='ocrx_word' id='word_1_5' title='bbox 366 302 429 366; x_wconf 93' lang='lat' dir='ltr'>quo</span> <span class='ocrx_word' id='word_1_6' title='bbox 452 290 554 349; x_wconf 87' lang='lat' dir='ltr'>status</span> <span class='ocrx_word' id='word_1_7' title='bbox 577 283 704 367; x_wconf 90' lang='lat' dir='ltr'>imperii</span> <span class='ocrx_word' id='word_1_8' title='bbox 726 282 864 348; x_wconf 84' lang='lat' dir='ltr'>Romani</span> <span class='ocrx_word' id='word_1_9' title='bbox 886 282 955 346; x_wconf 89' lang='lat' dir='ltr'>iure</span> <span class='ocrx_word' id='word_1_10' title='bbox 976 287 1186 348; x_wconf 84' lang='lat' dir='ltr'>conseruatus</span> <span class='ocrx_word' id='word_1_11' title='bbox 1207 279 1377 364; x_wconf 80' lang='lat' dir='ltr'>iudicatur,</span> 
     </span>
     <span class='ocr_line' id='line_1_3' title="bbox 204 391 1378 476; baseline -0.003 -16"><span class='ocrx_word' id='word_1_12' title='bbox 204 402 294 460; x_wconf 81' lang='lat' dir='ltr'>sexto</span> <span class='ocrx_word' id='word_1_13' title='bbox 309 393 477 458; x_wconf 78' lang='lat' dir='ltr'>consulatu</span> <span class='ocrx_word' id='word_1_14' title='bbox 493 392 638 459; x_wconf 92' lang='lat' dir='ltr'>eiusdem</span> <span class='ocrx_word' id='word_1_15' title='bbox 653 392 729 457; x_wconf 83' lang='lat' dir='ltr'>Gaii</span> <span class='ocrx_word' id='word_1_16' title='bbox 744 392 838 458; x_wconf 87' lang='lat' dir='ltr'>Marii</span> <span class='ocrx_word' id='word_1_17' title='bbox 863 393 909 457; x_wconf 92' lang='lat' dir='ltr'>ita</span> <span class='ocrx_word' id='word_1_18' title='bbox 924 391 1137 457; x_wconf 81' lang='lat' dir='ltr'>labefactatus</span> <span class='ocrx_word' id='word_1_19' title='bbox 1153 397 1203 457; x_wconf 91' lang='lat' dir='ltr'>est</span> <span class='ocrx_word' id='word_1_20' title='bbox 1223 398 1259 456; x_wconf 91' lang='lat' dir='ltr'>ut</span> <span class='ocrx_word' id='word_1_21' title='bbox 1275 410 1378 476; x_wconf 89' lang='lat' dir='ltr'>paene</span> 
     </span>
     <span class='ocr_line' id='line_1_4' title="bbox 203 500 1377 588; baseline -0.001 -20"><span class='ocrx_word' id='word_1_22' title='bbox 203 523 305 588; x_wconf 87' lang='lat' dir='ltr'>usque</span> <span class='ocrx_word' id='word_1_23' title='bbox 327 502 370 567; x_wconf 88' lang='lat' dir='ltr'>ad</span> <span class='ocrx_word' id='word_1_24' title='bbox 390 510 567 568; x_wconf 87' lang='lat' dir='ltr'>extremum</span> <span class='ocrx_word' id='word_1_25' title='bbox 581 503 737 569; x_wconf 88' lang='lat' dir='ltr'>intestina</span> <span class='ocrx_word' id='word_1_26' title='bbox 751 502 844 568; x_wconf 87' lang='lat' dir='ltr'>clade</span> <span class='ocrx_word' id='word_1_27' title='bbox 859 500 1044 567; x_wconf 88' lang='lat' dir='ltr'>conciderit.</span> <span class='ocrx_word' id='word_1_28' title='bbox 1074 503 1226 567; x_wconf 89' lang='lat' dir='ltr'>euoluere</span> <span class='ocrx_word' id='word_1_29' title='bbox 1248 520 1287 566; x_wconf 89' lang='lat' dir='ltr'>ae</span> <span class='ocrx_word' id='word_1_30' title='bbox 1308 521 1377 586; x_wconf 90' lang='lat' dir='ltr'>per·</span> 
     </span>
     <span class='ocr_line' id='line_1_5' title="bbox 202 610 1376 696; baseline -0.004 -17"><span class='ocrx_word' id='word_1_31' title='bbox 202 633 329 679; x_wconf 88' lang='lat' dir='ltr'>currere</span> <span class='ocrx_word' id='word_1_32' title='bbox 352 613 430 678; x_wconf 89' lang='lat' dir='ltr'>mibi</span> <span class='ocrx_word' id='word_1_33' title='bbox 453 612 686 679; x_wconf 79' lang='lat' dir='ltr'><strong>discordiarum</strong></span> <span class='ocrx_word' id='word_1_34' title='bbox 702 613 857 696; x_wconf 79' lang='lat' dir='ltr'><strong>ambages</strong></span> <span class='ocrx_word' id='word_1_35' title='bbox 880 619 912 677; x_wconf 90' lang='lat' dir='ltr'>et</span> <span class='ocrx_word' id='word_1_36' title='bbox 925 611 1166 678; x_wconf 79' lang='lat' dir='ltr'>inextricabiles</span> <span class='ocrx_word' id='word_1_37' title='bbox 1182 610 1376 678; x_wconf 83' lang='lat' dir='ltr'>seditionum</span> 
     </span>
     <span class='ocr_line' id='line_1_6' title="bbox 202 719 1415 806; baseline -0.005 -16"><span class='ocrx_word' id='word_1_38' title='bbox 202 745 318 790; x_wconf 85' lang='lat' dir='ltr'>causas</span> <span class='ocrx_word' id='word_1_39' title='bbox 345 723 580 788; x_wconf 92' lang='lat' dir='ltr'>incommodum</span> <span class='ocrx_word' id='word_1_40' title='bbox 609 723 704 788; x_wconf 91' lang='lat' dir='ltr'>simul</span> <span class='ocrx_word' id='word_1_41' title='bbox 733 742 771 787; x_wconf 87' lang='lat' dir='ltr'>ac</span> <span class='ocrx_word' id='word_1_42' title='bbox 799 724 930 806; x_wconf 91' lang='lat' dir='ltr'>longum</span> <span class='ocrx_word' id='word_1_43' title='bbox 953 722 1089 787; x_wconf 91' lang='lat' dir='ltr'>uidetur.</span> <span class='ocrx_word' id='word_1_44' title='bbox 1133 738 1213 788; x_wconf 88' lang='lat' dir='ltr'>sane</span> <span class='ocrx_word' id='word_1_45' title='bbox 1236 719 1376 786; x_wconf 86' lang='lat' dir='ltr'>breuiter</span> <span class='ocrx_word' id='word_1_46' title='bbox 1390 744 1415 794; x_wconf 84' lang='lat'>5</span> 
     </span>
     <span class='ocr_line' id='line_1_7' title="bbox 203 828 1376 917; baseline -0.005 -16"><span class='ocrx_word' id='word_1_47' title='bbox 203 834 373 901; x_wconf 82' lang='lat' dir='ltr'>strinxisse</span> <span class='ocrx_word' id='word_1_48' title='bbox 395 852 446 896; x_wconf 93' lang='lat' dir='ltr'>me</span> <span class='ocrx_word' id='word_1_49' title='bbox 470 832 608 898; x_wconf 85' lang='lat' dir='ltr'>sufficiat</span> <span class='ocrx_word' id='word_1_50' title='bbox 630 835 707 916; x_wconf 90' lang='lat' dir='ltr'>quia</span> <span class='ocrx_word' id='word_1_51' title='bbox 727 834 851 916; x_wconf 90' lang='lat' dir='ltr'>primus</span> <span class='ocrx_word' id='word_1_52' title='bbox 874 834 992 898; x_wconf 91' lang='lat' dir='ltr'>Lucius</span> <span class='ocrx_word' id='word_1_53' title='bbox 1008 832 1165 917; x_wconf 88' lang='lat' dir='ltr'>Apuleius</span> <span class='ocrx_word' id='word_1_54' title='bbox 1182 828 1376 895; x_wconf 78' lang='lat' dir='ltr'>Saturninus</span> 
     </span>
     <span class='ocr_line' id='line_1_8' title="bbox 202 937 1377 1021; baseline -0.005 -12"><span class='ocrx_word' id='word_1_55' title='bbox 202 944 331 1009; x_wconf 84' lang='lat' dir='ltr'>excitati</span> <span class='ocrx_word' id='word_1_56' title='bbox 354 942 507 1008; x_wconf 89' lang='lat' dir='ltr'>tumultus</span> <span class='ocrx_word' id='word_1_57' title='bbox 529 951 639 1008; x_wconf 77' lang='lat' dir='ltr'>aureter</span> <span class='ocrx_word' id='word_1_58' title='bbox 661 943 802 1008; x_wconf 86' lang='lat' dir='ltr'>extiterit</span> <span class='ocrx_word' id='word_1_59' title='bbox 823 943 942 1021; x_wconf 79' lang='lat' dir='ltr'>Quinto</span> <span class='ocrx_word' id='word_1_60' title='bbox 959 942 1086 1007; x_wconf 80' lang='lat' dir='ltr'>Metello</span> <span class='ocrx_word' id='word_1_61' title='bbox 1101 937 1285 1020; x_wconf 86' lang='lat' dir='ltr'>Numidico,</span> <span class='ocrx_word' id='word_1_62' title='bbox 1308 939 1377 1004; x_wconf 88' lang='lat' dir='ltr'>uiro</span> 
     </span>
     <span class='ocr_line' id='line_1_9' title="bbox 202 1053 1376 1138; baseline -0.006 -19"><span class='ocrx_word' id='word_1_63' title='bbox 202 1072 282 1119; x_wconf 87' lang='lat' dir='ltr'>sane</span> <span class='ocrx_word' id='word_1_64' title='bbox 303 1053 457 1138; x_wconf 89' lang='lat' dir='ltr'>primario</span> <span class='ocrx_word' id='word_1_65' title='bbox 479 1053 654 1118; x_wconf 89' lang='lat' dir='ltr'>acerrimus</span> <span class='ocrx_word' id='word_1_66' title='bbox 677 1053 841 1133; x_wconf 86' lang='lat' dir='ltr'>inimicus,</span> <span class='ocrx_word' id='word_1_67' title='bbox 872 1053 927 1136; x_wconf 91' lang='lat' dir='ltr'>qui</span> <span class='ocrx_word' id='word_1_68' title='bbox 950 1071 1024 1117; x_wconf 93' lang='lat' dir='ltr'>eum</span> <span class='ocrx_word' id='word_1_69' title='bbox 1045 1068 1211 1117; x_wconf 87' lang='lat' dir='ltr'>censorem</span> <span class='ocrx_word' id='word_1_70' title='bbox 1234 1055 1376 1113; x_wconf 87' lang='lat' dir='ltr'>creatum</span> 
     </span>
     <span class='ocr_line' id='line_1_10' title="bbox 201 1158 1375 1248; baseline -0.004 -21"><span class='ocrx_word' id='word_1_71' title='bbox 201 1170 397 1248; x_wconf 87' lang='lat' dir='ltr'>protractum</span> <span class='ocrx_word' id='word_1_72' title='bbox 413 1162 507 1227; x_wconf 93' lang='lat' dir='ltr'>demo</span> <span class='ocrx_word' id='word_1_73' title='bbox 523 1169 620 1245; x_wconf 87' lang='lat' dir='ltr'>atque</span> <span class='ocrx_word' id='word_1_74' title='bbox 636 1163 670 1227; x_wconf 92' lang='lat' dir='ltr'>in</span> <span class='ocrx_word' id='word_1_75' title='bbox 685 1162 880 1247; x_wconf 82' lang='lat' dir='ltr'>Capitolium</span> <span class='ocrx_word' id='word_1_76' title='bbox 902 1161 1138 1244; x_wconf 82' lang='lat' dir='ltr'>confugientem</span> <span class='ocrx_word' id='word_1_77' title='bbox 1152 1166 1282 1224; x_wconf 85' lang='lat' dir='ltr'>armata</span> <span class='ocrx_word' id='word_1_78' title='bbox 1296 1158 1375 1222; x_wconf 92' lang='lat' dir='ltr'>mul·</span> 
     </span>
     <span class='ocr_line' id='line_1_11' title="bbox 199 1267 1415 1356; baseline 0 -18"><span class='ocrx_word' id='word_1_79' title='bbox 199 1273 338 1338; x_wconf 86' lang='lat' dir='ltr'>titudine</span> <span class='ocrx_word' id='word_1_80' title='bbox 366 1272 502 1338; x_wconf 86' lang='lat' dir='ltr'>obsedit.</span> <span class='ocrx_word' id='word_1_81' title='bbox 547 1271 633 1337; x_wconf 93' lang='lat' dir='ltr'>unde</span> <span class='ocrx_word' id='word_1_82' title='bbox 660 1273 802 1356; x_wconf 91' lang='lat' dir='ltr'>equitum</span> <span class='ocrx_word' id='word_1_83' title='bbox 826 1275 1042 1337; x_wconf 87' lang='lat' dir='ltr'>Romanorum</span> <span class='ocrx_word' id='word_1_84' title='bbox 1064 1268 1291 1353; x_wconf 82' lang='lat' dir='ltr'>indignatione</span> <span class='ocrx_word' id='word_1_85' title='bbox 1322 1267 1415 1338; x_wconf 75' lang='lat' dir='ltr'>deu</span> 
     </span>
     <span class='ocr_line' id='line_1_12' title="bbox 200 1378 1377 1468; baseline -0.006 -19"><span class='ocrx_word' id='word_1_86' title='bbox 200 1384 302 1449; x_wconf 86' lang='lat' dir='ltr'>iectus</span> <span class='ocrx_word' id='word_1_87' title='bbox 325 1392 375 1450; x_wconf 88' lang='lat' dir='ltr'>est</span> <span class='ocrx_word' id='word_1_88' title='bbox 402 1384 543 1468; x_wconf 91' lang='lat' dir='ltr'>plurima</span> <span class='ocrx_word' id='word_1_89' title='bbox 570 1390 646 1447; x_wconf 88' lang='lat' dir='ltr'>ante</span> <span class='ocrx_word' id='word_1_90' title='bbox 669 1381 864 1467; x_wconf 77' lang='lat' dir='ltr'>Capitolium</span> <span class='ocrx_word' id='word_1_91' title='bbox 886 1381 986 1448; x_wconf 85' lang='lat' dir='ltr'>caede</span> <span class='ocrx_word' id='word_1_92' title='bbox 1007 1383 1101 1447; x_wconf 82' lang='lat' dir='ltr'>iacta.</span> <span class='ocrx_word' id='word_1_93' title='bbox 1145 1379 1265 1443; x_wconf 84' lang='lat' dir='ltr'>Aulum</span> <span class='ocrx_word' id='word_1_94' title='bbox 1288 1378 1377 1443; x_wconf 82' lang='lat' dir='ltr'>Nun·</span> 
     </span>
     <span class='ocr_line' id='line_1_13' title="bbox 199 1488 1377 1577; baseline -0.004 -19"><span class='ocrx_word' id='word_1_95' title='bbox 199 1494 289 1558; x_wconf 90' lang='lat' dir='ltr'>nium</span> <span class='ocrx_word' id='word_1_96' title='bbox 311 1492 429 1558; x_wconf 88' lang='lat' dir='ltr'>deinde</span> <span class='ocrx_word' id='word_1_97' title='bbox 451 1493 690 1577; x_wconf 84' lang='lat' dir='ltr'>competitorem</span> <span class='ocrx_word' id='word_1_98' title='bbox 713 1513 807 1558; x_wconf 92' lang='lat' dir='ltr'>suum</span> <span class='ocrx_word' id='word_1_99' title='bbox 833 1493 1026 1559; x_wconf 85' lang='lat' dir='ltr'>Saturninus</span> <span class='ocrx_word' id='word_1_100' title='bbox 1048 1499 1080 1557; x_wconf 90' lang='lat' dir='ltr'>et</span> <span class='ocrx_word' id='word_1_101' title='bbox 1102 1489 1242 1555; x_wconf 79' lang='lat' dir='ltr'>Glaucia</span> <span class='ocrx_word' id='word_1_102' title='bbox 1263 1488 1377 1554; x_wconf 88' lang='lat' dir='ltr'>fraude</span> 
     </span>
     <span class='ocr_line' id='line_1_14' title="bbox 200 1599 1376 1683; baseline -0.007 -14"><span class='ocrx_word' id='word_1_103' title='bbox 200 1603 263 1669; x_wconf 78' lang='lat' dir='ltr'>(iai</span> <span class='ocrx_word' id='word_1_104' title='bbox 285 1603 380 1667; x_wconf 87' lang='lat' dir='ltr'>llorii</span> <span class='ocrx_word' id='word_1_105' title='bbox 401 1604 543 1668; x_wconf 86' lang='lat' dir='ltr'>consulis</span> <span class='ocrx_word' id='word_1_106' title='bbox 566 1601 759 1668; x_wconf 89' lang='lat' dir='ltr'>occiderunt.</span> <span class='ocrx_word' id='word_1_107' title='bbox 791 1603 1009 1683; x_wconf 85' lang='lat' dir='ltr'>subsequente</span> <span class='ocrx_word' id='word_1_108' title='bbox 1031 1622 1116 1667; x_wconf 85' lang='lat' dir='ltr'>auno</span> <span class='ocrx_word' id='word_1_109' title='bbox 1138 1599 1264 1665; x_wconf 85' lang='lat' dir='ltr'>Marius</span> <span class='ocrx_word' id='word_1_110' title='bbox 1285 1608 1376 1663; x_wconf 83' lang='lat' dir='ltr'>sexto</span> 
     </span>
     <span class='ocr_line' id='line_1_15' title="bbox 200 1707 1376 1796; baseline -0.003 -20"><span class='ocrx_word' id='word_1_111' title='bbox 200 1712 312 1778; x_wconf 90' lang='lat' dir='ltr'>consul</span> <span class='ocrx_word' id='word_1_112' title='bbox 335 1719 367 1776; x_wconf 89' lang='lat' dir='ltr'>ct</span> <span class='ocrx_word' id='word_1_113' title='bbox 388 1712 526 1778; x_wconf 83' lang='lat' dir='ltr'>Glaucia</span> <span class='ocrx_word' id='word_1_114' title='bbox 547 1719 676 1796; x_wconf 89' lang='lat' dir='ltr'>praetor</span> <span class='ocrx_word' id='word_1_115' title='bbox 704 1717 735 1776; x_wconf 88' lang='lat' dir='ltr'>et</span> <span class='ocrx_word' id='word_1_116' title='bbox 763 1712 957 1778; x_wconf 89' lang='lat' dir='ltr'>Saturninus</span> <span class='ocrx_word' id='word_1_117' title='bbox 990 1712 1139 1776; x_wconf 90' lang='lat' dir='ltr'>tribunus</span> <span class='ocrx_word' id='word_1_118' title='bbox 1167 1707 1277 1791; x_wconf 90' lang='lat' dir='ltr'>plebis</span> <span class='ocrx_word' id='word_1_119' title='bbox 1304 1726 1376 1773; x_wconf 90' lang='lat' dir='ltr'>een·</span> 
     </span>
     <span class='ocr_line' id='line_1_16' title="bbox 199 1817 1415 1905; baseline -0.004 -18"><span class='ocrx_word' id='word_1_120' title='bbox 199 1823 406 1905; x_wconf 87' lang='lat' dir='ltr'>spirauerunt</span> <span class='ocrx_word' id='word_1_121' title='bbox 433 1822 597 1885; x_wconf 86' lang='lat' dir='ltr'>lletcllum</span> <span class='ocrx_word' id='word_1_122' title='bbox 626 1820 832 1886; x_wconf 74' lang='lat' dir='ltr'>Numidicum</span> <span class='ocrx_word' id='word_1_123' title='bbox 870 1822 902 1887; x_wconf 91' lang='lat' dir='ltr'>in</span> <span class='ocrx_word' id='word_1_124' title='bbox 936 1822 1067 1888; x_wconf 82' lang='lat' dir='ltr'>exilium</span> <span class='ocrx_word' id='word_1_125' title='bbox 1104 1837 1309 1904; x_wconf 89' lang='lat' dir='ltr'>quacumque</span> <span class='ocrx_word' id='word_1_126' title='bbox 1341 1817 1374 1882; x_wconf 92' lang='lat' dir='ltr'>ui</span> <span class='ocrx_word' id='word_1_127' title='bbox 1396 1832 1415 1883; x_wconf 81' lang='lat' dir='ltr'>lt</span> 
     </span>
     <span class='ocr_line' id='line_1_17' title="bbox 198 1928 1375 2015; baseline -0.003 -21"><span class='ocrx_word' id='word_1_128' title='bbox 198 1949 306 2013; x_wconf 84' lang='lat' dir='ltr'>agere.</span> <span class='ocrx_word' id='word_1_129' title='bbox 351 1928 404 1994; x_wconf 90' lang='lat' dir='ltr'>die</span> <span class='ocrx_word' id='word_1_130' title='bbox 432 1929 519 1993; x_wconf 81' lang='lat' dir='ltr'>(licta</span> <span class='ocrx_word' id='word_1_131' title='bbox 547 1932 725 2015; x_wconf 80' lang='lat' dir='ltr'>suppositis</span> <span class='ocrx_word' id='word_1_132' title='bbox 752 1930 898 1997; x_wconf 90' lang='lat' dir='ltr'>eiusdem</span> <span class='ocrx_word' id='word_1_133' title='bbox 932 1932 1080 1996; x_wconf 81' lang='lat' dir='ltr'>factionis</span> <span class='ocrx_word' id='word_1_134' title='bbox 1109 1928 1273 1994; x_wconf 85' lang='lat' dir='ltr'>iudicibus</span> <span class='ocrx_word' id='word_1_135' title='bbox 1318 1946 1375 2011; x_wconf 88' lang='lat' dir='ltr'>per</span> 
     </span>
     <span class='ocr_line' id='line_1_18' title="bbox 198 2037 1374 2112; baseline -0.004 -6"><span class='ocrx_word' id='word_1_136' title='bbox 198 2039 304 2112; x_wconf 86' lang='lat' dir='ltr'>scelus</span> <span class='ocrx_word' id='word_1_137' title='bbox 327 2040 482 2105; x_wconf 89' lang='lat' dir='ltr'>innocens</span> <span class='ocrx_word' id='word_1_138' title='bbox 496 2040 645 2105; x_wconf 87' lang='lat' dir='ltr'>Metellus</span> <span class='ocrx_word' id='word_1_139' title='bbox 668 2040 840 2107; x_wconf 80' lang='lat' dir='ltr'>(laumatus</span> <span class='ocrx_word' id='word_1_140' title='bbox 863 2041 897 2105; x_wconf 91' lang='lat' dir='ltr'>in</span> <span class='ocrx_word' id='word_1_141' title='bbox 920 2040 1051 2105; x_wconf 84' lang='lat' dir='ltr'>exilium</span> <span class='ocrx_word' id='word_1_142' title='bbox 1074 2059 1145 2104; x_wconf 94' lang='lat' dir='ltr'>eum</span> <span class='ocrx_word' id='word_1_143' title='bbox 1169 2038 1270 2103; x_wconf 93' lang='lat' dir='ltr'>totius</span> <span class='ocrx_word' id='word_1_144' title='bbox 1285 2037 1374 2102; x_wconf 89' lang='lat' dir='ltr'>urbis</span> 
     </span>
     <span class='ocr_line' id='line_1_19' title="bbox 198 2148 1374 2217; baseline -0.001 -4"><span class='ocrx_word' id='word_1_145' title='bbox 198 2148 309 2214; x_wconf 91' lang='lat' dir='ltr'>dolore</span> <span class='ocrx_word' id='word_1_146' title='bbox 332 2148 491 2215; x_wconf 88' lang='lat' dir='ltr'>discessit.</span> <span class='ocrx_word' id='word_1_147' title='bbox 536 2149 623 2215; x_wconf 92' lang='lat' dir='ltr'>idem</span> <span class='ocrx_word' id='word_1_148' title='bbox 647 2151 841 2217; x_wconf 85' lang='lat' dir='ltr'>Saturninus</span> <span class='ocrx_word' id='word_1_149' title='bbox 863 2151 1047 2215; x_wconf 79' lang='lat' dir='ltr'>Memmium</span> <span class='ocrx_word' id='word_1_150' title='bbox 1077 2149 1183 2213; x_wconf 91' lang='lat' dir='ltr'>uirum</span> <span class='ocrx_word' id='word_1_151' title='bbox 1211 2166 1321 2213; x_wconf 86' lang='lat' dir='ltr'>aerem</span> <span class='ocrx_word' id='word_1_152' title='bbox 1342 2154 1374 2212; x_wconf 87' lang='lat' dir='ltr'>et</span> 
     </span>
     <span class='ocr_line' id='line_1_20' title="bbox 197 2257 1371 2344; baseline -0.003 -20"><span class='ocrx_word' id='word_1_153' title='bbox 197 2261 358 2344; x_wconf 87' lang='lat' dir='ltr'>integrum</span> <span class='ocrx_word' id='word_1_154' title='bbox 380 2260 450 2324; x_wconf 83' lang='lat' dir='ltr'>deri</span> <span class='ocrx_word' id='word_1_155' title='bbox 473 2261 637 2326; x_wconf 89' lang='lat' dir='ltr'>consulem</span> <span class='ocrx_word' id='word_1_156' title='bbox 659 2260 776 2326; x_wconf 89' lang='lat' dir='ltr'>timens</span> <span class='ocrx_word' id='word_1_157' title='bbox 798 2268 869 2325; x_wconf 88' lang='lat' dir='ltr'>orta</span> <span class='ocrx_word' id='word_1_158' title='bbox 891 2260 996 2326; x_wconf 88' lang='lat' dir='ltr'>subito</span> <span class='ocrx_word' id='word_1_159' title='bbox 1021 2258 1181 2325; x_wconf 88' lang='lat' dir='ltr'>seditione</span> <span class='ocrx_word' id='word_1_160' title='bbox 1196 2257 1371 2341; x_wconf 79' lang='lat' dir='ltr'>fugientem</span> 
     </span>
     <span class='ocr_line' id='line_1_21' title="bbox 197 2367 1410 2455; baseline -0.004 -21"><span class='ocrx_word' id='word_1_161' title='bbox 197 2390 256 2455; x_wconf 89' lang='lat' dir='ltr'>per</span> <span class='ocrx_word' id='word_1_162' title='bbox 277 2370 426 2435; x_wconf 91' lang='lat' dir='ltr'>Publium</span> <span class='ocrx_word' id='word_1_163' title='bbox 442 2372 585 2435; x_wconf 88' lang='lat' dir='ltr'>Mettium</span> <span class='ocrx_word' id='word_1_164' title='bbox 609 2370 779 2436; x_wconf 85' lang='lat' dir='ltr'>satellitem</span> <span class='ocrx_word' id='word_1_165' title='bbox 802 2370 929 2434; x_wconf 80' lang='lat' dir='ltr'>informi</span> <span class='ocrx_word' id='word_1_166' title='bbox 952 2369 1061 2454; x_wconf 89' lang='lat' dir='ltr'>stipite</span> <span class='ocrx_word' id='word_1_167' title='bbox 1082 2367 1314 2433; x_wconf 89' lang='lat' dir='ltr'>comminutum</span> <span class='ocrx_word' id='word_1_168' title='bbox 1327 2367 1410 2431; x_wconf 85' lang='lat' dir='ltr'>in-ro</span> 
     </span>
     <span class='ocr_line' id='line_1_22' title="bbox 198 2481 329 2544; baseline -0.008 -1"><span class='ocrx_word' id='word_1_169' title='bbox 198 2481 329 2544; x_wconf 82' lang='lat' dir='ltr'>terfecit.</span> 
     </span>
    </p>

    <p class='ocr_par' dir='ltr' id='par_1_3' title="bbox 146 2588 1415 3660">
     <span class='ocr_line' id='line_1_23' title="bbox 146 2588 1373 2673; baseline -0.003 -18"><span class='ocrx_word' id='word_1_170' title='bbox 146 2591 175 2655; x_wconf 90' lang='lat' dir='ltr'>V</span> <span class='ocrx_word' id='word_1_171' title='bbox 281 2589 452 2652; x_wconf 86' lang='lat' dir='ltr'>Frernente</span> <span class='ocrx_word' id='word_1_172' title='bbox 473 2608 531 2671; x_wconf 89' lang='lat' dir='ltr'>pro</span> <span class='ocrx_word' id='word_1_173' title='bbox 553 2588 651 2653; x_wconf 87' lang='lat' dir='ltr'>tantis</span> <span class='ocrx_word' id='word_1_174' title='bbox 680 2589 727 2653; x_wconf 90' lang='lat' dir='ltr'>rei</span> <span class='ocrx_word' id='word_1_175' title='bbox 749 2588 899 2673; x_wconf 88' lang='lat' dir='ltr'>publicae</span> <span class='ocrx_word' id='word_1_176' title='bbox 921 2590 1015 2655; x_wconf 88' lang='lat' dir='ltr'>malis</span> <span class='ocrx_word' id='word_1_177' title='bbox 1046 2597 1160 2655; x_wconf 88' lang='lat' dir='ltr'>senatu</span> <span class='ocrx_word' id='word_1_178' title='bbox 1188 2589 1373 2672; x_wconf 89' lang='lat' dir='ltr'>populoque</span> 
     </span>
     <span class='ocr_line' id='line_1_24' title="bbox 195 2697 1373 2784; baseline -0.003 -19"><span class='ocrx_word' id='word_1_179' title='bbox 195 2700 341 2765; x_wconf 91' lang='lat' dir='ltr'>Romane</span> <span class='ocrx_word' id='word_1_180' title='bbox 356 2697 478 2763; x_wconf 88' lang='lat' dir='ltr'>Marius</span> <span class='ocrx_word' id='word_1_181' title='bbox 500 2698 612 2763; x_wconf 90' lang='lat' dir='ltr'>consul</span> <span class='ocrx_word' id='word_1_182' title='bbox 634 2697 873 2763; x_wconf 88' lang='lat' dir='ltr'>accommodato</span> <span class='ocrx_word' id='word_1_183' title='bbox 892 2699 935 2763; x_wconf 89' lang='lat' dir='ltr'>ad</span> <span class='ocrx_word' id='word_1_184' title='bbox 949 2706 1077 2784; x_wconf 89' lang='lat' dir='ltr'>tempus</span> <span class='ocrx_word' id='word_1_185' title='bbox 1093 2700 1224 2782; x_wconf 88' lang='lat' dir='ltr'>ingenio</span> <span class='ocrx_word' id='word_1_186' title='bbox 1240 2716 1373 2763; x_wconf 89' lang='lat' dir='ltr'>consen·</span> 
     </span>
     <span class='ocr_line' id='line_1_25' title="bbox 197 2807 1373 2892; baseline -0.003 -17"><span class='ocrx_word' id='word_1_187' title='bbox 197 2809 246 2876; x_wconf 93' lang='lat' dir='ltr'>sui</span> <span class='ocrx_word' id='word_1_188' title='bbox 270 2809 426 2873; x_wconf 92' lang='lat' dir='ltr'>bonorum</span> <span class='ocrx_word' id='word_1_189' title='bbox 449 2827 523 2875; x_wconf 88' lang='lat' dir='ltr'>sese</span> <span class='ocrx_word' id='word_1_190' title='bbox 537 2807 710 2873; x_wconf 91' lang='lat' dir='ltr'>immiscuit</span> <span class='ocrx_word' id='word_1_191' title='bbox 731 2815 984 2892; x_wconf 87' lang='lat' dir='ltr'>commotamque</span> <span class='ocrx_word' id='word_1_192' title='bbox 999 2809 1126 2892; x_wconf 89' lang='lat' dir='ltr'>plebem</span> <span class='ocrx_word' id='word_1_193' title='bbox 1144 2809 1210 2874; x_wconf 91' lang='lat' dir='ltr'>leni</span> <span class='ocrx_word' id='word_1_194' title='bbox 1226 2808 1373 2873; x_wconf 87' lang='lat' dir='ltr'>oratione</span> 
     </span>
     <span class='ocr_line' id='line_1_26' title="bbox 196 2917 1415 2984; baseline -0.007 0"><span class='ocrx_word' id='word_1_195' title='bbox 196 2917 333 2984; x_wconf 87' lang='lat' dir='ltr'>sedauit.</span> <span class='ocrx_word' id='word_1_196' title='bbox 378 2919 572 2983; x_wconf 87' lang='lat' dir='ltr'>Saturninus</span> <span class='ocrx_word' id='word_1_197' title='bbox 596 2918 769 2983; x_wconf 84' lang='lat' dir='ltr'>infamibus</span> <span class='ocrx_word' id='word_1_198' title='bbox 798 2918 932 2984; x_wconf 87' lang='lat' dir='ltr'>ausibus</span> <span class='ocrx_word' id='word_1_199' title='bbox 960 2919 1141 2983; x_wconf 86' lang='lat' dir='ltr'>contionem</span> <span class='ocrx_word' id='word_1_200' title='bbox 1170 2917 1258 2982; x_wconf 91' lang='lat' dir='ltr'>domi</span> <span class='ocrx_word' id='word_1_201' title='bbox 1293 2925 1415 2983; x_wconf 75' lang='lat' dir='ltr'>snaelt</span> 
     </span>
     <span class='ocr_line' id='line_1_27' title="bbox 195 3025 1370 3113; baseline 0.002 -24"><span class='ocrx_word' id='word_1_202' title='bbox 195 3025 309 3090; x_wconf 92' lang='lat' dir='ltr'>habuit</span> <span class='ocrx_word' id='word_1_203' title='bbox 337 3026 447 3105; x_wconf 88' lang='lat' dir='ltr'>ibique</span> <span class='ocrx_word' id='word_1_204' title='bbox 470 3026 512 3089; x_wconf 90' lang='lat' dir='ltr'>ab</span> <span class='ocrx_word' id='word_1_205' title='bbox 534 3027 608 3091; x_wconf 87' lang='lat' dir='ltr'>aliis</span> <span class='ocrx_word' id='word_1_206' title='bbox 631 3046 704 3108; x_wconf 86' lang='lat' dir='ltr'>rex,</span> <span class='ocrx_word' id='word_1_207' title='bbox 727 3027 768 3092; x_wconf 86' lang='lat' dir='ltr'>ab</span> <span class='ocrx_word' id='word_1_208' title='bbox 798 3028 871 3094; x_wconf 91' lang='lat' dir='ltr'>aliis</span> <span class='ocrx_word' id='word_1_209' title='bbox 901 3028 1074 3113; x_wconf 83' lang='lat' dir='ltr'>imperator·</span> <span class='ocrx_word' id='word_1_210' title='bbox 1103 3036 1153 3094; x_wconf 88' lang='lat' dir='ltr'>est</span> <span class='ocrx_word' id='word_1_211' title='bbox 1173 3028 1370 3113; x_wconf 86' lang='lat' dir='ltr'>appellatus.</span> 
     </span>
     <span class='ocr_line' id='line_1_28' title="bbox 194 3134 1372 3220; baseline 0 -20"><span class='ocrx_word' id='word_1_212' title='bbox 194 3136 317 3200; x_wconf 85' lang='lat' dir='ltr'>Marius</span> <span class='ocrx_word' id='word_1_213' title='bbox 346 3134 570 3218; x_wconf 89' lang='lat' dir='ltr'>manipulatim</span> <span class='ocrx_word' id='word_1_214' title='bbox 598 3136 693 3220; x_wconf 91' lang='lat' dir='ltr'>plebe</span> <span class='ocrx_word' id='word_1_215' title='bbox 730 3136 893 3220; x_wconf 83' lang='lat' dir='ltr'>descripta</span> <span class='ocrx_word' id='word_1_216' title='bbox 924 3139 1059 3201; x_wconf 86' lang='lat' dir='ltr'>alterum</span> <span class='ocrx_word' id='word_1_217' title='bbox 1096 3138 1264 3203; x_wconf 89' lang='lat' dir='ltr'>consulem</span> <span class='ocrx_word' id='word_1_218' title='bbox 1299 3155 1372 3201; x_wconf 90' lang='lat' dir='ltr'>eum</span> 
     </span>
     <span class='ocr_line' id='line_1_29' title="bbox 194 3244 1372 3331; baseline 0 -22"><span class='ocrx_word' id='word_1_219' title='bbox 194 3244 369 3329; x_wconf 87' lang='lat' dir='ltr'>praesidiis</span> <span class='ocrx_word' id='word_1_220' title='bbox 397 3244 431 3307; x_wconf 92' lang='lat' dir='ltr'>in</span> <span class='ocrx_word' id='word_1_221' title='bbox 453 3245 535 3308; x_wconf 91' lang='lat' dir='ltr'>colle</span> <span class='ocrx_word' id='word_1_222' title='bbox 557 3244 726 3329; x_wconf 84' lang='lat' dir='ltr'>disposuit,</span> <span class='ocrx_word' id='word_1_223' title='bbox 755 3247 825 3330; x_wconf 90' lang='lat' dir='ltr'>ipse</span> <span class='ocrx_word' id='word_1_224' title='bbox 848 3252 958 3331; x_wconf 88' lang='lat' dir='ltr'>portas</span> <span class='ocrx_word' id='word_1_225' title='bbox 981 3248 1201 3312; x_wconf 89' lang='lat' dir='ltr'>communiuit.</span> <span class='ocrx_word' id='word_1_226' title='bbox 1245 3248 1281 3311; x_wconf 92' lang='lat' dir='ltr'>iu</span> <span class='ocrx_word' id='word_1_227' title='bbox 1303 3246 1372 3310; x_wconf 81' lang='lat' dir='ltr'>loro</span> 
     </span>
     <span class='ocr_line' id='line_1_30' title="bbox 194 3354 1372 3439; baseline 0.001 -21"><span class='ocrx_word' id='word_1_228' title='bbox 194 3354 352 3439; x_wconf 87' lang='lat' dir='ltr'>proelium</span> <span class='ocrx_word' id='word_1_229' title='bbox 375 3354 580 3420; x_wconf 86' lang='lat' dir='ltr'>commissum</span> <span class='ocrx_word' id='word_1_230' title='bbox 604 3362 662 3421; x_wconf 91' lang='lat' dir='ltr'>est.</span> <span class='ocrx_word' id='word_1_231' title='bbox 708 3355 901 3420; x_wconf 84' lang='lat' dir='ltr'>Saturninus</span> <span class='ocrx_word' id='word_1_232' title='bbox 929 3357 1127 3422; x_wconf 77' lang='lat' dir='ltr'>ablationis</span> <span class='ocrx_word' id='word_1_233' title='bbox 1156 3357 1226 3421; x_wconf 84' lang='lat' dir='ltr'>fore</span> <span class='ocrx_word' id='word_1_234' title='bbox 1255 3355 1372 3439; x_wconf 90' lang='lat' dir='ltr'>pulsus</span> 
     </span>
     <span class='ocr_line' id='line_1_31' title="bbox 195 3463 1415 3549; baseline -0.002 -21"><span class='ocrx_word' id='word_1_235' title='bbox 195 3465 230 3528; x_wconf 90' lang='lat' dir='ltr'>in</span> <span class='ocrx_word' id='word_1_236' title='bbox 252 3463 447 3548; x_wconf 85' lang='lat' dir='ltr'>Capitolium</span> <span class='ocrx_word' id='word_1_237' title='bbox 470 3464 622 3546; x_wconf 84' lang='lat' dir='ltr'>confugit.</span> <span class='ocrx_word' id='word_1_238' title='bbox 666 3465 787 3530; x_wconf 86' lang='lat' dir='ltr'>Marius</span> <span class='ocrx_word' id='word_1_239' title='bbox 809 3464 935 3530; x_wconf 89' lang='lat' dir='ltr'>listulas</span> <span class='ocrx_word' id='word_1_240' title='bbox 958 3466 1076 3548; x_wconf 91' lang='lat' dir='ltr'>quibus</span> <span class='ocrx_word' id='word_1_241' title='bbox 1099 3484 1137 3530; x_wconf 91' lang='lat' dir='ltr'>eo</span> <span class='ocrx_word' id='word_1_242' title='bbox 1159 3484 1248 3549; x_wconf 88' lang='lat' dir='ltr'>aqua</span> <span class='ocrx_word' id='word_1_243' title='bbox 1270 3463 1371 3529; x_wconf 93' lang='lat' dir='ltr'>dedu·</span> <span class='ocrx_word' id='word_1_244' title='bbox 1388 3474 1415 3524; x_wconf 81' lang='grc'>31</span> 
     </span>
     <span class='ocr_line' id='line_1_32' title="bbox 194 3572 1370 3660; baseline -0.002 -23"><span class='ocrx_word' id='word_1_245' title='bbox 194 3574 326 3639; x_wconf 81' lang='lat' dir='ltr'>sebatur</span> <span class='ocrx_word' id='word_1_246' title='bbox 357 3573 479 3639; x_wconf 87' lang='lat' dir='ltr'>incidit.</span> <span class='ocrx_word' id='word_1_247' title='bbox 523 3574 644 3638; x_wconf 90' lang='lat' dir='ltr'>bellum</span> <span class='ocrx_word' id='word_1_248' title='bbox 673 3575 791 3639; x_wconf 91' lang='lat' dir='ltr'>deinde</span> <span class='ocrx_word' id='word_1_249' title='bbox 819 3575 853 3638; x_wconf 92' lang='lat' dir='ltr'>in</span> <span class='ocrx_word' id='word_1_250' title='bbox 881 3573 997 3638; x_wconf 90' lang='lat' dir='ltr'>atrium</span> <span class='ocrx_word' id='word_1_251' title='bbox 1027 3573 1178 3660; x_wconf 81' lang='lat' dir='ltr'>Capitolii</span> <span class='ocrx_word' id='word_1_252' title='bbox 1200 3572 1370 3639; x_wconf 88' lang='lat' dir='ltr'>horridum</span> 
     </span>
    </p>
   </div>
   <div class='ocr_carea' id='block_1_3' title="bbox 193 3712 497 3722">
    <p class='ocr_par' dir='ltr' id='par_1_4' title="bbox 193 3712 497 3722">
     <span class='ocr_line' id='line_1_33' title="bbox 193 3712 497 3722; baseline 0.007 -2"><span class='ocrx_word' id='word_1_253' title='bbox 193 3712 497 3722; x_wconf 69' lang='lat'><strong>-——-—-—-——.—</strong></span> 
     </span>
    </p>
   </div>
   <div class='ocr_carea' id='block_1_4' title="bbox 192 3780 1373 4317">
    <p class='ocr_par' dir='ltr' id='par_1_5' title="bbox 192 3780 1373 4317">
     <span class='ocr_line' id='line_1_34' title="bbox 262 3780 1373 3845; baseline 0.005 -9"><span class='ocrx_word' id='word_1_254' title='bbox 262 3785 390 3837; x_wconf 71' lang='lat' dir='ltr'>‘liextul</span> <span class='ocrx_word' id='word_1_255' title='bbox 411 3782 564 3838; x_wconf 82' lang='lat' dir='ltr'>consulatur</span> <span class='ocrx_word' id='word_1_256' title='bbox 586 3782 613 3836; x_wconf 95' lang='lat' dir='ltr'><em>D</em></span> <span class='ocrx_word' id='word_1_257' title='bbox 698 3785 737 3845; x_wconf 89' lang='lat' dir='ltr'>ut]</span> <span class='ocrx_word' id='word_1_258' title='bbox 764 3780 835 3836; x_wconf 90' lang='lat' dir='ltr'>ctD</span> <span class='ocrx_word' id='word_1_259' title='bbox 938 3782 1137 3836; x_wconf 80' lang='lat' dir='ltr'>aconcrderat</span> <span class='ocrx_word' id='word_1_260' title='bbox 1161 3789 1189 3838; x_wconf 89' lang='lat' dir='ltr'>et</span> <span class='ocrx_word' id='word_1_261' title='bbox 1214 3785 1327 3840; x_wconf 85' lang='lat' dir='ltr'>uoluere</span> <span class='ocrx_word' id='word_1_262' title='bbox 1346 3787 1373 3841; x_wconf 92' lang='lat' dir='ltr'><em>D</em></span> 
     </span>
     <span class='ocr_line' id='line_1_35' title="bbox 193 3872 1371 3943; baseline 0.006 -17"><span class='ocrx_word' id='word_1_263' title='bbox 193 3875 323 3943; x_wconf 71' lang='lat' dir='ltr'>elonget</span> <span class='ocrx_word' id='word_1_264' title='bbox 338 3876 373 3930; x_wconf 78' lang='lat' dir='ltr'>D⁴</span> <span class='ocrx_word' id='word_1_265' title='bbox 475 3878 675 3943; x_wconf 77' lang='lat' dir='ltr'>bprotraotum</span> <span class='ocrx_word' id='word_1_266' title='bbox 700 3888 749 3926; x_wconf 75' lang='lat' dir='ltr'>orer.</span> <span class='ocrx_word' id='word_1_267' title='bbox 769 3872 795 3926; x_wconf 99' lang='lat' dir='ltr'><em>D</em></span> <span class='ocrx_word' id='word_1_268' title='bbox 881 3878 909 3925; x_wconf 92' lang='grc'>11</span> <span class='ocrx_word' id='word_1_269' title='bbox 930 3874 1029 3928; x_wconf 67' lang='lat' dir='ltr'>sladum</span> <span class='ocrx_word' id='word_1_270' title='bbox 1047 3891 1159 3929; x_wconf 89' lang='lat' dir='ltr'>numum</span> <span class='ocrx_word' id='word_1_271' title='bbox 1183 3875 1224 3930; x_wconf 86' lang='lat' dir='ltr'>P:</span> <span class='ocrx_word' id='word_1_272' title='bbox 1249 3878 1371 3933; x_wconf 81' lang='lat' dir='ltr'>Annium</span> 
     </span>
     <span class='ocr_line' id='line_1_36' title="bbox 193 3965 1371 4032; baseline 0.006 -13"><span class='ocrx_word' id='word_1_273' title='bbox 193 3966 219 4020; x_wconf 99' lang='lat' dir='ltr'><em>D</em></span> <span class='ocrx_word' id='word_1_274' title='bbox 243 3968 290 4028; x_wconf 78' lang='lat' dir='ltr'>(A.</span> <span class='ocrx_word' id='word_1_275' title='bbox 308 3968 445 4022; x_wconf 78' lang='lat' dir='ltr'>Nunnium</span> <span class='ocrx_word' id='word_1_276' title='bbox 473 3968 543 4021; x_wconf 79' lang='lat' dir='ltr'>coni.</span> <span class='ocrx_word' id='word_1_277' title='bbox 570 3966 715 4028; x_wconf 80' lang='lat' dir='ltr'>Gruterus)</span> <span class='ocrx_word' id='word_1_278' title='bbox 822 3968 851 4017; x_wconf 83' lang='lat'>12</span> <span class='ocrx_word' id='word_1_279' title='bbox 875 3965 976 4032; x_wconf 83' lang='lat' dir='ltr'>glautra</span> <span class='ocrx_word' id='word_1_280' title='bbox 1000 3967 1026 4021; x_wconf 99' lang='lat' dir='ltr'><em>D</em></span> <span class='ocrx_word' id='word_1_281' title='bbox 1138 3972 1167 4021; x_wconf 88' lang='grc'>16</span> <span class='ocrx_word' id='word_1_282' title='bbox 1189 3968 1321 4025; x_wconf 84' lang='lat' dir='ltr'>rudrtrbul</span> <span class='ocrx_word' id='word_1_283' title='bbox 1343 3971 1371 4026; x_wconf 94' lang='lat' dir='ltr'><em>D</em></span> 
     </span>
     <span class='ocr_line' id='line_1_37' title="bbox 196 4054 1370 4123; baseline 0.008 -14"><span class='ocrx_word' id='word_1_284' title='bbox 196 4062 225 4109; x_wconf 80' lang='grc'>11</span> <span class='ocrx_word' id='word_1_285' title='bbox 251 4058 347 4123; x_wconf 86' lang='lat' dir='ltr'>seclus]</span> <span class='ocrx_word' id='word_1_286' title='bbox 375 4059 435 4114; x_wconf 81' lang='lat' dir='ltr'>icch</span> <span class='ocrx_word' id='word_1_287' title='bbox 461 4059 487 4113; x_wconf 99' lang='lat' dir='ltr'><em>D</em></span> <span class='ocrx_word' id='word_1_288' title='bbox 597 4062 629 4112; x_wconf 80' lang='lat'>23</span> <span class='ocrx_word' id='word_1_289' title='bbox 654 4054 858 4111; x_wconf 78' lang='lat' dir='ltr'>acomodateD</span> <span class='ocrx_word' id='word_1_290' title='bbox 960 4059 1134 4114; x_wconf 81' lang='lat' dir='ltr'>conlenluD</span> <span class='ocrx_word' id='word_1_291' title='bbox 1238 4066 1272 4117; x_wconf 75' lang='lat'>24</span> <span class='ocrx_word' id='word_1_292' title='bbox 1295 4079 1370 4118; x_wconf 86' lang='lat' dir='ltr'>eem-</span> 
     </span>
     <span class='ocr_line' id='line_1_38' title="bbox 192 4147 1371 4222; baseline 0.008 -20"><span class='ocrx_word' id='word_1_293' title='bbox 192 4156 292 4217; x_wconf 89' lang='lat' dir='ltr'>motaq.</span> <span class='ocrx_word' id='word_1_294' title='bbox 313 4155 376 4217; x_wconf 82' lang='lat' dir='ltr'>itaq.</span> <span class='ocrx_word' id='word_1_295' title='bbox 389 4152 416 4203; x_wconf 86' lang='lat' dir='ltr'>ia</span> <span class='ocrx_word' id='word_1_296' title='bbox 426 4158 492 4211; x_wconf 85' lang='lat' dir='ltr'>rus.)</span> <span class='ocrx_word' id='word_1_297' title='bbox 503 4149 529 4203; x_wconf 94' lang='lat' dir='ltr'><em>D</em></span> <span class='ocrx_word' id='word_1_298' title='bbox 591 4154 623 4203; x_wconf 79' lang='lat'>‘25</span> <span class='ocrx_word' id='word_1_299' title='bbox 643 4147 1032 4205; x_wconf 70' lang='grc'>11111111111111111111-26</span> <span class='ocrx_word' id='word_1_300' title='bbox 1050 4153 1089 4207; x_wconf 80' lang='lat' dir='ltr'>ert</span> <span class='ocrx_word' id='word_1_301' title='bbox 1105 4154 1249 4222; x_wconf 76' lang='lat' dir='ltr'>appelatus</span> <span class='ocrx_word' id='word_1_302' title='bbox 1264 4172 1316 4209; x_wconf 87' lang='lat' dir='ltr'>om.</span> <span class='ocrx_word' id='word_1_303' title='bbox 1333 4157 1371 4219; x_wconf 91' lang='lat' dir='ltr'>D,</span> 
     </span>
     <span class='ocr_line' id='line_1_39' title="bbox 195 4239 1327 4317; baseline 0.004 -22"><span class='ocrx_word' id='word_1_304' title='bbox 195 4240 229 4295; x_wconf 83' lang='lat' dir='ltr'>do</span> <span class='ocrx_word' id='word_1_305' title='bbox 246 4240 273 4294; x_wconf 88' lang='lat' dir='ltr'><em>P</em></span> <span class='ocrx_word' id='word_1_306' title='bbox 288 4239 358 4295; x_wconf 80' lang='lat' dir='ltr'>rrilril</span> <span class='ocrx_word' id='word_1_307' title='bbox 375 4241 517 4296; x_wconf 78' lang='lat' dir='ltr'>‹rdrrotoro&#39;t</span> <span class='ocrx_word' id='word_1_308' title='bbox 537 4241 668 4297; x_wconf 80' lang='lat' dir='ltr'>Gruterus</span> <span class='ocrx_word' id='word_1_309' title='bbox 736 4244 768 4293; x_wconf 80' lang='grc'>11</span> <span class='ocrx_word' id='word_1_310' title='bbox 786 4241 986 4310; x_wconf 74' lang='lat' dir='ltr'>manspulatnn</span> <span class='ocrx_word' id='word_1_311' title='bbox 1004 4243 1071 4311; x_wconf 79' lang='lat' dir='ltr'>tsus&#39;t</span> <span class='ocrx_word' id='word_1_312' title='bbox 1084 4249 1103 4310; x_wconf 88' lang='lat' dir='ltr'>i)</span> <span class='ocrx_word' id='word_1_313' title='bbox 1122 4245 1149 4300; x_wconf 96' lang='lat' dir='ltr'><em>D</em></span> <span class='ocrx_word' id='word_1_314' title='bbox 1199 4247 1282 4317; x_wconf 73' lang='lat' dir='ltr'>plebe</span> <span class='ocrx_word' id='word_1_315' title='bbox 1299 4248 1327 4303; x_wconf 93' lang='lat' dir='ltr'><em>D</em></span> 
     </span>
    </p>
   </div>
   <div class='ocr_carea' id='block_1_5' title="bbox 0 0 1422 5394">
    <p class='ocr_par' dir='ltr' id='par_1_6' title="bbox 0 0 1422 5394">
     <span class='ocr_line' id='line_1_40' title="bbox 0 0 1422 5394; baseline 0 4"><span class='ocrx_word' id='word_1_316' title='bbox 0 0 1422 5394; x_wconf 95' lang='lat' dir='ltr'> </span> 
     </span>
    </p>
   </div>
  </div>
 </body>
</html>
