3236 5074
274 343 334 406 120
792 356 884 404 umal
905 357 928 401 v

271 508 355 577 iecit.
400 508 498 592 igitur
526 508 648 574 Marius
678 507 836 572 coloniam
866 506 1048 574 Ostiensem
1080 507 1114 572 ui
1143 506 1310 590 ingressus
1339 509 1449 576 omnia

271 619 317 684 ibi
346 639 468 704 genera
496 618 643 684 libidinis
674 618 832 684 auaritiae
861 624 893 684 et
922 617 1122 685 crudelitatis
1159 618 1311 684 exercuit.
1356 619 1449 684 Pom-

272 730 365 814 peius
387 729 520 796 fulmine
549 728 678 796 afflatus
706 728 837 811 interiit,
867 728 1026 795 exercitus
1056 747 1133 794 uero
1161 728 1232 795 eius
1260 729 1449 813 pestilentia

269 847 436 926 correptus
457 858 563 926 paene
584 845 670 905 totus
692 837 882 924 absumptus
904 844 963 906 est.
1007 857 1082 904 nam
1111 838 1261 904 undecim
1290 839 1380 906 milia
1401 839 1447 904 ui·

270 970 378 1018 rorum
400 948 440 1015 de
462 949 579 1016 castris
600 949 745 1034 Pompeii
776 955 910 1030 mortua,
944 967 1002 1014 sex
1030 948 1122 1014 milia
1149 955 1256 1015 autem
1285 947 1326 1015 de
1353 955 1482 1034 partes

272 1060 401 1128 Octauii
431 1058 618 1126 desiderata
645 1065 729 1126 suut.
773 1059 895 1126 Marius
916 1058 1049 1125 Antium
1077 1065 1109 1125 et
1129 1058 1271 1124 Atiniam
1299 1059 1446 1126 ciuitates

270 1169 430 1238 hostiliter
451 1169 582 1254 inrupit
611 1176 806 1255 cunctosque
833 1169 868 1236 in
889 1169 942 1236 his
962 1175 1094 1254 praeter
1115 1167 1296 1253 proditores
1318 1169 1447 1236 interie-

271 1282 323 1365 cit,
346 1281 433 1346 bona
454 1281 522 1346 suis
544 1278 729 1364 diripienda
749 1279 905 1365 permisit.

153 1385 251 1454 Xllll
359 1392 436 1457 Post
458 1389 564 1456 Cinna
585 1391 697 1457 consul
718 1409 790 1455 cum
811 1388 994 1474 legionibus
1017 1395 1050 1456 et
1063 1388 1184 1456 Marius
1207 1409 1279 1456 eum
1300 1387 1446 1472 fugitiuis

274 1502 386 1568 urbem
410 1500 549 1584 ingressi
572 1501 793 1568 nobilissimos
816 1519 961 1584 quosque
977 1519 995 1566 e
1010 1506 1125 1566 senatu
1139 1507 1171 1566 et
1184 1497 1359 1584 plurimos>
1374 1518 1447 1564 con-
1466 1509 1500 1562 te

274 1614 400 1681 sulares
422 1613 510 1679 uiros
528 1611 764 1692 interfecerunt,
787 1610 905 1677 multos
919 1610 1194 1694 proscripserunt:
1217 1610 1321 1696 ipsius
1337 1610 1448 1676 Sullae

272 1723 367 1790 domo
391 1740 516 1806 euersa,
546 1720 631 1788 filios
654 1727 687 1787 et
708 1740 840 1786 uxorem
862 1719 905 1786 ad
927 1721 1037 1804 lugam
1059 1720 1290 1806 compulerunt.
1334 1716 1449 1804 <igitur

270 1833 393 1900 Marius
415 1852 487 1898 cum
510 1831 748 1897 interfectorum
762 1830 881 1896 ciuium
895 1831 1004 1915 nepita
1019 1831 1122 1896 inlata
1143 1831 1312 1913 conuiuiis,
1339 1830 1449 1896 oblata

272 1943 453 2028 Capitoliis‚
476 1941 605 2006 conlata
626 1940 738 2006 rostris
760 1940 804 2007 ad
826 1942 1045 2026 spectaculum
1067 1947 1280 2026 ornatumque
1299 1959 1448 2024 congere·

271 2060 329 2135 ret,
363 2051 503 2117 maxime
531 2057 628 2136 caput
655 2051 755 2115 Marci
777 2051 910 2116 Antonii
944 2051 1054 2117 eximii
1087 2051 1223 2118 oratoris
1254 2051 1444 2131 abscissum,
1467 2059 1500 2110 15

273 2181 344 2229 eum
368 2162 465 2228 etiam
495 2168 562 2227 tum
591 2160 667 2226 inde
689 2161 799 2228 sanies
830 2160 1042 2242 muneratio
1071 2161 1143 2247 ipso
1170 2161 1318 2227 conuiuio
1349 2180 1447 2226 manu

271 2271 482 2360 pertrectauit
509 2272 671 2340 insultans
699 2272 833 2356 insuper
853 2270 1058 2355 illudensque
1081 2270 1235 2337 renunciis
1258 2271 1448 2355 conplexus·

275 2403 337 2468 que
360 2388 410 2449 est
431 2382 580 2448 Publium
602 2381 754 2462 Annium,
787 2381 842 2466 qui
871 2388 968 2466 caput
995 2380 1075 2446 illud
1103 2387 1252 2448 cruentus
1285 2382 1446 2447 attulerat.

272 2513 310 2559 ae
332 2493 417 2559 idem
440 2511 512 2558 cum
535 2492 708 2578 septimum
730 2493 929 2559 consulatum
952 2511 1023 2556 cum
1039 2490 1145 2558 Cinna
1166 2492 1295 2557 tertium
1317 2492 1449 2558 consule

272 2601 481 2689 peruasisset,
510 2603 545 2668 in
573 2601 705 2668 exordio
732 2603 912 2668 consularis
943 2602 1070 2686 imperii
1098 2621 1171 2668 sera
1192 2600 1324 2667 tandem
1346 2608 1448 2669 morte
1463 2613 1499 2666 aa

271 2720 463 2798 praereptus
488 2719 546 2780 est.
592 2713 665 2797 quis
687 2732 752 2776 non
775 2713 844 2776 iure
865 2711 999 2777 miretur
1021 2719 1145 2796 septem
1168 2712 1238 2777 eius
1261 2712 1447 2779 consulatus

273 2830 306 2889 et
328 2821 410 2888 duos
432 2822 635 2907 triumphos?
680 2821 752 2905 quis
780 2841 845 2887 uon
873 2823 906 2888 in
935 2839 1008 2888 eum
1031 2823 1144 2888 merito
1166 2827 1296 2906 stupeat
1317 2823 1447 2907 amplis·

271 2933 388 3000 simum
410 2931 629 2998 testimonium
652 2931 838 3014 Scipionis?
882 2951 1022 3016 namque
1045 2951 1116 2996 oum
1139 2931 1248 3016 Scipio
1271 2932 1447 3016 interroga·

268 3048 320 3109 tus
348 3049 434 3109 esset
462 3043 496 3109 in
525 3061 606 3108 cena
635 3039 743 3124 siquid
771 3039 812 3106 de
841 3060 879 3107 eo
908 3041 979 3125 ipso
1002 3041 1154 3129 Scipione
1176 3042 1317 3109 fataliter
1338 3051 1444 3110 aetum

270 3152 394 3231 fuisset,
417 3171 511 3235 quem
533 3171 685 3234 maguum
707 3151 935 3236 imperatorem
956 3173 1009 3220 res
1031 3151 1162 3237 publica
1182 3160 1270 3220 esset
1284 3151 1443 3238 habitura,
1462 3166 1497 3220 25

271 3280 407 3346 eumque
448 3261 696 3328 circumtulisset
730 3261 838 3328 oculos
871 3259 933 3327 ‘uel
965 3261 1058 3327 hunc’
1086 3263 1200 3347 inquit.
1244 3263 1287 3328 ad
1308 3264 1446 3329 Marium
1609 3245 1610 3252 ἵ

270 3371 355 3438 enim
378 3378 446 3436 tota
467 3370 673 3436 animositate
695 3378 894 3456 respexerat.
938 3371 1064 3438 interea
1086 3371 1193 3438 Cinna
1213 3374 1369 3439 bonorum
1390 3395 1447 3440 ne·

271 3500 324 3550 ces
354 3481 511 3546 malorum
540 3479 639 3545 caede
669 3481 841 3565 suppleuit.
886 3501 962 3546 nam
990 3501 1061 3546 eum
1090 3483 1273 3549 introducta
1299 3503 1357 3566 per
1380 3485 1446 3550 lla-

270 3591 354 3657 rium
377 3589 585 3674 fugitiuorum
609 3609 723 3656 manus
747 3589 944 3657 insatiabilis
961 3591 1143 3676 praedandi
1159 3601 1246 3661 esset
1259 3595 1447 3677 nullamque

267 3710 392 3787 partem
421 3701 606 3768 auctoribus
638 3699 779 3787 praedae
811 3701 998 3768 oonsulibus
1032 3702 1238 3785 ministraret,
1272 3703 1306 3770 iu
1340 3705 1443 3770 iorum
1461 3715 1497 3766 3ο

337 3935 515 3992 toltenidD
601 3935 752 3990 ahurdmrt
767 3935 794 3990 I)
880 3938 994 3990 boaltrr
1010 3952 1118 4007 pompei
1134 3936 1161 3992 J)
1235 3939 1402 4008 btlrderata
1419 3939 1446 3994 D

270 4033 297 4082 ll
320 4029 382 4100 lyllq
402 4028 455 4084 BD
560 4032 685 4094 11-111,
704 4032 719 4082 8
737 4027 771 4098 <>
789 4028 829 4084 Ι).-
855 4028 1003 4084 Unmerlut
1026 4029 1144 4099 rebquut
1166 4033 1290 4097 leuatus·
1310 4047 1342 4087 ex
1358 4039 1361 4098 ι
1376 4032 1445 4086 urbe

265 4120 371 4190 fugrcnl
387 4122 422 4176 ad
440 4121 530 4193 tyllam
548 4139 578 4178 m
595 4137 710 4190 grecum
728 4130 803 4176 uemt
817 4123 823 4190 Ι
837 4121 919 4176 orsul
934 4129 964 4176 ut
981 4129 1068 4196 patnq
1087 4123 1240 4182 subueniret
1257 4123 1285 4179 B
1356 4128 1385 4179 13
1400 4139 1442 4178 m-

266 4214 348 4268 latam
364 4215 368 4284 t
384 4214 515 4271 conbrbui
531 4214 558 4269 I)
629 4219 658 4268 15
679 4213 768 4283 capud
785 4213 812 4268 D
863 4215 983 4270 absortus
1002 4217 1067 4286 tfae't
1085 4217 1149 4276 [ιθ
1220 4223 1249 4272 16
1266 4217 1330 4272 rude
1347 4216 1442 4274 cml)

265 4305 353 4362 sanuel
369 4307 423 4362 ΒΡ
485 4306 697 4364 ·eonb1broD
807 4311 838 4360 18
868 4307 1001 4376 capudl)
1111 4310 1443 4367 191demeumom.1)

266 4399 399 4456 conlulem
417 4399 444 4454 l>
547 4403 577 4454 11
606 4399 639 4454 de
663 4400 735 4468 lepte
758 4397 785 4453 D
887 4404 920 4455 26
938 4402 1032 4472 mquid
1049 4402 1076 4457 1)
1189 4407 1220 4457 21
1239 4401 1348 4458 annal)
1408 4408 1443 4459 30

264 4492 423 4563 phorumD
