2834 5394
39 1921 173 1990 XXXX

192 228 254 287 550
660 239 752 286 amm
775 238 876 285 xxun

192 399 293 456 torum
316 392 419 456 locum
443 412 481 456 eo
504 389 590 473 quod
613 390 730 456 multos
760 390 919 455 monuerit
945 398 975 456 et
997 388 1170 455 adduxerit
1193 389 1236 455 ad
1262 411 1372 454 mona-

192 503 303 567 sticam
327 502 436 584 uitam,
468 509 565 586 atque
588 508 792 565 contemnere
816 501 924 583 regias
946 499 1122 584 dignitates
1151 506 1254 584 atque
1279 521 1373 585 pecu·

191 613 265 679 nias
287 614 495 696 persuaserit.
540 609 737 678 reuerendus
760 611 881 694 quippe
904 611 954 675 uir
976 596 1125 675 omuibus
1154 618 1227 675 erat
1249 632 1314 695 pro
1338 632 1374 677 eo

192 723 277 806 qnod
308 723 375 789 tero
408 722 579 806 sexaginta
610 722 724 787 iecerit
757 741 860 786 annos
894 722 927 784 in
961 721 1110 785 claustris
1141 727 1174 786 et
1197 722 1375 787 uirtutibus

192 834 300 897 multis
323 832 487 898 effulserit.
532 833 649 895 multos
672 838 778 895 autem
800 831 964 915 principes
987 851 1025 896 ac
1047 831 1167 896 milites
1199 841 1401 899 accusatosl

192 943 278 1026 quod
302 943 459 1025 imagines
482 940 655 1006 adorarent
676 941 815 1007 diuersis
838 942 953 1025 poenis
976 948 1006 1006 ct
1028 942 1247 1008 amarissimis
1265 943 1377 1008 uerbe-

193 1052 283 1117 ribus
306 1050 450 1117 tradidit.
494 1049 737 1118 iusiurandum
762 1051 858 1116 etiam
881 1053 1033 1134 generale
1063 1051 1104 1116 ab
1134 1052 1295 1120 omnibus
1318 1053 1376 1119 sub

193 1161 328 1245 imperio
351 1181 409 1227 suo
442 1161 633 1245 degentibus
667 1163 776 1244 exegit
808 1181 849 1225 ne
883 1161 1042 1244 quispiam
1077 1161 1233 1227 adoraret
1269 1163 1375 1241 icona,

193 1290 264 1335 curn
287 1271 403 1353 quibus
426 1279 459 1337 et
480 1271 726 1338 Constantinum
750 1272 825 1335 falsi
854 1271 994 1336 nominis
1022 1272 1247 1357 patriarcham
1279 1293 1376 1357 super

192 1382 362 1446 ambonem
384 1382 559 1449 ascendere
582 1389 614 1447 ct
636 1382 779 1446 exaltare
807 1381 950 1463 pretiosa
979 1381 1069 1464 ligna
1097 1389 1129 1446 ct
1158 1382 1272 1449 iurare
1304 1384 1376 1448 iecit
1392 1389 1414 1438 ¹⁰

193 1490 279 1575 qnod
301 1513 364 1558 non
390 1500 477 1558 essct
499 1512 538 1558 ex
561 1493 609 1558 eis
633 1492 686 1573 qui
711 1492 870 1574 imagines
899 1491 1080 1556 adorarent.
1126 1493 1176 1555 cui
1202 1512 1283 1558 mox
1307 1513 1375 1577 per-

194 1603 297 1668 suasit
319 1609 352 1666 ut
375 1622 415 1668 ex
437 1602 592 1667 monacho
616 1600 824 1685 stephanites
847 1601 1026 1666 efficeretur
1055 1609 1086 1665 et
1114 1601 1274 1668 carnibus
1304 1624 1376 1671 ues-

193 1720 317 1778 ceretur
339 1720 436 1796 atque
457 1711 660 1778 citharoedos
684 1709 725 1775 ad
749 1729 893 1776 mensam
918 1710 1043 1775 admitti
1065 1712 1189 1795 regiam
1206 1720 1376 1796 pateretur

193 1821 337 1888 sednon
360 1823 395 1887 in
418 1824 546 1905 longum
571 1822 649 1886 ultio
672 1822 756 1885 lmuc
778 1819 959 1886 homicidae
982 1820 1114 1885 tradidit
1135 1823 1265 1904 poenis.

245 1984 247 1988 ,
280 1933 428 2015 Denique
450 1931 639 1996 duodecimo
663 1929 874 1995 kalendarum
890 1931 1139 1996 Februariarum
1163 1939 1306 2014 quartae
1329 1933 1375 1997 in·
1393 1936 1414 1984 ¹⁵

193 2040 344 2105 dictionis
367 2047 471 2106 motus
494 2048 543 2106 est
565 2046 676 2105 contra
696 2041 854 2124 Bulgares
877 2048 909 2105 et
931 2040 1049 2106 direxit
1072 2041 1114 2106 ad
1135 2041 1286 2107 Achelon
1310 2042 1373 2107 dno

192 2149 283 2215 milia
305 2156 459 2217 sexcenta
481 2148 652 2214 chelandia
674 2157 863 2216 construens
886 2169 925 2215 ea
953 2159 984 2215 et
1014 2171 1145 2217 armans
1175 2171 1217 2216 ex
1248 2153 1375 2217 cunctis

193 2260 399 2326 thematibus.
444 2280 526 2344 quac
550 2279 620 2323 cum
642 2261 675 2324 in
700 2262 765 2326 oris
788 2261 959 2326 stationem
975 2261 1131 2345 fixissent,
1155 2260 1256 2326 flante
1271 2262 1375 2346 Aqui-

196 2373 270 2438 lone
292 2372 430 2436 coutrita
453 2378 526 2438 sunt
548 2389 651 2455 paene
674 2371 792 2435 omnia.
837 2378 869 2436 et
890 2378 1022 2437 necatus
1052 2379 1101 2436 est
1129 2372 1269 2454 populus
1293 2373 1375 2436 mul-

193 2489 245 2549 tus
280 2483 327 2547 ita
355 2490 388 2547 ut
415 2482 590 2565 imperator
621 2480 795 2546 extendere
822 2481 904 2546 retia
941 2487 971 2544 et
1000 2482 1047 2546 sic
1070 2489 1208 2546 mortuos
1233 2481 1375 2547 educere
1394 2495 1411 2528 ³¹

193 2612 231 2656 ac
253 2593 392 2676 sepelire
414 2591 623 2676 praeceperit.
668 2611 763 2674 porro
786 2596 877 2657 sexto
900 2589 1023 2655 decimo
1046 2590 1206 2656 kalendas
1223 2591 1375 2675 Septem·

193 2701 281 2764 brias
309 2701 451 2766 ciusdem
482 2708 616 2784 quartae
637 2700 822 2766 indictionis
850 2700 978 2784 publice
1008 2700 1187 2765 diffamauit
1215 2707 1249 2764 et
1271 2700 1376 2765 deho-

193 2810 334 2875 nestauit
369 2810 513 2874 habitum
552 2810 779 2874 monachorum
817 2810 850 2874 in
893 2809 1117 2893 hippodromio
1162 2810 1374 2892 praecipiens

193 2941 291 2986 unum
315 2941 473 3004 quemque
496 2919 687 2984 monachum
708 2940 807 2985 manu
827 2926 937 2986 tenere
960 2920 1125 2985 mulierem
1142 2927 1173 2983 et
1188 2920 1298 2983 taliter
1315 2939 1374 2986 eos

193 3031 332 3095 transire
355 3049 412 3112 per
434 3029 692 3113 hippodromium
715 3029 818 3113 sputis
847 3037 878 3094 et
907 3029 1033 3094 iniuriis
1062 3029 1103 3093 ab
1132 3029 1217 3093 omni
1248 3031 1374 3113 populo
1410 3039 1417 3055 ⁴

193 3140 381 3203 cumulatos.
434 3138 580 3203 similiter
615 3145 647 3203 et
679 3145 791 3203 octauo
821 3138 981 3206 kalendas
1019 3139 1241 3222 Septembrias
1280 3138 1374 3205 ducti

195 3253 269 3314 sunt
302 3246 344 3310 ad
376 3246 470 3311 ludos
499 3247 660 3313 circenses
693 3247 840 3333 insignes
873 3249 1036 3332 principes
1067 3249 1175 3313 decem
1199 3255 1229 3312 et
1252 3269 1374 3313 nouem

194 3363 226 3422 et
246 3357 389 3443 pompati
414 3363 488 3422 sunt
511 3357 603 3440 quasi
625 3359 711 3422 mala
733 3365 844 3423 contra
871 3359 1098 3442 imperatorem
1129 3359 1291 3423 consiliati
1323 3360 1374 3424 tu-

195 3469 287 3551 erint,
321 3488 386 3533 non
409 3467 569 3532 ueraciter
591 3470 733 3535 accusati
767 3468 825 3535 sed
859 3469 934 3552 qnia
962 3468 1128 3533 inuidebat
1150 3470 1198 3535 eis
1221 3488 1258 3531 eo
1283 3469 1374 3551 quod

194 3585 303 3645 essent
325 3579 456 3645 formosi
479 3584 574 3662 atque
597 3578 720 3644 robusti
743 3585 774 3643 et
795 3579 836 3642 ab
859 3579 1007 3645 omnibus
1031 3579 1213 3656 collaudati,
1238 3579 1373 3658 quibus-

193 3686 269 3753 dam
291 3709 367 3753 uero
391 3708 431 3753 cx
453 3689 501 3755 eis
524 3695 555 3753 et
578 3687 618 3752 ob
641 3688 829 3772 religionem
852 3709 889 3753 eo
913 3688 998 3773 quod
1020 3688 1062 3753 ad
1092 3689 1292 3773 praedictum
1324 3690 1374 3754 in-

194 3799 339 3864 clausum
361 3799 464 3864 issent
486 3805 517 3863 et
539 3799 710 3883 passiones
733 3798 802 3866 cius
823 3798 952 3883 publico
980 3799 1193 3881 diuulgarent
1232 3818 1313 3881 quos
1339 3807 1376 3866 et

262 4062 495 4150 lcontdpnerell
564 4087 624 4136 bet
643 4086 673 4135 tt
691 4083 769 4150 pqml
785 4081 811 4136 I)
872 4062 983 4137 ticoni
1001 4081 1028 4135 1)
1110 4084 1326 4136 tleonttannnul
1345 4086 1374 4140 D

196 4177 225 4224 la
245 4175 445 4243 cytharedoiD
537 4179 566 4226 15
586 4151 708 4229 alarin
815 4179 845 4228 16
864 4173 1030 4242 uulgarelD
1136 4180 1166 4228 18
1185 4177 1238 4229 orrl
1254 4176 1372 4230 Fabret-

194 4266 263 4318 tius:
280 4268 346 4319 toul
362 4267 387 4322 Ι)
441 4271 471 4321 19
490 4267 620 4335 poeneD
672 4270 702 4320 21
722 4276 749 4320 ct
766 4271 798 4322 26
816 4266 888 4321 le
952 4269 984 4319 22
1005 4265 1112 4320 diffamt
1129 4267 1162 4321 12¹
1232 4273 1263 4321 23
1281 4287 1371 4340 yppo-

194 4356 339 4411 ‹lromroll
407 4363 440 4412 24
458 4358 580 4414 aliteri)
631 4363 663 4412 25
693 4341 914 4428 yppodromuiD
967 4361 999 4411 28
1017 4357 1127 4413 luerunt
1144 4363 1194 4424 (int
1213 4363 1240 4415 ta
1258 4367 1323 4426 ras.)
1342 4363 1372 4417 D
