2834 5394
513 724 587 772 cnr.
609 725 718 773 x-xn
1162 709 1202 770 27

76 876 152 942 morbi
187 897 260 943 nam
281 884 373 943 tanta
394 896 433 942 ac
448 886 513 943 tam
529 876 744 943 intolerabilis
757 876 942 962 pestilentia
957 894 1014 960 per
1029 874 1202 940 triennium

10 1012 13 1107 p
74 998 123 1051 tune
145 988 288 1073 corripuit
314 988 477 1053 ciuitatem
515 996 550 1054 ut
588 997 719 1073 propter
746 1006 818 1052 eam
848 1005 1049 1071 quacumque
1078 986 1204 1051 ratione

10 1112 12 1117 '
72 1096 207 1163 sedandam
230 1097 331 1164 libros
346 1098 524 1184 Sibyllinos
535 1099 749 1180 consulerent,
772 1097 889 1181 quibus
911 1097 1083 1161 iubebatur
1105 1104 1138 1161 ut
1161 1097 1203 1161 ab

10 1284 12 1291 Ι
70 1206 194 1292 Epidauro
208 1209 424 1294 Aesculapius
445 1208 661 1274 exhiberetur.
705 1208 798 1273 missi
820 1209 920 1290 legati
943 1214 1017 1273 sunt
1040 1205 1083 1270 ad
1105 1205 1204 1272 Grae·

10 1328 13 1377 1
49 1328 116 1382 tran
132 1319 242 1401 urbem,
272 1339 354 1403 quos
376 1319 514 1385 libenter
535 1318 704 1404 Epidaurii
727 1326 825 1401 atque
847 1316 1032 1382 humaniter
1054 1335 1204 1400 suscepe-

10 1428 13 1487 i
67 1435 124 1493 runt.
159 1429 277 1494 ibidem
306 1448 342 1496 se
369 1429 487 1512 legatis
515 1448 650 1514 serpens
679 1427 820 1494 ostendit
841 1448 915 1493 raro
938 1427 979 1492 ab
1001 1426 1117 1491 ineolis
1140 1426 1204 1491 nisi

10 1598 12 1607 .
67 1538 167 1604 lelieiter
187 1541 287 1606 nisus.
331 1559 466 1623 cumque
499 1558 557 1624 per
589 1539 729 1605 triduum
764 1538 964 1603 tarrrilian‘ter
997 1535 1204 1621 apparuisset

10 1662 13 1669 '
67 1650 156 1717 auehe
176 1650 435 1735 inspectantibus
456 1650 557 1716 subiit
578 1650 612 1715 in
633 1651 795 1714 triremem
810 1649 989 1712 Romanam
1006 1655 1038 1711 ot
1052 1647 1085 1711 in
1101 1645 1205 1711 taber-

10 1804 14 1829 ·.
65 1760 150 1825 meula
168 1762 266 1844 legati
290 1760 402 1838 Quinti
423 1760 565 1843 Burgoni
600 1760 752 1825 collectus
780 1758 912 1842 quieuit.
957 1757 1036 1821 urhe
1070 1755 1203 1840 proiecti

10 1852 14 1883 '¹
38 1868 168 1936 ulomni
189 1880 273 1954 sunt,
296 1872 413 1954 anguis
437 1871 470 1936 in
491 1871 569 1936 naui
592 1889 720 1955 semper
735 1869 895 1954 apparuit,
918 1868 1049 1932 Antium
1072 1873 1204 1931 uentum

64 1990 103 2059 ert,
131 1979 296 2047 descendit
323 2000 459 2065 serpens
489 1980 532 2045 ad
560 1981 658 2046 limen
688 1979 799 2064 templi
822 1977 1009 2061 Aesculapii
1039 1982 1070 2041 et
1098 1973 1205 2040 triduo

10 2160 13 2171 ‚
64 2086 123 2155 iuter
141 2100 259 2176 myrtos
288 2092 381 2157 latuit
408 2111 467 2157 nee
496 2090 538 2156 ad
561 2091 672 2157 solitos
695 2090 784 2156 cibos
808 2088 974 2174 prooessit,
1019 2085 1136 2151 deliine
1158 2105 1206 2151 rc·

64 2195 104 2263 diit
125 2201 163 2267 ad
190 2221 319 2268 nauem.
363 2221 498 2285 curiaque
525 2209 656 2266 uentum
685 2207 773 2267 esset
802 2198 843 2263 ad
872 2198 1026 2277 Tiberim,
1062 2195 1207 2261 enatauit

63 2305 237 2391 hinnulum,
260 2312 295 2378 in
317 2332 382 2395 qua
403 2313 450 2377 illi
473 2312 625 2397 templum
648 2319 698 2377 est
719 2310 926 2376 constitutum
961 2316 993 2373 ot
1026 2329 1099 2372 mox
1122 2305 1206 2372 sarri·

37 2419 98 2485 aas
113 2422 260 2489 Romanis
281 2422 369 2487 data.

120 2532 288 2599 Praeterea
308 2534 410 2597 altero
432 2531 550 2597 abhinc
578 2549 664 2596 anno
687 2529 808 2597 Fabius
831 2529 957 2613 Gurges
978 2530 1089 2595 consul
1118 2528 1202 2592 rnale
1218 2529 1280 2593 Xll

62 2637 202 2709 aduersum
226 2643 390 2710 Samnites
413 2641 578 2728 pugnauit.
623 2660 762 2724 narnque
785 2640 1079 2719 romanoexercitu,
1103 2637 1205 2704 tribus

61 2751 163 2819 utilibus
184 2753 321 2838 perditis
344 2754 448 2817 uictus
470 2754 503 2818 in
526 2753 637 2817 urbem
660 2751 785 2836 refugit.
837 2752 945 2834 itaque
979 2771 1049 2813 eum
1074 2756 1206 2813 senatus
1304 2797 1308 2807 .

61 2857 88 2924 de
109 2863 333 2929 surrrmouendo
361 2882 399 2927 eo
428 2862 631 2943 deliberaret,
670 2871 762 2946 pater
791 2861 861 2927 eius
890 2860 1012 2924 Fabius
1046 2859 1205 2921 Maximus

33 2967 242 3052 llignominiam
271 2974 329 3039 filii
358 2972 548 3058 deprecatus
577 2973 718 3056 legatum
747 2992 782 3037 se
812 2972 878 3034 lilio
908 2970 1024 3033 iturum
1049 2970 1130 3032 ultro
1154 2966 1208 3030 ob·

61 3081 119 3165 tulit,
140 3083 167 3149 si
187 3084 235 3149 illi
258 3083 474 3168 depellendae
497 3083 694 3166 ignorariniae
716 3092 747 3146 et
769 3079 904 3164 gerendi
926 3080 1039 3144 iterurm
1063 3077 1140 3144 belli
1164 3077 1207 3141 sa-

59 3192 138 3259 eultas
159 3193 298 3259 claretur.
343 3214 407 3277 qua
429 3194 600 3279 impetrata
634 3193 819 3276 proelioque
842 3196 990 3256 conserto
1013 3208 1083 3253 eum
1101 3187 1206 3253 sirliito

57 3313 229 3384 pugnantem
253 3304 353 3368 filium
376 3304 539 3370 consulem
561 3303 730 3368 insistente
756 3303 871 3366 Pontio
886 3302 1102 3368 Saninitarnm
1127 3297 1207 3362 clueo

57 3409 159 3480 iniustis
179 3414 320 3480 bostium
342 3415 416 3480 telis
442 3414 625 3479 conclusum
656 3413 790 3494 uideret,
814 3413 847 3476 in
868 3410 1009 3477 inedium
1033 3430 1068 3475 se
1091 3426 1207 3489 agmen

27 3520 112 3603 tpius
138 3543 237 3589 senex
265 3544 348 3607 erpuo
376 3531 488 3591 neotus
517 3524 662 3607 ingessit.
706 3544 768 3606 quo
801 3522 883 3587 laeto
913 3521 1049 3606 permoti
1071 3516 1207 3583 ltoumni

54 3640 105 3697 tote
125 3634 166 3698 ibi
190 3634 363 3700 incubuere
393 3634 463 3700 acie
506 3633 608 3699 donee
637 3634 742 3718 ipsum
772 3632 884 3698 ducem
915 3632 1062 3696 Pontium
1101 3628 1207 3694 deleto

54 3738 142 3809 hostili
166 3745 309 3810 exercitu
332 3745 450 3809 nictum
474 3764 728 3829 oppressumque
751 3750 913 3826 repserunt.
958 3761 1053 3808 caesa
1078 3739 1208 3806 suntin

53 3869 82 3915 a»
100 3856 219 3938 proelio
235 3855 415 3921 Samnitum
438 3855 554 3939 uiginti
577 3854 675 3932 inilia,
700 3861 794 3937 capta
817 3860 924 3918 auteur
948 3861 1096 3936 quattuor·
1119 3850 1209 3914 milia

51 3979 107 4027 euru
128 3984 202 4048 rege
227 3985 285 4030 suo
315 3966 516 4050 plurimaque
546 3963 693 4051 oppida.)
738 3963 854 4029 deinde
883 3963 1016 4029 Publius
1039 3961 1209 4026 Cornelius

16 4070 168 4140 ilduinus
197 4075 325 4142 llarcus
355 4075 470 4142 Curius
498 4077 656 4141 Dentatus
694 4074 789 4139 aurbo
825 4074 972 4139 consules
1013 4078 1122 4136 contra
1154 4069 1210 4133 Sa·

50 4214 341 4233 “““-·----ι

110 4307 115 4354 Ι
141 4310 197 4357 tam
223 4320 275 4358 oar.
293 4302 319 4356 Ι]
370 4300 516 4357 tolerabilis
546 4300 722 4370 petulentiam
750 4303 782 4352 11¹
867 4297 1076 4369 3lybrllmosl)
1147 4311 1210 4350 con·

48 4391 153 4450 lolcnrnt
178 4396 212 4452 D*
247 4396 391 4451 muebntur
410 4397 442 4446 11¹
527 4393 695 4464 lepydauro
721 4393 867 4463 eleolaprul
889 4393 915 4447 I)
995 4387 1211 4462 bepydaurnl)

49 4491 62 4540 a
88 4490 256 4544 tauerhaculo
287 4487 326 4543 12⁴
429 4487 582 4542 beolleeto
619 4486 658 4551 D,
701 4486 802 4542 erraend.
842 4485 973 4541 Pithoeus
1094 4491 1123 4538 111
1155 4499 1210 4536 am·

49 4581 101 4647 ruri
125 4582 149 4637 Ι)
243 4587 270 4636 11
297 4580 414 4636 delendo
436 4579 465 4635 θ’
552 4580 677 4650 escolapu
701 4580 727 4634 b
832 4584 861 4633 13
885 4595 982 4633 rrauem
1015 4581 1042 4634 iu
1061 4595 1114 4632 ros.
1140 4574 1212 4629 iul)

47 4674 150 4742 trierim
175 4679 201 4729 Ι)
307 4680 336 4729 11
362 4691 390 4728 m
413 4680 477 4728 aaa
501 4674 612 4729 insulam
630 4691 681 4726 oua
700 4673 726 4727 Ι)
832 4677 860 4726 16
886 4673 956 4726 nrala
983 4671 1009 4726 B
1094 4675 1125 4724 12
1151 4687 1213 4738 prp-

47 4766 145 4836 lopo
228 4772 262 4824 23
288 4768 420 4823 conlolem
443 4767 469 4821 1)
556 4772 587 4821 25
606 4774 728 4836 permota
745 4765 777 4821 θ’
882 4771 913 4820 ti
934 4754 1052 4821 exercuit
1073 4768 1097 4817 1)
1181 4768 1213 4817 30

47 4858 181 4916 lrnnulB
