<?xml version="1.0" encoding="UTF-8"?>
<!DOCTYPE html PUBLIC "-//W3C//DTD XHTML 1.0 Transitional//EN"
    "http://www.w3.org/TR/xhtml1/DTD/xhtml1-transitional.dtd">
<html xmlns="http://www.w3.org/1999/xhtml" xml:lang="en" lang="en">
 <head>
  <title>
</title>
<meta http-equiv="Content-Type" content="text/html;charset=utf-8" />
  <meta name='ocr-system' content='tesseract 3.04.00' />
  <meta name='ocr-capabilities' content='ocr_page ocr_carea ocr_par ocr_line ocrx_word'/>
</head>
<body>
  <div class='ocr_page' id='page_1' title='image "./historiamiscell00sagagoog_0420.png"; bbox 0 0 2834 5394; ppageno 0'>
   <div class='ocr_carea' id='block_1_1' title="bbox 168 288 860 352">
    <p class='ocr_par' dir='ltr' id='par_1_1' title="bbox 168 288 860 352">
     <span class='ocr_line' id='line_1_1' title="bbox 168 288 860 352; baseline -0.007 -1"><span class='ocrx_word' id='word_1_1' title='bbox 168 288 232 352; x_wconf 72' lang='lat'><strong>406</strong></span> <span class='ocrx_word' id='word_1_2' title='bbox 644 299 738 349; x_wconf 75' lang='lat' dir='ltr'><strong>emar</strong></span> <span class='ocrx_word' id='word_1_3' title='bbox 759 297 860 347; x_wconf 88' lang='lat' dir='ltr'><strong>xvun</strong></span> 
     </span>
    </p>
   </div>
   <div class='ocr_carea' id='block_1_2' title="bbox 9 449 1396 3944">
    <p class='ocr_par' dir='ltr' id='par_1_2' title="bbox 160 449 1396 2078">
     <span class='ocr_line' id='line_1_2' title="bbox 164 449 1344 536; baseline -0.003 -16"><span class='ocrx_word' id='word_1_4' title='bbox 164 452 294 522; x_wconf 83' lang='lat' dir='ltr'><strong>Priscus</strong></span> <span class='ocrx_word' id='word_1_5' title='bbox 316 459 424 519; x_wconf 88' lang='lat' dir='ltr'><strong>autem</strong></span> <span class='ocrx_word' id='word_1_6' title='bbox 447 451 672 534; x_wconf 78' lang='lat' dir='ltr'><strong>excusabatur,</strong></span> <span class='ocrx_word' id='word_1_7' title='bbox 703 449 790 536; x_wconf 84' lang='lat' dir='ltr'><strong>quod</strong></span> <span class='ocrx_word' id='word_1_8' title='bbox 811 471 876 518; x_wconf 90' lang='lat' dir='ltr'><strong>nou</strong></span> <span class='ocrx_word' id='word_1_9' title='bbox 898 451 1024 518; x_wconf 91' lang='lat' dir='ltr'><strong>uenerit</strong></span> <span class='ocrx_word' id='word_1_10' title='bbox 1045 450 1204 519; x_wconf 85' lang='lat' dir='ltr'><strong>aduersus</strong></span> <span class='ocrx_word' id='word_1_11' title='bbox 1227 451 1344 518; x_wconf 86' lang='lat' dir='ltr'><strong>barba-</strong></span> 
     </span>
     <span class='ocr_line' id='line_1_3' title="bbox 164 560 1344 648; baseline 0 -19"><span class='ocrx_word' id='word_1_12' title='bbox 164 581 219 631; x_wconf 89' lang='lat' dir='ltr'><strong>ros</strong></span> <span class='ocrx_word' id='word_1_13' title='bbox 239 562 464 648; x_wconf 83' lang='lat' dir='ltr'><strong>belligeratum</strong></span> <span class='ocrx_word' id='word_1_14' title='bbox 487 560 547 630; x_wconf 91' lang='lat' dir='ltr'><strong>sed</strong></span> <span class='ocrx_word' id='word_1_15' title='bbox 568 560 656 646; x_wconf 89' lang='lat' dir='ltr'><strong>quod</strong></span> <span class='ocrx_word' id='word_1_16' title='bbox 677 560 721 627; x_wconf 87' lang='lat' dir='ltr'><strong>ad</strong></span> <span class='ocrx_word' id='word_1_17' title='bbox 735 561 959 629; x_wconf 85' lang='lat' dir='ltr'><strong>Sclauinorum</strong></span> <span class='ocrx_word' id='word_1_18' title='bbox 981 561 1129 630; x_wconf 89' lang='lat' dir='ltr'><strong>nationes</strong></span> <span class='ocrx_word' id='word_1_19' title='bbox 1151 581 1173 628; x_wconf 84' lang='lat' dir='ltr'><strong>a</strong></span> <span class='ocrx_word' id='word_1_20' title='bbox 1193 560 1344 647; x_wconf 76' lang='lat' dir='ltr'><strong>principe</strong></span> 
     </span>
     <span class='ocr_line' id='line_1_4' title="bbox 164 670 1342 756; baseline -0.001 -17"><span class='ocrx_word' id='word_1_21' title='bbox 164 672 260 739; x_wconf 79' lang='lat' dir='ltr'><strong>luerit</strong></span> <span class='ocrx_word' id='word_1_22' title='bbox 294 673 486 741; x_wconf 84' lang='lat' dir='ltr'><strong>destinatus.</strong></span> <span class='ocrx_word' id='word_1_23' title='bbox 530 670 667 739; x_wconf 84' lang='lat' dir='ltr'><strong>audiens</strong></span> <span class='ocrx_word' id='word_1_24' title='bbox 703 680 811 737; x_wconf 89' lang='lat' dir='ltr'><strong>autem</strong></span> <span class='ocrx_word' id='word_1_25' title='bbox 849 672 978 739; x_wconf 84' lang='lat' dir='ltr'><strong>Priscus</strong></span> <span class='ocrx_word' id='word_1_26' title='bbox 1015 671 1101 756; x_wconf 89' lang='lat' dir='ltr'><strong>quod</strong></span> <span class='ocrx_word' id='word_1_27' title='bbox 1136 671 1342 756; x_wconf 84' lang='lat' dir='ltr'><strong>Ardagastus</strong></span> 
     </span>
     <span class='ocr_line' id='line_1_5' title="bbox 163 781 1341 866; baseline 0 -17"><span class='ocrx_word' id='word_1_28' title='bbox 163 781 385 851; x_wconf 79' lang='lat' dir='ltr'><strong>multitudines</strong></span> <span class='ocrx_word' id='word_1_29' title='bbox 401 783 627 851; x_wconf 88' lang='lat' dir='ltr'><strong>Sclauinorum</strong></span> <span class='ocrx_word' id='word_1_30' title='bbox 648 781 692 847; x_wconf 91' lang='lat' dir='ltr'><strong>ad</strong></span> <span class='ocrx_word' id='word_1_31' title='bbox 714 781 937 866; x_wconf 88' lang='lat' dir='ltr'><strong>praedanduru</strong></span> <span class='ocrx_word' id='word_1_32' title='bbox 952 782 1152 866; x_wconf 83' lang='lat' dir='ltr'><strong>disperserit,</strong></span> <span class='ocrx_word' id='word_1_33' title='bbox 1174 783 1341 849; x_wconf 88' lang='lat' dir='ltr'><strong>transiens</strong></span> 
     </span>
     <span class='ocr_line' id='line_1_6' title="bbox 164 886 1375 978; baseline -0.007 -17"><span class='ocrx_word' id='word_1_34' title='bbox 164 893 309 962; x_wconf 86' lang='lat' dir='ltr'><strong>Histrum</strong></span> <span class='ocrx_word' id='word_1_35' title='bbox 339 892 447 959; x_wconf 88' lang='lat' dir='ltr'><strong>media</strong></span> <span class='ocrx_word' id='word_1_36' title='bbox 475 886 568 959; x_wconf 86' lang='lat' dir='ltr'><strong>noete</strong></span> <span class='ocrx_word' id='word_1_37' title='bbox 597 892 763 978; x_wconf 85' lang='lat' dir='ltr'><strong>inopinate</strong></span> <span class='ocrx_word' id='word_1_38' title='bbox 786 891 968 975; x_wconf 70' lang='lat' dir='ltr'><strong>ardagasto</strong></span> <span class='ocrx_word' id='word_1_39' title='bbox 992 892 1181 958; x_wconf 88' lang='lat' dir='ltr'><strong>coniunctus</strong></span> <span class='ocrx_word' id='word_1_40' title='bbox 1204 899 1264 959; x_wconf 89' lang='lat' dir='ltr'><strong>est.</strong></span> <span class='ocrx_word' id='word_1_41' title='bbox 1309 903 1375 959; x_wconf 78' lang='lat' dir='ltr'><strong>ets</strong></span> 
     </span>
     <span class='ocr_line' id='line_1_7' title="bbox 164 1001 1343 1087; baseline 0 -19"><span class='ocrx_word' id='word_1_42' title='bbox 164 1023 243 1070; x_wconf 90' lang='lat' dir='ltr'><strong>uero</strong></span> <span class='ocrx_word' id='word_1_43' title='bbox 264 1002 468 1085; x_wconf 61' lang='lat' dir='ltr'><strong>hrcle-gastus</strong></span> <span class='ocrx_word' id='word_1_44' title='bbox 501 1002 687 1069; x_wconf 77' lang='lat' dir='ltr'><strong>discrimine</strong></span> <span class='ocrx_word' id='word_1_45' title='bbox 719 1022 817 1069; x_wconf 89' lang='lat' dir='ltr'><strong>senso</strong></span> <span class='ocrx_word' id='word_1_46' title='bbox 851 1001 972 1068; x_wconf 87' lang='lat' dir='ltr'><strong>nudum</strong></span> <span class='ocrx_word' id='word_1_47' title='bbox 1006 1002 1188 1069; x_wconf 88' lang='lat' dir='ltr'><strong>ascendens</strong></span> <span class='ocrx_word' id='word_1_48' title='bbox 1222 1022 1343 1087; x_wconf 89' lang='lat' dir='ltr'><strong>equum</strong></span> 
     </span>
     <span class='ocr_line' id='line_1_8' title="bbox 164 1112 1342 1197; baseline -0.001 -18"><span class='ocrx_word' id='word_1_49' title='bbox 164 1112 222 1179; x_wconf 86' lang='lat' dir='ltr'><strong>uix</strong></span> <span class='ocrx_word' id='word_1_50' title='bbox 243 1112 353 1179; x_wconf 88' lang='lat' dir='ltr'><strong>saluus</strong></span> <span class='ocrx_word' id='word_1_51' title='bbox 377 1112 492 1179; x_wconf 89' lang='lat' dir='ltr'><strong>euasit.</strong></span> <span class='ocrx_word' id='word_1_52' title='bbox 537 1112 738 1197; x_wconf 88' lang='lat' dir='ltr'><strong>Romanique</strong></span> <span class='ocrx_word' id='word_1_53' title='bbox 759 1112 1019 1180; x_wconf 88' lang='lat' dir='ltr'><strong>multitudinibus</strong></span> <span class='ocrx_word' id='word_1_54' title='bbox 1042 1113 1268 1178; x_wconf 86' lang='lat' dir='ltr'><strong>Sclauinorum</strong></span> <span class='ocrx_word' id='word_1_55' title='bbox 1291 1133 1342 1178; x_wconf 90' lang='lat' dir='ltr'><strong>oc·</strong></span> 
     </span>
     <span class='ocr_line' id='line_1_9' title="bbox 162 1220 1341 1308; baseline -0.001 -20"><span class='ocrx_word' id='word_1_56' title='bbox 162 1221 240 1289; x_wconf 79' lang='lat' dir='ltr'><strong>eisin</strong></span> <span class='ocrx_word' id='word_1_57' title='bbox 269 1229 301 1288; x_wconf 92' lang='lat' dir='ltr'><strong>et</strong></span> <span class='ocrx_word' id='word_1_58' title='bbox 324 1220 497 1305; x_wconf 67' lang='lat' dir='ltr'><strong>ardagasti</strong></span> <span class='ocrx_word' id='word_1_59' title='bbox 526 1223 657 1307; x_wconf 87' lang='lat' dir='ltr'><strong>regione</strong></span> <span class='ocrx_word' id='word_1_60' title='bbox 686 1242 802 1289; x_wconf 91' lang='lat' dir='ltr'><strong>euersa</strong></span> <span class='ocrx_word' id='word_1_61' title='bbox 834 1222 989 1307; x_wconf 87' lang='lat' dir='ltr'><strong>praedam</strong></span> <span class='ocrx_word' id='word_1_62' title='bbox 1018 1223 1182 1306; x_wconf 87' lang='lat' dir='ltr'><strong>copiosam</strong></span> <span class='ocrx_word' id='word_1_63' title='bbox 1211 1232 1341 1308; x_wconf 84' lang='lat' dir='ltr'><strong>captam</strong></span> 
     </span>
     <span class='ocr_line' id='line_1_10' title="bbox 162 1331 1343 1418; baseline 0.001 -21"><span class='ocrx_word' id='word_1_64' title='bbox 162 1331 354 1418; x_wconf 78' lang='lat' dir='ltr'><strong>Byzantium</strong></span> <span class='ocrx_word' id='word_1_65' title='bbox 388 1352 446 1418; x_wconf 90' lang='lat' dir='ltr'><strong>pcr</strong></span> <span class='ocrx_word' id='word_1_66' title='bbox 477 1336 681 1400; x_wconf 80' lang='lat' dir='ltr'><strong>Tutemerem</strong></span> <span class='ocrx_word' id='word_1_67' title='bbox 713 1331 913 1399; x_wconf 83' lang='lat' dir='ltr'><strong>direxerunt.</strong></span> <span class='ocrx_word' id='word_1_68' title='bbox 958 1353 1053 1417; x_wconf 89' lang='lat' dir='ltr'><strong>porro</strong></span> <span class='ocrx_word' id='word_1_69' title='bbox 1086 1352 1157 1397; x_wconf 90' lang='lat' dir='ltr'><strong>curn</strong></span> <span class='ocrx_word' id='word_1_70' title='bbox 1189 1334 1343 1398; x_wconf 82' lang='lat' dir='ltr'><strong>&#39;latemer</strong></span> 
     </span>
     <span class='ocr_line' id='line_1_11' title="bbox 160 1440 1396 1527; baseline -0.008 -17"><span class='ocrx_word' id='word_1_71' title='bbox 160 1440 332 1527; x_wconf 87' lang='lat' dir='ltr'><strong>expeditus</strong></span> <span class='ocrx_word' id='word_1_72' title='bbox 351 1443 549 1510; x_wconf 84' lang='lat' dir='ltr'><strong>iterfaciens</strong></span> <span class='ocrx_word' id='word_1_73' title='bbox 564 1442 712 1509; x_wconf 81' lang='lat' dir='ltr'><strong>ebrietati</strong></span> <span class='ocrx_word' id='word_1_74' title='bbox 728 1450 825 1527; x_wconf 81' lang='lat' dir='ltr'><strong>atque</strong></span> <span class='ocrx_word' id='word_1_75' title='bbox 841 1441 966 1510; x_wconf 86' lang='lat' dir='ltr'><strong>deliciis</strong></span> <span class='ocrx_word' id='word_1_76' title='bbox 985 1462 1057 1510; x_wconf 89' lang='lat' dir='ltr'><strong>sese</strong></span> <span class='ocrx_word' id='word_1_77' title='bbox 1076 1441 1228 1523; x_wconf 88' lang='lat' dir='ltr'><strong>traderet,</strong></span> <span class='ocrx_word' id='word_1_78' title='bbox 1251 1442 1342 1508; x_wconf 87' lang='lat' dir='ltr'><strong>Scla—</strong></span> <span class='ocrx_word' id='word_1_79' title='bbox 1368 1451 1396 1501; x_wconf 83' lang='lat' dir='ltr'><strong>ro</strong></span> 
     </span>
     <span class='ocr_line' id='line_1_12' title="bbox 166 1550 1342 1638; baseline 0.003 -21"><span class='ocrx_word' id='word_1_80' title='bbox 166 1550 314 1619; x_wconf 80' lang='lat' dir='ltr'><strong>uinorun</strong></span> <span class='ocrx_word' id='word_1_81' title='bbox 337 1554 371 1619; x_wconf 90' lang='lat' dir='ltr'><strong>in</strong></span> <span class='ocrx_word' id='word_1_82' title='bbox 393 1572 467 1619; x_wconf 91' lang='lat' dir='ltr'><strong>eum</strong></span> <span class='ocrx_word' id='word_1_83' title='bbox 490 1552 713 1620; x_wconf 81' lang='lat' dir='ltr'><strong>multitudines</strong></span> <span class='ocrx_word' id='word_1_84' title='bbox 744 1554 878 1618; x_wconf 90' lang='lat' dir='ltr'><strong>irruunt.</strong></span> <span class='ocrx_word' id='word_1_85' title='bbox 923 1555 978 1637; x_wconf 92' lang='lat' dir='ltr'><strong>qui</strong></span> <span class='ocrx_word' id='word_1_86' title='bbox 1007 1553 1177 1619; x_wconf 86' lang='lat' dir='ltr'><strong>formidine</strong></span> <span class='ocrx_word' id='word_1_87' title='bbox 1207 1572 1342 1638; x_wconf 87' lang='lat' dir='ltr'><strong>pressus</strong></span> 
     </span>
     <span class='ocr_line' id='line_1_13' title="bbox 164 1661 1341 1749; baseline 0.001 -21"><span class='ocrx_word' id='word_1_88' title='bbox 164 1661 319 1746; x_wconf 79' lang='lat' dir='ltr'><strong>fugiendo</strong></span> <span class='ocrx_word' id='word_1_89' title='bbox 341 1664 533 1749; x_wconf 80' lang='lat' dir='ltr'><strong>Byzantium</strong></span> <span class='ocrx_word' id='word_1_90' title='bbox 557 1664 655 1729; x_wconf 92' lang='lat' dir='ltr'><strong>uenit.</strong></span> <span class='ocrx_word' id='word_1_91' title='bbox 700 1670 751 1729; x_wconf 89' lang='lat' dir='ltr'><strong>ast</strong></span> <span class='ocrx_word' id='word_1_92' title='bbox 772 1663 909 1728; x_wconf 88' lang='lat' dir='ltr'><strong>Romani</strong></span> <span class='ocrx_word' id='word_1_93' title='bbox 938 1663 992 1748; x_wconf 91' lang='lat' dir='ltr'><strong>qni</strong></span> <span class='ocrx_word' id='word_1_94' title='bbox 1015 1683 1086 1728; x_wconf 83' lang='lat' dir='ltr'><strong>curu</strong></span> <span class='ocrx_word' id='word_1_95' title='bbox 1109 1664 1181 1747; x_wconf 88' lang='lat' dir='ltr'><strong>ipso</strong></span> <span class='ocrx_word' id='word_1_96' title='bbox 1203 1664 1341 1746; x_wconf 85' lang='lat' dir='ltr'><strong>fucrant,</strong></span> 
     </span>
     <span class='ocr_line' id='line_1_14' title="bbox 164 1770 1342 1857; baseline 0.003 -21"><span class='ocrx_word' id='word_1_97' title='bbox 164 1770 274 1839; x_wconf 85' lang='lat' dir='ltr'><strong>aalide</strong></span> <span class='ocrx_word' id='word_1_98' title='bbox 296 1772 459 1840; x_wconf 86' lang='lat' dir='ltr'><strong>Sclauinis</strong></span> <span class='ocrx_word' id='word_1_99' title='bbox 482 1773 600 1840; x_wconf 80' lang='lat' dir='ltr'><strong>infensi</strong></span> <span class='ocrx_word' id='word_1_100' title='bbox 623 1774 771 1857; x_wconf 87' lang='lat' dir='ltr'><strong>optinent</strong></span> <span class='ocrx_word' id='word_1_101' title='bbox 791 1773 1028 1857; x_wconf 85' lang='lat' dir='ltr'><strong>gloriosissime</strong></span> <span class='ocrx_word' id='word_1_102' title='bbox 1050 1773 1207 1838; x_wconf 89' lang='lat' dir='ltr'><strong>barbaros</strong></span> <span class='ocrx_word' id='word_1_103' title='bbox 1230 1780 1262 1838; x_wconf 90' lang='lat' dir='ltr'><strong>et</strong></span> <span class='ocrx_word' id='word_1_104' title='bbox 1292 1792 1342 1839; x_wconf 88' lang='lat' dir='ltr'><strong>ca·</strong></span> 
     </span>
     <span class='ocr_line' id='line_1_15' title="bbox 164 1880 1342 1967; baseline 0.001 -20"><span class='ocrx_word' id='word_1_105' title='bbox 164 1880 346 1964; x_wconf 85' lang='lat' dir='ltr'><strong>ptiuitatem</strong></span> <span class='ocrx_word' id='word_1_106' title='bbox 369 1883 494 1949; x_wconf 86' lang='lat' dir='ltr'><strong>saluam</strong></span> <span class='ocrx_word' id='word_1_107' title='bbox 516 1882 702 1967; x_wconf 88' lang='lat' dir='ltr'><strong>imperatori</strong></span> <span class='ocrx_word' id='word_1_108' title='bbox 724 1890 945 1967; x_wconf 86' lang='lat' dir='ltr'><strong>praesentant.</strong></span> <span class='ocrx_word' id='word_1_109' title='bbox 992 1883 1047 1965; x_wconf 91' lang='lat' dir='ltr'><strong>qui</strong></span> <span class='ocrx_word' id='word_1_110' title='bbox 1075 1884 1215 1950; x_wconf 88' lang='lat' dir='ltr'><strong>laetatus</strong></span> <span class='ocrx_word' id='word_1_111' title='bbox 1243 1885 1342 1967; x_wconf 84' lang='lat' dir='ltr'><strong>groti·</strong></span> 
     </span>
     <span class='ocr_line' id='line_1_16' title="bbox 167 1988 1389 2078; baseline 0.006 -25"><span class='ocrx_word' id='word_1_112' title='bbox 167 1988 245 2057; x_wconf 80' lang='lat' dir='ltr'><strong>ticos</strong></span> <span class='ocrx_word' id='word_1_113' title='bbox 268 1990 328 2056; x_wconf 91' lang='lat' dir='ltr'><strong>deo</strong></span> <span class='ocrx_word' id='word_1_114' title='bbox 352 1990 489 2076; x_wconf 86' lang='lat' dir='ltr'><strong>hymnos</strong></span> <span class='ocrx_word' id='word_1_115' title='bbox 512 2012 577 2057; x_wconf 88' lang='lat' dir='ltr'><strong>una</strong></span> <span class='ocrx_word' id='word_1_116' title='bbox 599 2012 671 2057; x_wconf 88' lang='lat' dir='ltr'><strong>curn</strong></span> <span class='ocrx_word' id='word_1_117' title='bbox 692 2000 761 2059; x_wconf 87' lang='lat' dir='ltr'><strong>tota</strong></span> <span class='ocrx_word' id='word_1_118' title='bbox 782 1994 897 2078; x_wconf 87' lang='lat' dir='ltr'><strong>optulit</strong></span> <span class='ocrx_word' id='word_1_119' title='bbox 919 1992 1008 2059; x_wconf 88' lang='lat' dir='ltr'><strong>urbe.</strong></span> <span class='ocrx_word' id='word_1_120' title='bbox 1361 2000 1389 2050; x_wconf 83' lang='lat'><strong>15</strong></span> 
     </span>
    </p>

    <p class='ocr_par' dir='ltr' id='par_1_3' title="bbox 9 2096 1388 3392">
     <span class='ocr_line' id='line_1_17' title="bbox 9 2096 1341 2188; baseline 0.003 -22"><span class='ocrx_word' id='word_1_121' title='bbox 9 2096 176 2166; x_wconf 80' lang='lat' dir='ltr'>XXVIIII</span> <span class='ocrx_word' id='word_1_122' title='bbox 255 2100 386 2167; x_wconf 86' lang='lat' dir='ltr'><strong>Priscus</strong></span> <span class='ocrx_word' id='word_1_123' title='bbox 408 2121 486 2167; x_wconf 91' lang='lat' dir='ltr'><strong>uero</strong></span> <span class='ocrx_word' id='word_1_124' title='bbox 508 2100 627 2167; x_wconf 86' lang='lat' dir='ltr'><strong>fiducia</strong></span> <span class='ocrx_word' id='word_1_125' title='bbox 648 2103 748 2169; x_wconf 85' lang='lat' dir='ltr'><strong>fretus</strong></span> <span class='ocrx_word' id='word_1_126' title='bbox 770 2103 812 2168; x_wconf 84' lang='lat' dir='ltr'><strong>ad</strong></span> <span class='ocrx_word' id='word_1_127' title='bbox 835 2103 1006 2169; x_wconf 89' lang='lat' dir='ltr'><strong>interiores</strong></span> <span class='ocrx_word' id='word_1_128' title='bbox 1021 2104 1245 2169; x_wconf 84' lang='lat' dir='ltr'><strong>Sclauinorum</strong></span> <span class='ocrx_word' id='word_1_129' title='bbox 1268 2125 1341 2188; x_wconf 88' lang='lat' dir='ltr'><strong>par·</strong></span> 
     </span>
     <span class='ocr_line' id='line_1_18' title="bbox 164 2208 1341 2296; baseline 0.005 -21"><span class='ocrx_word' id='word_1_130' title='bbox 164 2216 214 2277; x_wconf 91' lang='lat' dir='ltr'><strong>tes</strong></span> <span class='ocrx_word' id='word_1_131' title='bbox 241 2210 387 2277; x_wconf 89' lang='lat' dir='ltr'><strong>accessit.</strong></span> <span class='ocrx_word' id='word_1_132' title='bbox 432 2208 533 2295; x_wconf 83' lang='lat' dir='ltr'><strong>Gipes</strong></span> <span class='ocrx_word' id='word_1_133' title='bbox 561 2219 668 2279; x_wconf 90' lang='lat' dir='ltr'><strong>autem</strong></span> <span class='ocrx_word' id='word_1_134' title='bbox 697 2213 748 2278; x_wconf 88' lang='lat' dir='ltr'><strong>uir</strong></span> <span class='ocrx_word' id='word_1_135' title='bbox 770 2212 975 2279; x_wconf 82' lang='lat' dir='ltr'><strong>Christianae</strong></span> <span class='ocrx_word' id='word_1_136' title='bbox 1005 2213 1172 2296; x_wconf 84' lang='lat' dir='ltr'><strong>religionis</strong></span> <span class='ocrx_word' id='word_1_137' title='bbox 1203 2214 1341 2281; x_wconf 82' lang='lat' dir='ltr'><strong>transiu-</strong></span> 
     </span>
     <span class='ocr_line' id='line_1_19' title="bbox 163 2319 1340 2405; baseline 0.004 -18"><span class='ocrx_word' id='word_1_138' title='bbox 163 2320 258 2405; x_wconf 80' lang='lat' dir='ltr'><strong>gIens</strong></span> <span class='ocrx_word' id='word_1_139' title='bbox 280 2319 321 2386; x_wconf 85' lang='lat' dir='ltr'><strong>ad</strong></span> <span class='ocrx_word' id='word_1_140' title='bbox 344 2323 507 2388; x_wconf 87' lang='lat' dir='ltr'><strong>Romanos</strong></span> <span class='ocrx_word' id='word_1_141' title='bbox 530 2327 563 2387; x_wconf 92' lang='lat' dir='ltr'><strong>et</strong></span> <span class='ocrx_word' id='word_1_142' title='bbox 584 2323 766 2405; x_wconf 79' lang='lat' dir='ltr'><strong>ingressum</strong></span> <span class='ocrx_word' id='word_1_143' title='bbox 787 2323 942 2389; x_wconf 87' lang='lat' dir='ltr'><strong>Romanis</strong></span> <span class='ocrx_word' id='word_1_144' title='bbox 965 2323 1106 2390; x_wconf 90' lang='lat' dir='ltr'><strong>ostendit</strong></span> <span class='ocrx_word' id='word_1_145' title='bbox 1128 2332 1160 2388; x_wconf 89' lang='lat' dir='ltr'><strong>ct</strong></span> <span class='ocrx_word' id='word_1_146' title='bbox 1181 2323 1340 2392; x_wconf 86' lang='lat' dir='ltr'><strong>barbaros</strong></span> 
     </span>
     <span class='ocr_line' id='line_1_20' title="bbox 163 2430 1339 2517; baseline 0.003 -19"><span class='ocrx_word' id='word_1_147' title='bbox 163 2432 275 2498; x_wconf 84' lang='lat' dir='ltr'><strong>tenuit.</strong></span> <span class='ocrx_word' id='word_1_148' title='bbox 319 2432 429 2516; x_wconf 89' lang='lat' dir='ltr'><strong>itaque</strong></span> <span class='ocrx_word' id='word_1_149' title='bbox 450 2430 587 2516; x_wconf 85' lang='lat' dir='ltr'><strong>Gipedis</strong></span> <span class='ocrx_word' id='word_1_150' title='bbox 616 2432 796 2517; x_wconf 89' lang='lat' dir='ltr'><strong>proditione</strong></span> <span class='ocrx_word' id='word_1_151' title='bbox 818 2432 1025 2500; x_wconf 78' lang='lat' dir='ltr'><strong>transfretato</strong></span> <span class='ocrx_word' id='word_1_152' title='bbox 1054 2433 1186 2499; x_wconf 84' lang='lat' dir='ltr'><strong>flumine</strong></span> <span class='ocrx_word' id='word_1_153' title='bbox 1208 2434 1339 2502; x_wconf 85' lang='lat' dir='ltr'><strong>Priscus</strong></span> 
     </span>
     <span class='ocr_line' id='line_1_21' title="bbox 163 2540 1388 2626; baseline -0.002 -20"><span class='ocrx_word' id='word_1_154' title='bbox 163 2540 272 2609; x_wconf 89' lang='lat' dir='ltr'><strong>media</strong></span> <span class='ocrx_word' id='word_1_155' title='bbox 303 2549 396 2608; x_wconf 92' lang='lat' dir='ltr'><strong>nocte</strong></span> <span class='ocrx_word' id='word_1_156' title='bbox 429 2543 571 2626; x_wconf 89' lang='lat' dir='ltr'><strong>repperit</strong></span> <span class='ocrx_word' id='word_1_157' title='bbox 597 2542 770 2610; x_wconf 88' lang='lat' dir='ltr'><strong>hlusatium</strong></span> <span class='ocrx_word' id='word_1_158' title='bbox 800 2543 1008 2609; x_wconf 88' lang='lat' dir='ltr'><strong>barbarorum</strong></span> <span class='ocrx_word' id='word_1_159' title='bbox 1043 2563 1151 2625; x_wconf 85' lang='lat' dir='ltr'><strong>regern</strong></span> <span class='ocrx_word' id='word_1_160' title='bbox 1182 2542 1340 2611; x_wconf 86' lang='lat' dir='ltr'><strong>ebrietate</strong></span> <span class='ocrx_word' id='word_1_161' title='bbox 1355 2552 1388 2604; x_wconf 72' lang='lat' dir='ltr'><strong>sc</strong></span> 
     </span>
     <span class='ocr_line' id='line_1_22' title="bbox 165 2648 1340 2737; baseline 0.002 -21"><span class='ocrx_word' id='word_1_162' title='bbox 165 2659 363 2736; x_wconf 78' lang='lat' dir='ltr'><strong>corruptum3</strong></span> <span class='ocrx_word' id='word_1_163' title='bbox 401 2652 568 2718; x_wconf 82' lang='lat' dir='ltr'><strong>funebrem</strong></span> <span class='ocrx_word' id='word_1_164' title='bbox 592 2653 711 2737; x_wconf 87' lang='lat' dir='ltr'><strong>quippe</strong></span> <span class='ocrx_word' id='word_1_165' title='bbox 733 2648 855 2737; x_wconf 87' lang='lat' dir='ltr'><strong>proprii</strong></span> <span class='ocrx_word' id='word_1_166' title='bbox 877 2653 985 2719; x_wconf 78' lang='lat' dir='ltr'><strong>fratris</strong></span> <span class='ocrx_word' id='word_1_167' title='bbox 1008 2654 1194 2718; x_wconf 86' lang='lat' dir='ltr'><strong>celebrabat</strong></span> <span class='ocrx_word' id='word_1_168' title='bbox 1216 2654 1340 2720; x_wconf 86' lang='lat' dir='ltr'><strong>festini·</strong></span> 
     </span>
     <span class='ocr_line' id='line_1_23' title="bbox 164 2761 1338 2848; baseline 0.004 -22"><span class='ocrx_word' id='word_1_169' title='bbox 164 2767 273 2827; x_wconf 82' lang='lat' dir='ltr'><strong>tatem.</strong></span> <span class='ocrx_word' id='word_1_170' title='bbox 328 2781 390 2844; x_wconf 85' lang='lat' dir='ltr'><strong>quo</strong></span> <span class='ocrx_word' id='word_1_171' title='bbox 420 2761 653 2845; x_wconf 87' lang='lat' dir='ltr'><strong>comprehenso</strong></span> <span class='ocrx_word' id='word_1_172' title='bbox 681 2763 756 2826; x_wconf 88' lang='lat' dir='ltr'><strong>uiuo</strong></span> <span class='ocrx_word' id='word_1_173' title='bbox 785 2761 917 2827; x_wconf 86' lang='lat' dir='ltr'><strong>caedem</strong></span> <span class='ocrx_word' id='word_1_174' title='bbox 946 2761 980 2826; x_wconf 93' lang='lat' dir='ltr'><strong>in</strong></span> <span class='ocrx_word' id='word_1_175' title='bbox 1009 2763 1157 2830; x_wconf 86' lang='lat' dir='ltr'><strong>barbaris</strong></span> <span class='ocrx_word' id='word_1_176' title='bbox 1187 2773 1338 2848; x_wconf 88' lang='lat' dir='ltr'><strong>operatus</strong></span> 
     </span>
     <span class='ocr_line' id='line_1_24' title="bbox 165 2869 1340 2957; baseline 0.003 -22"><span class='ocrx_word' id='word_1_177' title='bbox 165 2875 216 2937; x_wconf 94' lang='lat' dir='ltr'><strong>cst</strong></span> <span class='ocrx_word' id='word_1_178' title='bbox 244 2870 408 2954; x_wconf 87' lang='lat' dir='ltr'><strong>multaque</strong></span> <span class='ocrx_word' id='word_1_179' title='bbox 435 2869 558 2954; x_wconf 86' lang='lat' dir='ltr'><strong>praeda</strong></span> <span class='ocrx_word' id='word_1_180' title='bbox 584 2877 616 2936; x_wconf 92' lang='lat' dir='ltr'><strong>et</strong></span> <span class='ocrx_word' id='word_1_181' title='bbox 647 2871 778 2956; x_wconf 91' lang='lat' dir='ltr'><strong>copiosa</strong></span> <span class='ocrx_word' id='word_1_182' title='bbox 805 2880 901 2956; x_wconf 88' lang='lat' dir='ltr'><strong>capta</strong></span> <span class='ocrx_word' id='word_1_183' title='bbox 929 2873 1075 2938; x_wconf 85' lang='lat' dir='ltr'><strong>ebrietati</strong></span> <span class='ocrx_word' id='word_1_184' title='bbox 1104 2893 1176 2939; x_wconf 87' lang='lat' dir='ltr'><strong>sese</strong></span> <span class='ocrx_word' id='word_1_185' title='bbox 1199 2873 1340 2957; x_wconf 91' lang='lat' dir='ltr'><strong>produnt</strong></span> 
     </span>
     <span class='ocr_line' id='line_1_25' title="bbox 165 2980 1340 3065; baseline 0.002 -19"><span class='ocrx_word' id='word_1_186' title='bbox 165 2986 197 3046; x_wconf 90' lang='lat' dir='ltr'><strong>et</strong></span> <span class='ocrx_word' id='word_1_187' title='bbox 217 2982 379 3065; x_wconf 87' lang='lat' dir='ltr'><strong>crapulae.</strong></span> <span class='ocrx_word' id='word_1_188' title='bbox 423 2987 490 3045; x_wconf 89' lang='lat' dir='ltr'><strong>turn</strong></span> <span class='ocrx_word' id='word_1_189' title='bbox 513 2980 644 3045; x_wconf 84' lang='lat' dir='ltr'><strong>barbari</strong></span> <span class='ocrx_word' id='word_1_190' title='bbox 666 2982 847 3048; x_wconf 90' lang='lat' dir='ltr'><strong>coaceruati</strong></span> <span class='ocrx_word' id='word_1_191' title='bbox 871 2982 1046 3049; x_wconf 89' lang='lat' dir='ltr'><strong>uictoribus</strong></span> <span class='ocrx_word' id='word_1_192' title='bbox 1062 2984 1230 3048; x_wconf 86' lang='lat' dir='ltr'><strong>irnnrinent</strong></span> <span class='ocrx_word' id='word_1_193' title='bbox 1246 2985 1340 3051; x_wconf 86' lang='lat' dir='ltr'><strong>foret·</strong></span> 
     </span>
     <span class='ocr_line' id='line_1_26' title="bbox 166 3088 1388 3175; baseline 0.002 -22"><span class='ocrx_word' id='word_1_194' title='bbox 166 3108 229 3172; x_wconf 90' lang='lat' dir='ltr'><strong>que</strong></span> <span class='ocrx_word' id='word_1_195' title='bbox 264 3088 454 3155; x_wconf 86' lang='lat' dir='ltr'><strong>uicissitudo</strong></span> <span class='ocrx_word' id='word_1_196' title='bbox 493 3090 657 3173; x_wconf 85' lang='lat' dir='ltr'><strong>reciproca</strong></span> <span class='ocrx_word' id='word_1_197' title='bbox 686 3091 892 3175; x_wconf 84' lang='lat' dir='ltr'><strong>praecedenti</strong></span> <span class='ocrx_word' id='word_1_198' title='bbox 926 3092 1080 3158; x_wconf 84' lang='lat' dir='ltr'><strong>uirilitatc</strong></span> <span class='ocrx_word' id='word_1_199' title='bbox 1114 3093 1242 3160; x_wconf 78' lang='lat' dir='ltr'><strong>saculos</strong></span> <span class='ocrx_word' id='word_1_200' title='bbox 1274 3094 1338 3160; x_wconf 91' lang='lat' dir='ltr'><strong>nisi</strong></span> <span class='ocrx_word' id='word_1_201' title='bbox 1356 3105 1388 3156; x_wconf 81' lang='lat'><strong>25</strong></span> 
     </span>
     <span class='ocr_line' id='line_1_27' title="bbox 166 3195 1338 3287; baseline 0.005 -25"><span class='ocrx_word' id='word_1_202' title='bbox 166 3195 276 3263; x_wconf 84' lang='lat' dir='ltr'><strong>Genzo</strong></span> <span class='ocrx_word' id='word_1_203' title='bbox 299 3216 369 3262; x_wconf 90' lang='lat' dir='ltr'><strong>curn</strong></span> <span class='ocrx_word' id='word_1_204' title='bbox 392 3197 534 3281; x_wconf 87' lang='lat' dir='ltr'><strong>pedestri</strong></span> <span class='ocrx_word' id='word_1_205' title='bbox 558 3199 675 3265; x_wconf 90' lang='lat' dir='ltr'><strong>uirtute</strong></span> <span class='ocrx_word' id='word_1_206' title='bbox 697 3200 913 3266; x_wconf 87' lang='lat' dir='ltr'><strong>Romanorum</strong></span> <span class='ocrx_word' id='word_1_207' title='bbox 942 3202 1096 3269; x_wconf 87' lang='lat' dir='ltr'><strong>insistens</strong></span> <span class='ocrx_word' id='word_1_208' title='bbox 1124 3224 1234 3287; x_wconf 81' lang='lat' dir='ltr'><strong>pugna</strong></span> <span class='ocrx_word' id='word_1_209' title='bbox 1264 3203 1338 3269; x_wconf 87' lang='lat' dir='ltr'><strong>forti</strong></span> 
     </span>
     <span class='ocr_line' id='line_1_28' title="bbox 165 3305 784 3392; baseline 0.008 -23"><span class='ocrx_word' id='word_1_210' title='bbox 165 3305 383 3390; x_wconf 80' lang='lat' dir='ltr'><strong>prohibuisset</strong></span> <span class='ocrx_word' id='word_1_211' title='bbox 403 3306 542 3392; x_wconf 87' lang='lat' dir='ltr'><strong>impetus</strong></span> <span class='ocrx_word' id='word_1_212' title='bbox 564 3308 784 3375; x_wconf 84' lang='lat' dir='ltr'><strong>harbarorum.</strong></span> 
     </span>
    </p>

    <p class='ocr_par' dir='ltr' id='par_1_4' title="bbox 47 3412 1389 3944">
     <span class='ocr_line' id='line_1_29' title="bbox 47 3412 1340 3502; baseline 0.003 -20"><span class='ocrx_word' id='word_1_213' title='bbox 47 3412 147 3482; x_wconf 86' lang='lat' dir='ltr'><strong>XXX</strong></span> <span class='ocrx_word' id='word_1_214' title='bbox 251 3415 450 3482; x_wconf 89' lang='lat' dir='ltr'><strong>Duodecirno</strong></span> <span class='ocrx_word' id='word_1_215' title='bbox 474 3417 602 3502; x_wconf 90' lang='lat' dir='ltr'><strong>imperii</strong></span> <span class='ocrx_word' id='word_1_216' title='bbox 624 3419 770 3485; x_wconf 86' lang='lat' dir='ltr'><strong>blauricii</strong></span> <span class='ocrx_word' id='word_1_217' title='bbox 797 3440 883 3487; x_wconf 89' lang='lat' dir='ltr'><strong>anno</strong></span> <span class='ocrx_word' id='word_1_218' title='bbox 911 3439 982 3486; x_wconf 88' lang='lat' dir='ltr'><strong>eum</strong></span> <span class='ocrx_word' id='word_1_219' title='bbox 1004 3421 1134 3487; x_wconf 88' lang='lat' dir='ltr'><strong>Priscus</strong></span> <span class='ocrx_word' id='word_1_220' title='bbox 1158 3420 1340 3487; x_wconf 89' lang='lat' dir='ltr'><strong>iterumad</strong></span> 
     </span>
     <span class='ocr_line' id='line_1_30' title="bbox 160 3525 1338 3616; baseline 0.004 -25"><span class='ocrx_word' id='word_1_221' title='bbox 160 3525 305 3595; x_wconf 89' lang='lat' dir='ltr'><strong>Histrum</strong></span> <span class='ocrx_word' id='word_1_222' title='bbox 326 3527 530 3612; x_wconf 83' lang='lat' dir='ltr'><strong>perucnIsset</strong></span> <span class='ocrx_word' id='word_1_223' title='bbox 550 3537 727 3616; x_wconf 81' lang='lat' dir='ltr'><strong>gentesque</strong></span> <span class='ocrx_word' id='word_1_224' title='bbox 739 3531 964 3597; x_wconf 87' lang='lat' dir='ltr'><strong>Selauinorurn</strong></span> <span class='ocrx_word' id='word_1_225' title='bbox 978 3530 1197 3616; x_wconf 84' lang='lat' dir='ltr'><strong>depraedatus</strong></span> <span class='ocrx_word' id='word_1_226' title='bbox 1214 3532 1338 3613; x_wconf 85' lang='lat' dir='ltr'><strong>luisset,</strong></span> 
     </span>
     <span class='ocr_line' id='line_1_31' title="bbox 166 3635 1389 3726; baseline 0.006 -28"><span class='ocrx_word' id='word_1_227' title='bbox 166 3635 256 3702; x_wconf 91' lang='lat' dir='ltr'><strong>haud</strong></span> <span class='ocrx_word' id='word_1_228' title='bbox 277 3636 435 3703; x_wconf 87' lang='lat' dir='ltr'><strong>modicam</strong></span> <span class='ocrx_word' id='word_1_229' title='bbox 458 3638 646 3723; x_wconf 85' lang='lat' dir='ltr'><strong>imperatori</strong></span> <span class='ocrx_word' id='word_1_230' title='bbox 668 3637 804 3707; x_wconf 83' lang='lat' dir='ltr'><strong>deduxit</strong></span> <span class='ocrx_word' id='word_1_231' title='bbox 825 3640 989 3726; x_wconf 87' lang='lat' dir='ltr'><strong>praedam.</strong></span> <span class='ocrx_word' id='word_1_232' title='bbox 1035 3642 1209 3725; x_wconf 87' lang='lat' dir='ltr'><strong>imperator</strong></span> <span class='ocrx_word' id='word_1_233' title='bbox 1231 3650 1338 3707; x_wconf 89' lang='lat' dir='ltr'><strong>autern</strong></span> <span class='ocrx_word' id='word_1_234' title='bbox 1355 3653 1389 3705; x_wconf 78' lang='lat' dir='ltr'><strong>sc</strong></span> 
     </span>
     <span class='ocr_line' id='line_1_32' title="bbox 164 3745 1339 3837; baseline 0.007 -27"><span class='ocrx_word' id='word_1_235' title='bbox 164 3745 263 3812; x_wconf 89' lang='lat' dir='ltr'><strong>misso</strong></span> <span class='ocrx_word' id='word_1_236' title='bbox 293 3745 334 3812; x_wconf 92' lang='lat' dir='ltr'><strong>ad</strong></span> <span class='ocrx_word' id='word_1_237' title='bbox 357 3748 501 3814; x_wconf 88' lang='lat' dir='ltr'><strong>Priscum</strong></span> <span class='ocrx_word' id='word_1_238' title='bbox 531 3750 702 3815; x_wconf 83' lang='lat' dir='ltr'><strong>Tatemerc</strong></span> <span class='ocrx_word' id='word_1_239' title='bbox 730 3750 819 3816; x_wconf 89' lang='lat' dir='ltr'><strong>iubet</strong></span> <span class='ocrx_word' id='word_1_240' title='bbox 845 3757 912 3815; x_wconf 93' lang='lat' dir='ltr'><strong>toto</strong></span> <span class='ocrx_word' id='word_1_241' title='bbox 939 3751 1006 3816; x_wconf 92' lang='lat' dir='ltr'><strong>illic</strong></span> <span class='ocrx_word' id='word_1_242' title='bbox 1034 3750 1166 3817; x_wconf 88' lang='lat' dir='ltr'><strong>hiemali</strong></span> <span class='ocrx_word' id='word_1_243' title='bbox 1195 3758 1339 3837; x_wconf 89' lang='lat' dir='ltr'><strong>ternpore</strong></span> 
     </span>
     <span class='ocr_line' id='line_1_33' title="bbox 164 3857 1340 3944; baseline 0.007 -24"><span class='ocrx_word' id='word_1_244' title='bbox 164 3857 354 3921; x_wconf 89' lang='lat' dir='ltr'><strong>commorari</strong></span> <span class='ocrx_word' id='word_1_245' title='bbox 386 3859 559 3925; x_wconf 83' lang='lat' dir='ltr'><strong>Romanos.</strong></span> <span class='ocrx_word' id='word_1_246' title='bbox 614 3880 677 3942; x_wconf 86' lang='lat' dir='ltr'><strong>quo</strong></span> <span class='ocrx_word' id='word_1_247' title='bbox 711 3868 873 3944; x_wconf 92' lang='lat' dir='ltr'><strong>comperto</strong></span> <span class='ocrx_word' id='word_1_248' title='bbox 905 3861 1042 3926; x_wconf 89' lang='lat' dir='ltr'><strong>Romani</strong></span> <span class='ocrx_word' id='word_1_249' title='bbox 1076 3861 1340 3928; x_wconf 86' lang='lat' dir='ltr'><strong>contradicebant</strong></span> 
     </span>
    </p>
   </div>
   <div class='ocr_carea' id='block_1_3' title="bbox 162 4138 1339 4489">
    <p class='ocr_par' dir='ltr' id='par_1_5' title="bbox 162 4138 1339 4489">
     <span class='ocr_line' id='line_1_34' title="bbox 233 4138 1339 4212; baseline 0.009 -20"><span class='ocrx_word' id='word_1_250' title='bbox 233 4140 360 4194; x_wconf 80' lang='lat' dir='ltr'><strong>ancuf</strong></span> <span class='ocrx_word' id='word_1_251' title='bbox 374 4138 401 4194; x_wconf 85' lang='lat' dir='ltr'><em>D</em></span> <span class='ocrx_word' id='word_1_252' title='bbox 504 4146 666 4212; x_wconf 77' lang='lat' dir='ltr'><strong>Speruersa</strong></span> <span class='ocrx_word' id='word_1_253' title='bbox 683 4143 710 4198; x_wconf 86' lang='lat' dir='ltr'><em>D</em></span> <span class='ocrx_word' id='word_1_254' title='bbox 786 4145 942 4199; x_wconf 74' lang='lat' dir='ltr'><strong>ebrzantrti</strong></span> <span class='ocrx_word' id='word_1_255' title='bbox 959 4144 986 4199; x_wconf 86' lang='lat' dir='ltr'><em>D</em></span> <span class='ocrx_word' id='word_1_256' title='bbox 1075 4151 1105 4201; x_wconf 81' lang='lat'><strong>¹0</strong></span> <span class='ocrx_word' id='word_1_257' title='bbox 1126 4148 1177 4202; x_wconf 82' lang='lat' dir='ltr'><strong>ieie</strong></span> <span class='ocrx_word' id='word_1_258' title='bbox 1196 4147 1339 4202; x_wconf 80' lang='lat' dir='ltr'><strong>delicuiI)</strong></span> 
     </span>
     <span class='ocr_line' id='line_1_35' title="bbox 165 4230 1338 4305; baseline 0.009 -23"><span class='ocrx_word' id='word_1_259' title='bbox 165 4234 196 4282; x_wconf 77' lang='lat' dir='ltr'><strong>lt</strong></span> <span class='ocrx_word' id='word_1_260' title='bbox 221 4230 430 4300; x_wconf 79' lang='lat' dir='ltr'><strong>brzaultrumD</strong></span> <span class='ocrx_word' id='word_1_261' title='bbox 535 4240 563 4288; x_wconf 81' lang='grc'><strong>15</strong></span> <span class='ocrx_word' id='word_1_262' title='bbox 590 4234 732 4305; x_wconf 81' lang='lat' dir='ltr'><strong>ymnolI)</strong></span> <span class='ocrx_word' id='word_1_263' title='bbox 864 4241 894 4291; x_wconf 81' lang='lat'><strong>21</strong></span> <span class='ocrx_word' id='word_1_264' title='bbox 922 4237 1041 4293; x_wconf 87' lang='lat' dir='ltr'><strong>celebret</strong></span> <span class='ocrx_word' id='word_1_265' title='bbox 1063 4240 1090 4295; x_wconf 86' lang='grc' dir='ltr'><strong>Ι)</strong></span> <span class='ocrx_word' id='word_1_266' title='bbox 1210 4244 1242 4294; x_wconf 84' lang='lat'><strong>23</strong></span> <span class='ocrx_word' id='word_1_267' title='bbox 1271 4239 1338 4294; x_wconf 94' lang='lat' dir='ltr'><strong>mul·</strong></span> 
     </span>
     <span class='ocr_line' id='line_1_36' title="bbox 162 4324 1339 4400; baseline 0.014 -27"><span class='ocrx_word' id='word_1_268' title='bbox 162 4324 243 4389; x_wconf 86' lang='lat' dir='ltr'><strong>temq.</strong></span> <span class='ocrx_word' id='word_1_269' title='bbox 271 4324 378 4392; x_wconf 79' lang='lat' dir='ltr'><strong>copiola</strong></span> <span class='ocrx_word' id='word_1_270' title='bbox 400 4324 486 4394; x_wconf 85' lang='lat' dir='ltr'><strong>preda</strong></span> <span class='ocrx_word' id='word_1_271' title='bbox 508 4333 589 4398; x_wconf 84' lang='lat' dir='ltr'><strong>capta</strong></span> <span class='ocrx_word' id='word_1_272' title='bbox 613 4327 639 4382; x_wconf 80' lang='lat' dir='ltr'><strong>b</strong></span> <span class='ocrx_word' id='word_1_273' title='bbox 723 4326 844 4399; x_wconf 89' lang='lat' dir='ltr'><strong>produnt</strong></span> <span class='ocrx_word' id='word_1_274' title='bbox 868 4329 1022 4400; x_wconf 79' lang='lat' dir='ltr'><strong>crapnleD</strong></span> <span class='ocrx_word' id='word_1_275' title='bbox 1124 4333 1339 4389; x_wconf 71' lang='lat' dir='ltr'><strong>arscennene</strong></span> 
     </span>
     <span class='ocr_line' id='line_1_37' title="bbox 162 4413 914 4489; baseline 0.017 -26"><span class='ocrx_word' id='word_1_276' title='bbox 162 4413 197 4465; x_wconf 78' lang='grc'><strong>30</strong></span> <span class='ocrx_word' id='word_1_277' title='bbox 214 4418 370 4480; x_wconf 80' lang='lat' dir='ltr'><strong>imperatam</strong></span> <span class='ocrx_word' id='word_1_278' title='bbox 388 4415 486 4473; x_wconf 85' lang='lat' dir='ltr'><strong>drrexrt</strong></span> <span class='ocrx_word' id='word_1_279' title='bbox 503 4423 649 4489; x_wconf 79' lang='lat' dir='ltr'><strong>imperator</strong></span> <span class='ocrx_word' id='word_1_280' title='bbox 665 4419 693 4477; x_wconf 81' lang='grc' dir='ltr'><strong>Ι)</strong></span> <span class='ocrx_word' id='word_1_281' title='bbox 761 4424 791 4475; x_wconf 82' lang='grc'><strong>31</strong></span> <span class='ocrx_word' id='word_1_282' title='bbox 811 4424 870 4477; x_wconf 87' lang='lat' dir='ltr'><strong>tota</strong></span> <span class='ocrx_word' id='word_1_283' title='bbox 887 4421 914 4476; x_wconf 85' lang='lat' dir='ltr'><em>D</em></span> 
     </span>
    </p>
   </div>
   <div class='ocr_carea' id='block_1_4' title="bbox 0 0 1432 5394">
    <p class='ocr_par' dir='ltr' id='par_1_6' title="bbox 0 0 1432 5394">
     <span class='ocr_line' id='line_1_38' title="bbox 0 0 1432 5394; baseline 0 0"><span class='ocrx_word' id='word_1_284' title='bbox 0 0 1432 5394; x_wconf 95' lang='lat' dir='ltr'><strong> </strong></span> 
     </span>
    </p>
   </div>
  </div>
 </body>
</html>
