2834 5394
515 680 587 727 car.
611 680 766 728 rur-rvr
944 674 948 681 ·
1167 661 1229 725 397

54 833 144 900 enirn
166 831 350 917 Philippico
380 832 519 898 iusserat
548 838 663 915 quarta
685 850 781 914 rogae
803 836 895 915 parte
918 830 1048 915 priuare
1070 828 1229 895 militiam.

56 942 259 1028 Philippicus
282 949 388 1007 autem
411 942 529 1007 timens
558 960 599 1007 ne
627 942 754 1006 occasio
783 940 966 1025 tyrannidis
994 940 1093 1022 fieret,
1132 958 1231 1023 super

56 1051 119 1116 boc
151 1051 336 1137 imperatori
369 1071 433 1117 non
470 1053 587 1135 paruit.
631 1051 767 1134 ideoque
804 1069 825 1115 a
860 1057 1013 1134 praetura
1048 1049 1229 1133 deponitur.

55 1160 187 1228 Priscus
215 1169 323 1229 autem
354 1162 549 1247 pcmcuiens
571 1160 776 1226 Antiochiam
804 1161 972 1245 praecepit
1001 1160 1119 1226 milites
1142 1159 1230 1245 apud

20 1270 278 1337 abionoeartum
301 1271 418 1354 colligi.
463 1269 601 1336 aduocat
622 1279 729 1336 autem
752 1277 783 1335 et
805 1270 1001 1336 Germanum
1025 1271 1076 1334 cui
1091 1269 1229 1336 Edesse-

57 1400 171 1445 norum
193 1381 395 1466 principatus
419 1381 560 1446 creditus
582 1390 652 1446 erat
674 1401 739 1446 una
761 1401 831 1444 cum
856 1381 1008 1466 episeopo
1031 1388 1062 1445 et
1077 1401 1142 1445 una
1157 1400 1229 1444 eum

56 1491 106 1556 eis
129 1490 172 1556 ed
194 1492 370 1556 exercitum
391 1490 467 1574 ibat,
506 1491 752 1557 sollemnitatem
775 1491 921 1557 Paschae
950 1511 1021 1556 cum
1044 1490 1109 1557 illis
1133 1490 1230 1555 iactu-

56 1620 122 1665 ms.
166 1606 200 1665 at
221 1621 299 1666 uero
322 1601 420 1667 duces
443 1602 604 1667 exercitus
633 1601 762 1665 obuiam
786 1608 944 1666 uenemnt
966 1601 997 1666 ei
1019 1620 1090 1665 cum
1112 1599 1230 1667 bandis

56 1707 183 1776 duobus
206 1710 308 1793 signis
330 1710 504 1795 proculab
527 1712 680 1776 exercitu.
704 1710 757 1774 'at
773 1711 902 1776 Priscus
919 1709 1094 1776 secundum
1109 1729 1230 1775 morem
1321 1752 1324 1757 ·

10 1836 40 1886 ιο
56 1838 121 1884 non
152 1818 321 1885 descendit
348 1820 390 1884 ab
420 1840 503 1904 equo
534 1840 592 1885 nec
614 1821 775 1887 consuetis
799 1819 1048 1886 salutationibus
1070 1840 1148 1885 usus
1170 1802 1235 1885 est

56 1928 132 1993 hinc
154 1948 230 2013 ergo
254 1929 320 1994 odii
342 1931 508 1995 exordium
537 1931 653 1995 iactum
684 1938 743 2012 est,
778 1930 811 1995 in
840 1929 1062 1995 communibus
1090 1947 1229 2012 namque

55 2038 183 2105 iniuriis
215 2039 436 2106 multitudines
469 2041 613 2106 seuerius
647 2041 820 2125 patiuntur.
864 2046 939 2124 post
971 2038 1086 2104 festum
1122 2045 1229 2103 autem

55 2146 141 2213 diem
164 2148 468 2214 demonstrabantur
495 2151 628 2216 tetricae
658 2149 862 2233 imperatoris
885 2150 1022 2215 litterae.
1066 2147 1230 2213 confluunt

57 2259 166 2342 itaque
188 2259 411 2325 multitudines
433 2259 476 2324 ad
498 2261 657 2345 praetoris
680 2260 814 2325 fixuram
837 2258 1037 2324 tabernaculi
1060 2258 1135 2324 aliis
1161 2256 1231 2341 qni·

10 2381 39 2430 15
56 2366 130 2433 dem
152 2368 280 2452 gladios
303 2369 515 2454 portantibus,
549 2371 623 2437 aliis
647 2391 723 2435 uero
744 2369 872 2455 lapides
896 2370 947 2434 uel
971 2369 1061 2453 ligna
1083 2368 1229 2433 iactanti·

56 2477 127 2544 bus.
170 2477 325 2563 utigitur
347 2479 487 2562 pauidus
510 2481 639 2547 Priscus
663 2489 694 2545 et
716 2479 896 2548 ascendens
918 2500 1034 2563 equum
1058 2479 1134 2563 iuga
1155 2497 1229 2544 eua-

56 2588 99 2653 sit
119 2589 306 2672 perieulum.
352 2590 400 2654 illi
423 2609 499 2673 ergo
530 2590 714 2656 scindentes
736 2591 833 2655 lixum
864 2590 959 2656 huius
987 2589 1228 2654 tabernaculum

58 2697 167 2761 omnia
189 2718 272 2781 quae
294 2699 397 2782 ipsius
420 2707 513 2765 erant
535 2700 744 2783 diripuerunt.

140 2806 183 2872 ht
203 2809 259 2874 ille
283 2808 505 2874 Constantiam
528 2809 723 2893 peruenions
754 2830 774 2873 a
796 2807 931 2874 medicis
954 2807 994 2872 de
1016 2806 1232 2892 percussioni·
1254 2809 1334 2875 XVI

10 2934 39 2985 20
58 2916 118 2982 bus
141 2917 286 3000 lapidum
309 2924 341 2982 et
363 2918 550 2984 uulneribus
574 2918 746 2983 curabatur
775 2925 806 2982 et
828 2917 924 2982 mittit
947 2917 1132 3001 episcopum
1156 2916 1231 2980 ciui·

56 3026 132 3091 tatis
161 3028 318 3092 rationem
348 3029 472 3094 taciens
502 3048 540 3093 ac
568 3029 725 3113 pollicens
755 3027 908 3093 exercitui
937 3046 972 3093 se
1001 3045 1230 3110 persuasurum

56 3136 242 3220 imperatori
266 3156 306 3201 ne
330 3139 403 3204 illos
426 3139 532 3223 priuet
546 3138 656 3222 aliqua
672 3136 937 3202 conferendarum
953 3136 1230 3203 consuetudinum.

55 3252 89 3310 at
116 3247 275 3312 exereitus
305 3249 491 3332 episcopum
521 3268 592 3314 cum
621 3248 740 3314 iniuria
767 3254 959 3331 respuerunt
981 3255 1013 3311 et
1034 3246 1231 3311 Germanum

57 3354 191 3420 inuitum
221 3366 402 3441 praetorem
430 3360 723 3442 pronuntiauerunt
751 3377 849 3442 super
879 3364 1003 3423 scutum
1032 3357 1152 3421 elatum
1174 3356 1231 3420 im-

10 3483 40 3532 it
57 3467 316 3550 peratoriarnque
339 3475 477 3533 statuam
502 3469 729 3535 subuerterunt
752 3475 783 3533 et
798 3466 894 3534 huius
909 3467 1072 3550 imagines
1087 3466 1232 3531 demoliti

57 3582 132 3639 sunt
155 3582 187 3641 et
209 3577 242 3640 in
265 3578 470 3661 tyrannidem
493 3587 738 3663 prorumperent
760 3587 792 3642 et
814 3579 910 3644 urbes
933 3576 1146 3663 dispoharent
1167 3577 1231 3644 nisi

57 3682 238 3752 Germanus
267 3686 302 3751 id
330 3707 428 3771 agero
456 3689 556 3753 multa
586 3689 833 3753 comminatione
862 3707 900 3753 ac
931 3687 1153 3753 exhortatione
1175 3706 1230 3752 ue-

56 3794 180 3861 tuisset.
226 3797 355 3863 Priscus
378 3805 484 3862 auteur
507 3799 588 3863 haec
610 3798 796 3882 imperatori
826 3798 1000 3863 manifesta
1022 3798 1097 3863 iecit
1118 3804 1150 3862 et
1172 3797 1230 3860 im-

57 3911 185 3987 perator
207 3905 421 3991 Philippicunr
446 3907 551 3973 denuo
576 3917 756 3991 praetorem
785 3908 919 3973 orientis
947 3907 1119 3973 constituit.
1164 3905 1230 3968 Pri·

10 4031 40 4081 eo
57 4031 131 4079 scus
163 4035 238 4079 uero
272 4016 464 4100 Byzantium
498 4018 601 4084 rediit.
651 4039 745 4102 porro
779 4017 939 4082 exereitus
971 4016 1160 4081 iuramentis
1194 4033 1229 4081 se

57 4123 239 4190 affirmabat
265 4146 286 4189 a
308 4126 462 4191 Mauricio
493 4128 675 4196 nullatenus
703 4127 865 4213 imperari.
909 4125 1041 4190 barbari
1068 4144 1148 4192 sane
1169 4125 1230 4190 Ro·

57 4234 161 4300 manis
184 4235 423 4303 calamitatibus
447 4235 698 4305 delectabantur.
744 4257 853 4303 uerum
876 4237 1050 4320 imperator
1063 4235 1230 4302 Aristobo-

57 4343 123 4407 lum
146 4352 324 4411 curatorem
348 4347 564 4430 imperialium
587 4349 753 4414 domorum
781 4346 824 4412 ad
846 4346 1020 4413 exercitum
1044 4345 1132 4412 misit
1154 4365 1230 4429 qua-

59 4525 177 4532 *—

95 4624 269 4689 ¹bpourtur
287 4622 321 4676 θ’
390 4624 586 4678 5bedelenoru
604 4625 630 4679 D
699 4623 900 4693 'llollepmtate
917 4622 1061 4693 panchei>
1129 4621 1229 4677 eban-

56 4712 107 4779 dis]
125 4713 263 4768 usndrlI)
369 4720 398 4771 19
416 4717 450 4772 de
468 4717 578 4772 medreri
593 4732 609 4772 a
625 4716 652 4772 D
731 4721 762 4771 st
783 4723 935 4773 comotione
952 4732 985 4773 ac
1003 4682 1229 4773 eiortetrenell

56 4809 88 4858 30
106 4805 272 4860 braantuil)
