2834 5394
32 270 95 333 3⁶20
524 283 616 329 nram
638 280 715 328 run

32 438 152 502 Persas
171 437 395 520 potentissime
417 436 539 515 uicerit,
562 453 699 518 parcens
721 439 831 499 tamen
855 431 1047 499 Christianis
1070 434 1125 516 qui
1148 433 1208 497 ha·

32 547 180 611 hitabant
195 548 228 610 in
243 546 386 628 Perside,
410 565 522 630 pacem
545 545 756 630 amplectitur.
801 545 893 611 euius
915 545 961 609 rei
983 546 1088 627 gratia
1109 545 1210 609 mittit

31 659 158 741 legatos
179 658 347 722 Helioncm
370 656 549 741 patricium,
573 674 667 738 quem
692 654 788 719 ualde
810 655 1030 720 honorandum
1053 655 1205 736 ducebat,

32 775 63 832 ct
84 768 272 832 Anatolium
295 767 429 833 orientis
450 773 641 850 praetorem.
687 766 872 830 Vararanes
893 773 1000 830 autem
1022 767 1129 831 sciens
1153 787 1208 831 su·

32 879 233 962 perationem
257 898 359 957 suam,
390 878 533 960 suscepit
555 876 750 959 legationem
773 883 804 941 et
827 877 874 940 ita
895 877 1074 960 persecutio
1095 888 1243 942 cessa-s

32 988 87 1070 uit,
112 989 250 1069 quaein
274 987 476 1053 Christianos
500 987 693 1068 agitabatur.
737 986 872 1052 uictoria
900 987 928 1052 si
959 985 1085 1069 quidem
1109 988 1206 1052 auxi·

30 1097 74 1161 lio
97 1096 149 1162 dei
171 1119 192 1163 a
213 1098 322 1164 Persis
345 1099 463 1162 collata
477 1097 613 1162 Romani
635 1097 764 1181 plurimi
788 1098 947 1180 pollentes
969 1097 1106 1179 eloquiis
1129 1116 1207 1163 eon-

29 1207 216 1272 scribebant
251 1208 365 1275 landes
401 1208 616 1293 imperatoris.
675 1208 765 1273 cuius
807 1227 888 1272 uxor
932 1207 1058 1272 heroico
1102 1216 1206 1272 metro

28 1323 179 1400 poemata
201 1321 301 1384 multa
322 1320 468 1384 coniecit.
513 1317 688 1383 eratenim
718 1319 882 1399 eloquens,
914 1318 982 1381 filia
1004 1317 1131 1381 Leontii
1153 1337 1206 1383 so·

28 1425 158 1511 phistae
172 1429 392 1512 Atheniensis,
415 1450 436 1494 a
457 1438 548 1513 patre
571 1429 719 1494 omnibus
742 1429 933 1493 lectionibus
949 1427 1082 1491 erudita.
1106 1447 1204 1507 quam
1225 1435 1258 1484 to

28 1536 104 1601 dum
132 1539 307 1623 imperator·
337 1539 488 1605 ducturus
518 1546 605 1605 essct
639 1559 787 1620 uxorem,
826 1539 1042 1603 Christianam
1075 1536 1203 1603 Atticus

27 1648 103 1713 lecit
124 1650 296 1734 episeopus
319 1658 349 1714 ct
373 1652 404 1715 in
428 1650 632 1733 baptismate,
657 1670 727 1714 cum
740 1650 829 1734 prins
845 1657 1014 1714 uocaretur
1028 1647 1201 1723 athenias,

30 1757 198 1823 Eudoxiae
220 1778 338 1824 nomen
360 1759 512 1843 inposuit.

114 1867 237 1932 Eodem
269 1876 412 1952 tempore
445 1876 537 1932 crant
560 1868 656 1933 Gothi
687 1880 718 1935 et
746 1879 860 1953 gentes
893 1870 977 1934 aliae
1011 1869 1130 1932 multae
1164 1887 1204 1931 ae

30 1976 192 2041 maximae
213 1984 303 2041 trans
325 1977 510 2042 Danubium
533 1980 566 2042 in
589 1980 809 2064 Hyperboreis
832 1982 911 2046 loeis
933 1979 1127 2054 habitantes,
1162 1996 1205 2042 ex
1221 1984 1252 2032 ¹⁵

29 2084 146 2167 quihus
168 2086 427 2152 rationabiliores
451 2095 599 2170 quattuor
623 2099 705 2171 sunt,
730 2089 828 2155 Gothi
851 2092 981 2170 scilicet,
1012 2087 1199 2172 Hypogothi

29 2190 173 2276 Gepides
202 2202 234 2259 et
262 2195 416 2278 Vandali,
454 2217 570 2262 nrrrrren
600 2206 723 2264 tantum
753 2207 785 2265 et
813 2200 893 2265 nihil
922 2198 1010 2263 alind
1038 2206 1204 2262 rnutantes

29 2321 156 2385 unaque
177 2304 289 2387 lingna
311 2314 445 2386 utentes,
476 2327 588 2373 orrrnes
610 2319 716 2375 antem
740 2311 814 2376 fidei
839 2318 931 2375 erant
954 2309 1110 2374 Arrianae
1133 2326 1198 2371 ma-

26 2411 193 2492 lignitatis.
239 2416 292 2480 isti
316 2417 375 2481 suh
399 2417 536 2483 Arcadio
559 2427 591 2484 ct
613 2420 754 2486 Honorio
778 2421 964 2485 Danubium
987 2425 1196 2484 transeuntes

28 2520 168 2604 interra
192 2524 288 2589 locati
311 2535 385 2592 sunt
407 2529 632 2595 Romanorum.
678 2539 709 2596 et
732 2531 876 2616 Gepides
899 2530 1037 2612 quidem,
1068 2548 1109 2592 ex
1133 2529 1201 2610 qni·
1218 2538 1250 2588 to

27 2627 88 2692 bus
111 2633 314 2712 postmodum
337 2636 434 2703 diuisi
458 2648 532 2704 srurt
555 2641 759 2723 longobardi
784 2650 815 2706 et
837 2641 971 2720 Anares,
996 2641 1090 2704 uillas
1113 2658 1198 2721 quac

29 2743 104 2799 sunt
130 2739 216 2803 circa
245 2744 455 2826 Singitloncrn
484 2757 516 2814 et
544 2751 695 2815 Sirmium
725 2751 961 2816 lrabitauorunt.
1013 2749 1201 2833 llypogothi

28 2863 103 2908 uero
126 2853 407 2929 posthumium
431 2859 564 2924 Romam
587 2861 822 2945 depopulantes
846 2863 879 2925 in
902 2861 1027 2925 Gallias
1050 2859 1204 2923 abierunt

28 2962 59 3017 ct
90 2975 173 3036 quac
206 2961 326 3027 ibidem
361 2975 435 3031 sunt
468 2969 682 3053 optinuerunt.
728 2973 825 3038 Gothi
858 2979 965 3035 autern
996 2969 1200 3034 Pannoniam

29 3061 210 3130 habuerunt
231 3073 378 3155 primum,
408 3075 483 3143 dein
511 3099 595 3144 nono
625 3081 748 3146 deeimo
777 3102 862 3147 anno
885 3081 1074 3165 imperantis
1096 3078 1203 3143 Theo·
1221 3088 1252 3137 25

27 3167 108 3232 dosii
132 3172 270 3245 iunioris
286 3181 445 3251 Tluaciae
468 3189 564 3256 uillas
586 3191 815 3259 habitauernnt
837 3199 868 3256 et
890 3212 947 3275 per
969 3188 1204 3274 qrrinqnaginta

25 3282 56 3339 ct
78 3286 149 3342 octe
173 3302 277 3354 annes
301 3292 334 3356 in
356 3295 482 3363 Thrace
507 3311 668 3369 morantes
692 3303 866 3368 occidentis
894 3320 1022 3385 quoqne
1052 3300 1198 3363 obtinue-

23 3392 97 3448 runt
125 3389 308 3476 imperinm.
353 3426 448 3489 porro
470 3410 609 3476 Vandali
633 3414 767 3480 Halanis
798 3414 860 3478 sibi
889 3412 1020 3477 sociatis
1064 3418 1096 3473 et
1127 3408 1205 3472 Ger·

24 3496 130 3562 manis
165 3506 221 3586 spui
254 3518 330 3578 tunc
353 3516 469 3584 Franci
498 3531 654 3586 uocantur
672 3505 793 3589 ascitis
823 3530 1027 3586 transcuntes
1051 3519 1197 3584 Rhenum

23 3600 159 3726 fluuium
184 3615 383 3707 hlodogisclo
407 3629 497 3714 duce,
531 3632 760 3698 habitauernnt
781 3634 815 3697 in
837 3631 1007 3716 Hispania,
1047 3649 1130 3713 quae
1153 3636 1204 3694 est
1222 3634 1253 3682 30

24 3731 131 3792 pruna
156 3722 308 3814 Europae
341 3742 577 3823 prouinciarum
611 3745 652 3808 ab
686 3744 877 3808 occidentali
906 3761 1037 3806 cecano.
1083 3741 1208 3804 interea

24 3817 279 3909 Valentinianus
302 3868 367 3914 non
390 3855 493 3918 solnm
516 3855 730 3920 Brittanniam
753 3862 784 3919 et
801 3853 941 3918 Galliam
965 3858 995 3916 et
1012 3850 1204 3934 Hispaniam

25 3952 103 3965 vs.—

91 4026 319 4101 lteratcnorb
388 4056 541 4110 tanotolrsr
560 4063 589 4109 at
606 4057 700 4110 nidd
750 4052 958 4108 hnararancll)
1050 4057 1064 4103 a
1083 4052 1165 4105 leonb
1184 4051 1211 4105 D

22 4112 55 4252 ha
75 4118 238 4186 ortdocrell
328 4148 358 4197 16
384 4148 770 4220 gothffs1l100t·yp0gothrll
875 4150 904 4198 19
922 4144 1094 4199 archadroD
1179 4147 1210 4196 22

41 4206 167 4268 duodone
187 4231 215 4275 et
235 4229 332 4297 tyrmm
351 4236 405 4291 ot>
471 4243 611 4311 hrpogothr
633 4242 659 4297 l)
729 4246 761 4295 23
779 4241 923 4294 habierunt
942 4237 967 4291 ll
1036 4241 1066 4290 tl
1087 4235 1213 4291 thraceD

22 4294 55 4439 ᾖ)
75 4296 319 4467 ὶξξῖζῗὲῑῑΜῙΒΜῐιῠ
346 4330 400 4385 bt>
483 4341 516 4388 30
534 4335 686 4404 modigisclo
705 4332 756 4388 ΒΡ
822 4333 943 4387 habitato
970 4332 1161 4386 habrtanerunt
1188 4329 1214 4383 D

21 4416 29 4437 t
166 4414 212 4462 nra
