2834 5394
10 39 1040 349 a

546 708 619 756 cnr.
642 708 841 757 xxx-xxxv
1213 697 1277 762 485

102 857 250 943 lapidare
271 865 337 924 mm
359 859 448 944 ipsos
470 880 566 943 quam
588 859 701 926 borum
723 863 888 948 praelatos
915 862 1044 948 penitus
1074 883 1139 928 non
1169 882 1276 931 cesse·

104 969 167 1036 bat.
211 987 347 1053 cumque
369 969 544 1055 imperator
565 970 705 1054 quadam
721 970 774 1038 die
788 973 950 1057 proiectus
965 973 1089 1055 fuisset,
1111 992 1275 1057 praesum·

102 1080 169 1165 psit
189 1079 328 1163 agrestis
349 1078 456 1147 bestia
477 1080 535 1145 illa
562 1087 594 1146 et
623 1088 757 1148 matrem
786 1101 913 1167 quoque
940 1081 1043 1166 ipsius
1065 1083 1275 1150 Anastasiem

103 1190 280 1274 Augustam
301 1189 439 1256 habenis
461 1210 550 1257 more
572 1191 663 1276 pueri
684 1191 861 1276 flagellare.
904 1192 939 1258 in
968 1192 1020 1259 his
1049 1198 1157 1259 autem
1186 1193 1275 1259 etin

71 1311 230 1366 comnem
252 1299 379 1366 ciuilem
402 1301 528 1385 copiam
551 1302 660 1368 multis
682 1303 777 1369 malis
799 1302 939 1370 ostensis
960 1321 1094 1369 exosum
1109 1302 1184 1369 iecit
1198 1321 1275 1367 cun·

104 1411 163 1476 otis
186 1409 422 1495 imperatorem.

188 1519 341 1586 Similiter
362 1519 446 1586 etin
467 1521 631 1605 generalis
651 1521 824 1607 logothesii
846 1522 944 1589 rebus
965 1520 1129 1589 constituit
1152 1510 1330 1587 mona-X1
1357 1517 1364 1568 ἶ

104 1629 197 1695 chum
221 1628 382 1715 quendam
404 1630 605 1696 Theodotum
627 1632 758 1699 nomine
782 1633 837 1715 qui
859 1633 963 1718 primo
985 1632 1151 1699 inclausus
1173 1632 1277 1697 iuerat

103 1741 138 1806 in
165 1740 406 1808 Thracensibus
434 1742 563 1826 angusti
591 1742 739 1828 partibus
767 1741 826 1809 sed
854 1748 887 1809 et
912 1743 1018 1827 ipsum
1048 1741 1295 1821 saeuissimus

54 1873 85 1923 to
104 1857 136 1915 et
157 1848 415 1918 crudelissimum
438 1852 628 1917 existentem
651 1851 705 1937 qrri
726 1852 883 1937 plurimos
906 1852 953 1918 rei
985 1851 1134 1937 publicae
1160 1850 1276 1936 princi·

104 1980 163 2045 pes
185 1967 216 2025 et
238 1961 379 2028 illustres
402 1961 490 2028 uiros
511 1982 576 2027 non
598 1968 721 2028 tantum
745 1982 786 2027 ex
815 1960 1054 2028 ordinatoribus
1085 1959 1144 2028 sed
1173 1967 1206 2027 et
1235 1979 1275 2027 ex

105 2071 203 2138 urbis·
228 2069 462 2138 habitatoribus
495 2072 614 2138 frustra
643 2079 676 2137 et
710 2073 743 2136 iu
777 2092 896 2138 uanum
939 2090 977 2137 ac
1013 2069 1277 2138 inexcusabiliter

104 2181 291 2249 exactiones
327 2187 360 2246 et
392 2180 573 2248 functiones
612 2201 653 2248 ex
685 2183 918 2268 proscriptione
951 2183 1121 2248 exsoluere
1153 2181 1276 2247 faciens

104 2291 299 2375 funibusque
321 2292 382 2358 boe
405 2290 609 2377 suspendens
631 2294 798 2378 palearum
820 2292 908 2357 iumo
930 2290 1101 2357 afficiebat.
1140 2291 1273 2375 insuper

58 2420 87 2472 te
104 2406 135 2466 ct
162 2401 342 2486 praelectus
379 2401 588 2486 imperatorie
621 2403 765 2469 iussione
793 2401 947 2488 plurimos
977 2401 1064 2467 uiros
1092 2399 1275 2466 carceribus

102 2509 236 2577 trudens
273 2531 331 2596 per
363 2511 485 2593 aliquot
521 2532 625 2579 annos
664 2513 789 2579 seruari
820 2510 999 2578 mandauit.
1054 2509 1136 2577 haee
1168 2509 1275 2575 omnia

103 2639 247 2687 creseere
268 2621 413 2687 fecerunt
435 2620 542 2686 odium
565 2623 676 2707 populi
698 2623 783 2688 eirea
805 2623 1043 2707 imperatorem.

188 2730 362 2795 Praeterea
382 2730 559 2814 imperator
580 2731 732 2814 exigebat
754 2730 945 2797 adalliuico
967 2729 1154 2815 patriarche
1175 2748 1246 2795 ora·
1261 2726 1395 2796 XXXII

104 2837 224 2902 tionem
247 2837 386 2903 faciendi
409 2845 443 2904 ut
464 2839 644 2906 destrueret
666 2840 836 2906 ecclesiam
858 2846 991 2907 sanctae
1013 2838 1066 2904 dci
1088 2838 1274 2921 genetricis,

57 2966 89 3017 20
105 2967 190 3030 quae
205 2947 407 3032 Metropolite
423 2947 600 3030 dicebatur,
624 2950 715 3014 iuxta
735 2949 892 3034 palatium
916 2950 1011 3016 sitam
1028 2949 1141 3014 uolens
1155 2947 1189 3012 in
1205 2948 1276 3013 loco

105 3057 218 3124 sistere
247 3057 390 3142 phialam
421 3065 452 3124 et
480 3058 576 3124 bases
605 3066 790 3126 construere
818 3059 907 3143 uulgi
929 3059 1123 3124 Venetorum
1154 3064 1188 3122 ut
1209 3056 1276 3123 illic

102 3168 329 3252 imperatorem
358 3168 569 3254 susciperent.
613 3175 649 3233 et
677 3189 754 3236 uero
782 3169 968 3256 patriarche
995 3167 1123 3234 dicebat
1152 3167 1276 3233 ‘oratio-

103 3297 177 3343 nem
200 3276 328 3362 quidem
351 3277 393 3343 ad
417 3278 621 3345 statuendam
644 3279 813 3345 ecclesiam
836 3279 1004 3360 habemus,
1032 3277 1066 3343 in
1088 3276 1276 3344 destructio·

102 3407 177 3453 nem
202 3408 277 3453 uero
299 3388 456 3454 ecclesiae
477 3409 542 3454 non
566 3389 785 3473 suscepimus!
830 3395 965 3472 cogente
994 3394 1102 3454 autem
1125 3408 1197 3453 eum
1221 3388 1276 3453 im-

56 3513 87 3565 25
103 3505 250 3581 peratore
286 3504 318 3563 et
354 3497 545 3565 omnimodis
577 3499 727 3583 exigente
763 3499 940 3565 orationem
973 3497 1057 3564 dixit
1091 3497 1277 3583 patriarcba

104 3607 216 3691 ‘gloria
238 3607 299 3672 deo
323 3608 378 3690 qui
400 3608 518 3690 iugiter
540 3609 704 3675 sustinone
727 3609 847 3694 patitur
869 3615 1010 3674 nuncet
1032 3627 1159 3694 semper
1181 3615 1214 3674 ct
1241 3608 1276 3673 in

104 3719 237 3784 saecula
256 3718 473 3783 saeculorum:
497 3719 611 3783 amen!
654 3739 717 3802 quo
733 3719 843 3785 audito
859 3718 1088 3786 destruxerunt
1102 3718 1275 3785 ecelesiam

103 3834 135 3892 et
158 3828 300 3893 lecerunt
322 3826 476 3910 phialam.
522 3847 617 3911 porro
640 3828 704 3892 iam
721 3828 839 3894 dictam
854 3829 1024 3895 ecelesiam
1039 3828 1274 3912 Metropolitem

103 3936 245 4002 iecerunt
267 3935 354 4021 apud
376 3938 496 4003 Petrin.

55 4068 86 4118 ³0
187 4047 281 4111 Anno
303 4047 430 4130 imperii
453 4048 625 4114 Iustiniani
648 4046 771 4113 decimo
800 4047 903 4113 aciem
927 4046 1046 4113 direxit
1067 4044 1274 4110 Muhammud
1298 4045 1417 4115 XXX

103 4155 261 4223 aduersus
284 4162 432 4241 quartem
456 4156 641 4222 Armeniam
663 4164 695 4221 ct
717 4157 888 4241 eaptiuetis
910 4157 1019 4222 multis
1041 4175 1192 4221 reuersus
1215 4161 1273 4222 est.
1310 4247 1312 4250 y

186 4266 308 4331 Eodem
341 4285 467 4350 quoque
500 4286 585 4332 anno
607 4267 807 4333 Iustinianus
841 4267 882 4332 ab
915 4265 1051 4352 imperio
1080 4265 1193 4350 pulsus
1224 4272 1272 4329 cst

101 4378 163 4443 hoo
195 4376 299 4441 modo.
343 4377 438 4443 iussit
459 4377 625 4462 Stephano
658 4376 792 4462 patricio
826 4383 858 4442 ct
891 4377 1035 4462 praetori
1059 4382 1271 4459 cognomento

169 4659 184 4708 2
204 4640 322 4722 quisdam
341 4653 374 4708 b
443 4663 459 4709 4
479 4670 506 4707 m
518 4654 659 4724 posterius
676 4671 728 4708 om.
747 4652 773 4708 b
851 4658 865 4705 7
884 4651 1039 4720 longothelu
1057 4650 1090 4706 D'
1167 4655 1183 4705 9
1200 4651 1275 4744 tirre-

102 4747 200 4813 cenl1b3
218 4748 246 4800 in
263 4763 317 4801 ras.
336 4749 364 4801 ia
382 4747 409 4802 D
514 4751 543 4800 rt
562 4744 695 4801 efficiebat
713 4745 739 4801 Ι)
841 4750 871 4800 21
898 4744 975 4799 uaiel
991 4744 1016 4799 D
1101 4745 1232 4801 benetoru
1248 4743 1276 4801 1>

103 4847 135 4895 28
154 4841 322 4908 mctropohte
340 4841 366 4896 D
