2834 5394
176 212 239 274 592
662 227 754 275 amur
776 225 860 273 xxvr

175 377 278 444 exiuit
300 377 424 463 etipse
447 377 481 443 in
504 376 732 462 desperatione
759 377 855 443 tortia
881 377 1053 444 infortunii
1077 377 1370 446 demonstratura

177 495 209 554 et
237 487 347 554 multis
375 487 518 572 tropaeis
547 487 640 554 laetis
669 488 759 554 misit
784 487 828 553 ad
848 487 956 554 Aaron
985 488 1252 573 Metropolitum
1282 490 1371 576 Syna

176 597 291 663 dorum
313 605 345 663 et
371 598 500 663 Petrum
515 597 738 681 Hegumenum
763 595 859 683 Gylei
881 604 913 665 et
934 595 1139 681 Gregorium
1164 618 1369 665 oeconomum

176 708 358 789 Amastrae,
380 709 549 792 postulans
571 707 641 772 lieri
670 726 783 791 pacem
821 715 854 773 et
880 708 1016 773 multum
1045 707 1315 793 disputantibus
1333 711 1371 776 eis

177 817 387 882 firmauerunt
410 835 524 903 paoem
546 825 580 882 ut
600 836 659 902 per
680 838 779 882 unum
797 836 954 902 quemque
969 837 1096 882 annum
1121 819 1298 887 tribueret
1317 822 1390 886 illisi

178 927 302 993 tricena
323 928 413 992 milia
434 928 662 994 numismatum
691 933 723 992 et
744 926 807 993 tria
829 928 1023 993 numismata
1044 927 1080 992 in
1105 928 1245 996 tributa
1266 931 1373 1017 eapitis

179 1036 382 1120 imperatoris
405 1044 437 1102 et
458 1037 521 1103 tria
541 1037 601 1102 lilii
622 1037 707 1118 eius,
731 1036 848 1120 quibus
870 1036 1011 1119 acceptis
1032 1036 1151 1103 Aaron
1175 1039 1374 1108 iucundstus

179 1151 229 1212 est
256 1154 289 1210 et
316 1146 472 1211 exultauit
499 1147 572 1231 plus
600 1147 749 1230 quamsi
777 1146 864 1213 dena
889 1146 979 1212 milia
1007 1149 1225 1232 suscepisset
1248 1152 1375 1230 talenta

179 1262 344 1339 tamquam
380 1257 563 1341 subegisset
594 1257 810 1322 Romanomm
841 1256 1020 1340 imperium.
1074 1277 1181 1341 porro
1224 1263 1376 1328 conuenit

180 1365 264 1431 inter
291 1386 347 1433 eos
370 1374 404 1432 ut
431 1375 540 1434 eastra
571 1385 654 1450 quae
682 1366 846 1433 destructa
866 1366 992 1431 lucrant
1014 1387 1080 1431 non
1102 1369 1406 1453 reaedificandall

180 1494 316 1559 cumque
350 1477 475 1544 Arabes
510 1476 633 1543 reuersi
667 1475 816 1556 luissent,
849 1475 1027 1542 construxit
1056 1475 1182 1542 eadem
1221 1482 1379 1547 continuo

182 1592 290 1652 castra
321 1595 353 1651 et
379 1587 611 1671 praemuniuit,
642 1605 705 1669 quo
732 1593 896 1669 comperto
923 1584 1033 1650 Aaron
1061 1585 1157 1650 misit
1194 1588 1327 1655 iterum
1353 1598 1381 1656 et

183 1697 303 1781 recepit
325 1696 510 1776 Thebasan,
534 1696 697 1776 missoque
720 1695 801 1760 stolo
824 1695 856 1760 in
879 1694 1020 1778 Cyprum
1049 1695 1217 1765 ecelesias
1250 1700 1382 1768 destru-

182 1805 228 1870 xit
250 1803 387 1890 Cyprios
409 1806 580 1889 emigrauit
601 1813 634 1870 et
656 1805 756 1869 multo
784 1803 909 1869 excidio
931 1804 1014 1868 tacto
1036 1822 1157 1886 pacem
1184 1807 1364 1877 dissoluit.

100 1916 161 1981 VII
268 1913 363 1978 Anno
392 1915 519 1998 imperii
548 1915 599 1980 sui
628 1915 740 1998 quinto
768 1920 875 1978 castra
902 1911 1001 1977 mouit
1021 1913 1242 1996 Nicephorus
1267 1928 1387 1987 eontn
1401 1922 1417 1970 ¹³

181 2021 339 2104 Bulgares
370 2030 493 2087 etcum
516 2023 660 2088 uenisset
682 2022 948 2107 Hadrianopolim
979 2029 1011 2087 et
1040 2023 1191 2090 senisset
1223 2030 1322 2114 quod
1346 2032 1387 2097 si·

182 2131 346 2195 multatem
376 2138 488 2196 eontra
515 2151 551 2197 se
580 2132 781 2214 imperatorii
818 2130 966 2198 homines
995 2137 1027 2196 et
1048 2133 1187 2215 quidam
1230 2159 1275 2205 ex
1301 2141 1387 2206 ordi-

183 2239 279 2307 nibus
308 2240 554 2324 rrreditarentur,
584 2240 735 2306 inefficax
762 2241 945 2325 repedauit,
980 2241 1059 2306 nihil
1088 2224 1282 2326 proficiens
1319 2251 1385 2316 nisi

184 2349 270 2434 quod
291 2357 414 2416 tantum
437 2350 589 2416 ultionem
613 2351 847 2418 contribulibus
869 2351 989 2431 intulit,
1013 2352 1128 2416 horum
1152 2357 1286 2424 multos
1310 2379 1384 2424 eae·

184 2460 279 2528 dibus
302 2461 408 2527 exiliis
431 2469 461 2525 et
482 2460 770 2547 proscriptionibus
792 2479 897 2525 rernm
921 2460 1119 2527 submittens.

79 2571 160 2636 VIII
267 2570 361 2634 Anno
397 2571 521 2655 imperii
551 2570 726 2656 Nicephori
758 2577 848 2636 sexto
879 2589 990 2635 mense
1018 2570 1231 2654 Septembrio
1265 2576 1380 2642 Aaron

183 2679 324 2742 Arabum
348 2679 413 2743 (lux
435 2701 506 2744 eum
529 2680 627 2746 classi
649 2687 761 2744 eontra
775 2679 922 2744 Rhodum
944 2679 1124 2745 Cburnebitl
1149 2680 1291 2764 direxit,
1322 2688 1379 2767 qui

183 2807 254 2852 eum
277 2789 383 2854 subito
405 2797 637 2857 transmeasset
670 2788 882 2871 Rhodumque
911 2789 1130 2872 peruenisset,
1161 2794 1308 2860 multum
1343 2797 1376 2861 in

184 2919 224 2964 ea
246 2900 406 2964 excidium
428 2900 511 2964 feeit.
556 2919 667 2964 uerum
697 2907 804 2965 tamen
826 2900 1034 2983 municipium
1063 2898 1148 2982 quod
1173 2900 1209 2965 in
1235 2922 1280 2968 ea
1305 2913 1376 2969 erat

185 3028 249 3072 nou
272 3009 494 3091 impugnatum
517 3011 680 3075 remansit.
710 3029 780 3073 eum
797 3016 904 3074 autem
921 3010 992 3094 ipse
1007 3015 1178 3091 remearet,
1197 3012 1374 3078 euidenter
1389 3018 1415 3068 25

185 3114 391 3198 impugnatus
420 3124 469 3180 est
506 3137 526 3180 a
556 3125 666 3182 saneto
702 3127 732 3184 et
762 3120 986 3185 miraculorum
1018 3125 1183 3205 patratore
1218 3121 1370 3188 Nicolao.

185 3243 257 3287 eum
285 3231 391 3289 autern
419 3226 511 3310 Myra
539 3226 683 3293 uenisset
723 3235 754 3293 et
792 3249 915 3295 sacram
953 3229 1022 3293 eius
1060 3247 1167 3292 aream
1199 3238 1370 3297 conterere

185 3335 424 3418 temptauisset,
455 3335 554 3400 aliam
582 3357 640 3420 pro
669 3337 726 3401 illa
753 3339 919 3420 eontriuit‚
948 3359 1085 3421 moxque
1108 3338 1240 3403 classim
1265 3342 1368 3406 multa

186 3450 351 3509 uentorum
381 3453 413 3510 et
440 3446 635 3510 marinorum
663 3446 825 3517 lluetuum,
848 3449 1058 3513 tonitruorum
1081 3467 1208 3531 quoque
1239 3469 1281 3513 ao
1313 3450 1369 3514 lul·

185 3572 300 3634 gutum
323 3554 537 3638 inaequalitas
567 3557 809 3642 comprehendit
830 3559 877 3622 ita
898 3565 932 3622 ut
953 3558 1112 3642 plurimae
1134 3557 1279 3640 scaphae
1297 3579 1369 3623 oon·
1384 3561 1410 3612 ³⁰

187 3672 417 3742 quassarentur
452 3668 585 3751 ipseque
621 3669 825 3751 impugnator
860 3667 1040 3733 Ohurnehid
1074 3668 1225 3731 uirtutem
1263 3667 1369 3734 sancti

188 3783 394 3856 cognosceret
416 3783 447 3840 et
469 3778 644 3861 perleulum
667 3783 795 3861 praeter
818 3797 908 3861 spem
932 3778 1093 3844 euaderet.

379 3904 493 3912 ,ὠς-.-

256 3967 408 4036 ttrophori
425 3967 452 4022 b
521 3973 580 4021 let
600 3974 612 4020 l
632 3973 658 4022 et
679 3971 708 4021 lt
727 3972 800 4022 etti
821 3968 907 4023 haron
925 3968 952 4023 Ι)
1020 3945 1222 4023 arrnaoorib
1283 3973 1369 4038 :tgu-

188 4058 267 4113 lerI)
336 4041 465 4115 economr'r
485 4060 642 4115 amaitreI)
705 4037 918 4128 fronimusa-I)
970 4062 1161 4115 (tuumrlmata
1179 4060 1237 4121 laed
1255 4073 1372 4116 corant

189 4152 244 4204 uid.
263 4169 300 4207 ea
325 4132 529 4215 numrlrnatr'rlll
581 4154 674 4208 &trra
692 4154 850 4206 numrlmata
868 4153 964 4208 cml)
999 4153 1211 4216 rocrrndatutrllt
1261 4156 1371 4208 16qu-

188 4243 307 4309 garelI)
359 4224 570 4317 adrrarropolll)
628 4246 741 4300 uenrltet
759 4245 855 4300 onsll
935 4250 968 4299 20
988 4226 1160 4300 firmitteniD
1213 4251 1243 4299 tl
1263 4262 1332 4302 mira
1346 4249 1373 4303 D

190 4337 218 4385 tl
242 4338 366 4392 cumehrd
387 4341 413 4394 I)
