2834 5394
545 669 617 716 cuc.
641 668 743 718 1-uu
1172 658 1233 721 427

59 826 186 905 portum
208 819 352 904 Sophiae
379 821 522 905 initoque
550 820 635 886 bello
665 821 742 885 uicit
769 821 876 905 gratia
898 820 1019 889 Christi
1047 831 1232 909 tyrannum.

59 931 178 1014 uulgus
199 938 305 996 autem
328 930 414 996 hunc
436 929 703 1017 comprehensum
726 931 953 997 interfecerunt
982 941 1014 998 θῖ
1042 935 1117 1018 igne
1146 934 1233 1019 apud

58 1044 201 1106 Taurum
224 1048 456 1107 cremauerunt.
500 1042 667 1124 ingressus
695 1061 771 1124 ergo
793 1041 962 1109 Heraclius
991 1044 1116 1126 regalia
1143 1063 1233 1110 eoro-

60 1156 156 1218 nalus
184 1158 234 1217 est
262 1170 283 1216 a
305 1151 417 1234 Sergio
439 1150 625 1236 patriarcha
653 1151 686 1216 in
715 1152 855 1216 oratorio
884 1153 988 1219 saneti
1011 1153 1168 1239 Stephani
1198 1155 1233 1220 in

27 1262 182 1348 spalatio
205 1262 277 1328 sito.
321 1270 474 1326 coronata
509 1269 559 1327 est
595 1281 672 1326 uero
709 1260 822 1325 eadem
860 1261 913 1327 die
950 1283 1071 1347 sponsa
1104 1284 1233 1349 quoque

61 1373 165 1458 ipsius
187 1370 333 1437 Eudocia
355 1373 390 1437 in
411 1371 590 1456 Augustam
619 1379 652 1436 et
679 1372 802 1455 aceepit
830 1380 963 1456 uterque
991 1393 1012 1437 a
1034 1363 1148 1457 Sergio
1177 1394 1235 1459 pa·

59 1483 202 1548 triareha
224 1481 408 1565 nuptiarum
431 1501 566 1548 coronas
595 1487 628 1548 θῖ
649 1503 713 1547 uno
737 1480 991 1567 eodemquedie
1014 1484 1110 1549 simul
1132 1484 1234 1569 impe·

60 1600 148 1658 rator
170 1599 202 1658 θῖ
224 1612 363 1677 sponsus
386 1590 575 1658 ostenditur.

144 1703 256 1769 Hense
279 1721 355 1768 uero
378 1702 463 1766 Maio
491 1710 598 1768 castra
627 1709 796 1769 mouerunt
817 1704 938 1768 Persae
966 1709 1079 1768 contra
1101 1703 1230 1787 Syriam
1246 1691 1304 1786 ,ΙΙΙ

12 1826 43 1876 io
60 1821 93 1879 θῖ
128 1819 283 1898 ceperunt
309 1813 481 1897 Apamiam
518 1821 550 1877 et
571 1811 729 1879 Edessam
767 1820 799 1877 et
834 1821 994 1878 uenerunt
1016 1813 1232 1878 Antiochiam.

60 1942 155 2008 porro
176 1923 313 1988 Romani
346 1928 548 1989 occurrentes
581 1923 629 1988 cis
662 1922 805 2007 superati
838 1931 913 1988 sunt
943 1931 975 1989 et
1002 1924 1099 2007 periit
1127 1924 1233 1992 omnis

60 2034 198 2120 populus
219 2035 434 2098 Romanorum
457 2032 538 2098 adeo
561 2040 596 2097 ut
617 2033 713 2099 ualde
734 2033 829 2117 pauci
852 2053 892 2098 ex
915 2032 967 2100 his
990 2033 1176 2099 euaderent.

144 2144 239 2209 Anno
261 2163 338 2208 uero
360 2143 487 2227 imperii
510 2143 650 2208 Heraclii
674 2143 815 2210 secundo
837 2149 991 2229 ceperunt
1011 2144 1131 2210 Persae
1154 2143 1234 2210 Cae·

61 2254 181 2320 sariam
204 2253 430 2340 Cappadociae
452 2260 485 2318 ot
505 2253 645 2337 plurima
673 2273 712 2319 ex
734 2273 774 2319 ca
796 2254 928 2338 captiua
949 2252 1112 2320 duxerunt
1133 2253 1232 2319 milia.

10 2376 40 2426 ιθ
60 2365 230 2430 Heraclius
251 2371 360 2428 autem
381 2364 556 2448 imperator
583 2365 708 2429 inuenit
735 2364 897 2431 dissoluta
927 2363 1077 2448 publicae
1105 2365 1151 2429 rei
1181 2383 1235 2430 ne·

62 2476 153 2559 gotia
173 2474 201 2541 si
224 2473 354 2556 quidem
377 2474 540 2558 Europam
563 2475 688 2540 Auaros
709 2473 880 2540 reddidere
903 2473 1086 2558 desertam,
1120 2475 1233 2542 Asiam

62 2605 139 2652 uero
169 2586 289 2650 Persae
317 2591 416 2649 totam
446 2585 741 2649 exterminuuerunt
769 2592 801 2649 et
829 2585 976 2651 ciuitates
1005 2584 1234 2651 desolauerunt

64 2703 97 2761 θῖ
123 2697 303 2760 Rauranum
331 2695 365 2759 in
393 2694 488 2759 bellis
518 2695 692 2758 exercitum
721 2695 960 2761 interemerunt.
1007 2694 1123 2778 quibus
1152 2695 1233 2761 crisis

61 2805 223 2870 haesitare
245 2806 351 2889 coepit
373 2804 450 2888 quid
472 2812 598 2885 ageret,
631 2812 779 2870 scrutans
802 2805 888 2870 enim
912 2806 1072 2870 exercitus
1102 2805 1130 2869 si
1154 2804 1234 2869 forte

12 2930 47 2981 2ο
63 2915 146 2983 salui
169 2915 345 2980 existerent
367 2913 448 2978 duos
472 2920 595 2978 tantum
619 2914 741 2978 inuenit
764 2935 805 2979 ex
823 2913 973 2979 omnibus
997 2913 1047 2979 liis
1078 2913 1132 2997 qui
1161 2933 1234 2979 cum

61 3026 171 3092 Phoca
191 3032 303 3090 contra
317 3023 507 3089 Mauriciurn
529 3025 563 3088 in
585 3023 758 3108 tyrannide
781 3023 971 3087 militarunt.
1017 3021 1131 3088 codem
1147 3043 1234 3089 anno

62 3144 158 3202 natus
180 3144 230 3201 est
251 3134 436 3219 imperatori
460 3133 545 3199 lilius
568 3133 608 3199 de
632 3135 776 3198 Eudocia
798 3133 967 3200 Heraclius
990 3133 1093 3198 minor
1124 3134 1179 3218 qui
1203 3140 1235 3201 et

62 3248 175 3312 Nouus
190 3244 421 3310 Constantinus
437 3245 620 3328 appellatus
636 3252 686 3310 est
700 3254 732 3309 et
747 3254 872 3309 mortua
887 3251 937 3311 est
951 3244 1099 3326 Augusta
1115 3243 1230 3310 eadem

63 3356 175 3440 quinta
196 3355 322 3421 decima
337 3353 521 3419 indictione.

11 3480 47 3532 25
148 3465 257 3530 Tertio
281 3465 408 3548 imperii
430 3464 572 3530 Heraclii
594 3485 680 3529 anno
710 3472 863 3530 coronata
891 3472 940 3532 est
962 3463 1148 3549 Epiphania
1169 3462 1238 3528 filia
1259 3459 1326 3525 1111

64 3575 207 3641 Heraclii
228 3596 248 3639 a
270 3574 383 3657 Sergio
406 3574 591 3669 patriarcha
621 3575 654 3640 in
676 3574 855 3658 Augustam
883 3576 917 3640 in
948 3575 1088 3640 oratorio
1110 3573 1236 3660 palatii,

65 3684 178 3752 eadem
211 3704 287 3749 uero
319 3685 425 3769 prima
457 3684 632 3750 indictione
662 3694 833 3752 coronatus
862 3693 912 3753 est
932 3685 1102 3752 Heraclius
1132 3684 1238 3749 iunior

63 3796 148 3862 lilius
180 3795 322 3859 Heraclii
359 3795 414 3878 qui
451 3803 484 3861 et
516 3795 748 3862 Constantinus
785 3817 805 3860 a
841 3794 1006 3879 praedicto
1042 3793 1237 3879 patriarcha.

64 3904 178 3972 eodem
200 3925 286 3970 anno
309 3906 464 3971 Saraceni
498 3906 601 3971 aciem
630 3913 742 3970 contra
765 3905 894 3989 Syriam
923 3905 1111 3971 direxerunt
1132 3910 1164 3970 et
1186 3921 1238 3968 ex·

10 4028 47 4078 ao
63 4014 244 4081 terminatis
266 4037 330 4081 nou
353 4016 450 4082 nullis
474 4016 555 4082 uicis
578 4017 699 4081 reuersi
722 4023 807 4082 sunt.

148 4126 243 4190 Anno
266 4126 393 4211 imperii
415 4125 557 4191 Heraclii
579 4132 693 4208 quarto
723 4131 878 4210 ceperunt
900 4124 1020 4190 Persae
1043 4125 1240 4187 Damascum

64 4241 97 4300 ct
118 4236 280 4320 captiuum
303 4236 466 4302 duxerunt
488 4236 640 4319 populum
670 4237 815 4301 multum.
860 4234 1031 4300 Heraclius
1053 4241 1159 4299 autem
1181 4232 1239 4296 im·

131 4512 320 4574 deudotral)
390 4517 478 4567 iuna
495 4512 661 4581 eodemq.D
732 4517 762 4600 lp
780 4511 917 4566 hedeliam
934 4511 961 4566 D
1021 4516 1049 4564 15
1069 4509 1195 4579 pubbhce
1214 4508 1241 4564 D

66 4609 98 4658 19
116 4611 187 4674 ceput
205 4605 230 4660 Ι)
310 4610 342 4658 20
361 4607 529 4661 exraltcrcnt
548 4603 574 4660 D
655 4609 686 4659 22
705 4607 799 4675 impul
814 4606 841 4661 D
909 4604 1019 4689 eudotm
1036 4603 1062 4659 Ι)
1143 4607 1176 4658 23
1195 4617 1240 4658 eo·

61 4697 100 4753 de
117 4698 151 4753 D‘
214 4702 476 4787 25cororonata1)
563 4702 596 4755 26
614 4697 788 4754 herachh1D
873 4702 904 4753 27
925 4697 994 4754 eode
1011 4697 1044 4752 θ’
1133 4700 1166 4751 28
1183 4696 1240 4767 puel

65 4807 139 4863 ducta
156 4808 190 4864 P
