2834 5394
134 302 194 363 152
644 314 737 361 unsar
758 313 792 360 vr

130 468 206 533 hilis
234 466 421 551 cupiditatis
451 464 616 547 auiditate,
645 463 759 530 audita
780 464 815 528 in
836 463 1072 547 Hierosolymis
1093 463 1207 547 templi
1230 481 1301 546 opu-

129 579 238 657 lentia,
276 598 372 661 quam
404 576 578 660 Pompeius
614 575 767 639 intactam
804 574 986 655 reliquerat,
1022 574 1056 638 in
1083 572 1301 639 Palaestinam

128 686 267 770 diuertit,
299 687 556 770 Hierosolymam
585 684 662 765 adit,
696 684 849 767 templum
881 682 1039 768 peruadit,
1072 701 1152 767 opes
1185 681 1301 766 diripit.

127 796 204 862 inde
225 817 283 880 per
305 797 571 881 Mesopotamiam
600 793 737 860 tendens
765 794 799 859 in
821 792 987 859 Parthiam
1015 810 1219 876 quacumque
1247 793 1300 856 iter

127 906 240 971 habuit
264 907 360 972 sociis
383 904 568 969 ciuitatibus
591 904 714 968 auxilia
735 903 861 985 indixit,
884 904 990 987 pretia
1003 903 1121 986 exegit.
1166 921 1297 985 moxque

132 1023 167 1080 ut
189 1014 386 1099 Euphratem
408 1015 545 1096 transiit,
575 1015 648 1077 ilico
670 1014 818 1096 Bagesen
846 1014 988 1095 legatum
1010 1013 1052 1077 ab
1074 1011 1206 1077 Herode
1228 1030 1296 1093 rege

127 1124 318 1189 Parthorum
346 1124 389 1188 ad
418 1145 454 1189 se
483 1125 616 1189 missum
639 1123 768 1187 obuium
790 1123 914 1204 habuit,
947 1143 968 1186 a
1000 1142 1063 1207 quo
1096 1122 1297 1187 uehementer

126 1234 303 1317 increpitus
325 1242 374 1299 est
396 1253 452 1297 cur
473 1241 585 1298 eontra
607 1233 719 1298 foedus
742 1233 868 1297 Luculli
890 1242 922 1297 ct
937 1232 1070 1317 Pompei
1093 1231 1235 1297 auaritia
1256 1232 1296 1294 in·

126 1342 239 1409 ductus
253 1343 449 1426 Euphratem
472 1343 645 1409 transierit.
690 1364 785 1425 quam
808 1343 849 1407 oh
872 1361 939 1407 rem
963 1342 1033 1407 siue
1055 1362 1148 1406 mora
1161 1341 1296 1406 futurum

126 1460 160 1517 ut-
181 1474 239 1537 pro
262 1474 340 1518 auro
356 1453 506 1518 Parthico
522 1453 632 1518 Serico
648 1453 731 1516 ferro
747 1458 943 1517 oneraretur.
987 1452 1097 1534 itaque
1111 1470 1184 1515 cum
1200 1471 1296 1535 prope

126 1561 243 1630 Carras
265 1572 377 1629 contra
399 1564 507 1628 omina
529 1570 561 1628 et
588 1562 737 1645 auspicia
763 1568 893 1625 uentum
922 1569 1018 1641 esset,
1052 1560 1166 1624 Parthi
1195 1560 1297 1626 subito

123 1672 308 1756 ingruentes
330 1694 401 1738 curn
424 1674 549 1739 Surena
570 1678 602 1736 et
620 1671 739 1736 Sillace
760 1670 931 1755 praefectis
953 1670 1079 1753 sagittis
1107 1689 1297 1753 oppressere

123 1784 295 1849 Romanos.
340 1783 485 1847 cecidere
508 1782 552 1845 ibi
581 1781 709 1864 plurimi
740 1787 916 1861 senatores,
946 1780 1070 1863 aliquot
1098 1780 1198 1845 etiam
1228 1799 1298 1844 cou-

123 1893 248 1958 sulares
271 1900 303 1956 et
324 1893 476 1975 praetorii
501 1892 573 1955 uiri.
618 1890 756 1956 Crassus
779 1908 906 1973 quoqne
932 1890 1019 1954 tilius
1042 1888 1163 1971 Crassi,
1194 1888 1297 1955 lectis·

33 2052 36 2057 .
123 2001 223 2067 simus
246 2001 383 2079 iuuenis,
406 2001 439 2065 in
461 2001 532 2065 acic
554 2002 678 2066 occisus
696 2009 755 2066 est.
800 2006 971 2084 praeterea
985 2005 1135 2082 quattuor
1149 1998 1297 2064 cohortes

122 2129 193 2175 cunr
208 2110 407 2191 Vargunteio
430 2110 538 2191 legato
553 2109 670 2174 mediis
685 2109 908 2194 deprehensae
923 2109 1047 2193 eampis
1062 2115 1094 2173 et
1108 2109 1297 2174 interiectae

121 2226 204 2285 sunt.
250 2219 393 2283 Surenas
421 2226 513 2303 rapto
536 2220 679 2300 equitatu
701 2218 855 2285 Crassum
877 2219 1029 2303 persequi
1051 2218 1190 2284 intendit
1214 2238 1299 2283 eum·

120 2348 182 2412 que
204 2329 456 2393 circumuentum
486 2347 524 2392 ae
554 2329 672 2394 trustra
698 2329 903 2411 conloquium
928 2328 999 2393 eius
1026 2335 1189 2412 petentem
1213 2328 1299 2412 cepit

119 2440 207 2504 etin
229 2448 337 2505 castra
359 2438 509 2523 perduxit
531 2458 569 2501 ae
591 2445 787 2522 postremum
809 2456 888 2501 auro
904 2437 1009 2501 inluso
1025 2437 1060 2501 in
1074 2457 1111 2503 os
1125 2437 1297 2503 interfecit.

119 2550 214 2633 pauci
251 2550 353 2614 noctis
391 2548 545 2614 beneficio
582 2547 710 2613 liberati
747 2546 866 2611 Carras
902 2546 1121 2629 confugerunt.
1166 2547 1297 2629 cognita

118 2658 210 2722 clade
237 2661 453 2723 Ronranormn
482 2658 602 2722 multae
632 2656 765 2722 orientis
794 2655 981 2740 prouinciae
1009 2675 1031 2719 a
1059 2656 1214 2721 socictate
1244 2657 1295 2723 uel

117 2765 181 2831 lide
208 2768 319 2851 populi
350 2767 487 2831 Romani
516 2765 711 2831 defecissent
739 2766 772 2830 ui
802 2765 937 2832 Cassius
966 2773 1118 2848 quaestor
1148 2767 1294 2833 collectis

116 2895 158 2942 ex
178 2876 256 2959 luga
278 2875 432 2942 militibus
455 2876 568 2959 paucis
595 2875 861 2941 intumescentem
884 2876 1012 2959 Syriam
1035 2875 1168 2959 egregia
1192 2877 1292 2941 animi

117 2986 233 3051 uirtute
255 3005 293 3050 ac
316 2985 536 3051 moderatione
559 2985 740 3068 pressisset,
769 2985 825 3069 qni
847 2989 880 3050 et
900 2984 1093 3050 Antiochum
1116 2985 1294 3070 copiasque

116 3096 186 3160 eius
215 3096 364 3177 ingentes
393 3094 513 3178 proelio
544 3094 620 3157 uicit
648 3098 680 3158 et
706 3094 874 3159 interiecit.
918 3094 1056 3160 Parthos
1087 3115 1217 3179 quoque
1249 3096 1290 3161 ah

115 3201 243 3267 Herode
270 3203 303 3265 in
327 3203 454 3286 Syriam
484 3204 600 3268 missos
629 3204 757 3285 iamque
786 3205 951 3287 ingressos
972 3204 1177 3269 Antiochiam
1205 3205 1292 3271 hello

114 3312 237 3397 expulit
273 3310 450 3395 ducemque
486 3332 596 3377 corum
632 3313 785 3396 Hosagen
822 3313 989 3379 interiecit.
1033 3314 1131 3397 igitur
1152 3317 1291 3380 Romani

114 3429 217 3489 status
251 3422 357 3505 agitur
388 3442 516 3506 semper
544 3423 670 3487 alt-ema
697 3423 831 3487 mutatio
859 3430 891 3488 et
919 3423 1007 3487 uelut
1035 3423 1139 3488 forma
1168 3424 1291 3490 Oceani

80 3528 85 3537 '
116 3533 224 3615 maris,
256 3552 340 3616 quae
362 3533 448 3596 omni
471 3531 525 3597 die
557 3531 671 3616 dispar
697 3551 782 3597 nunc
805 3531 965 3598 succiduis
987 3552 1047 3618 per
1068 3540 1193 3618 septem
1209 3533 1289 3601 'dies

111 3643 266 3707 attollitur
288 3642 510 3724 incrementis,
541 3662 624 3706 nunc
647 3642 891 3724 insequentibus
922 3640 1054 3707 totidem
1083 3642 1199 3710 diebus
1232 3664 1286 3710 na-

109 3753 206 3817 turali
228 3751 346 3818 damno
369 3759 401 3817 et
422 3751 546 3816 delectu
569 3752 720 3816 interiore
743 3750 939 3816 subducitur.

0 3887 9 3917 a
24 3860 88 3924 XII
194 3862 326 3927 Interea
354 3881 439 3927 anno
469 3861 511 3925 ab
543 3862 622 3925 urbe
650 3860 779 3925 condita
813 3861 1100 3945 septingentesimo
1131 3861 1286 3928 incertum

113 3997 389 4006 ----——-..-

108 4052 211 4119 rettulit
237 4058 267 4106 ut
290 4052 380 4122 persal
394 4051 499 4104 redient
514 4051 590 4104 trani
605 4049 729 4105 eufraten
744 4052 748 4119 Ι
764 4052 865 4106 crebrrl
880 4054 1026 4121 promuerit
1042 4051 1174 4105 uincerdc·
1192 4053 1215 4106 B
1269 4059 1283 4106 2

105 4142 297 4211 phaleltmaI)
372 4149 432 4197 bct
448 4147 464 4196 9
482 4141 649 4197 eutratenI)
724 4144 875 4211 eBageteu
896 4144 933 4198 P:
950 4145 1060 4199 baraton
1077 4144 1104 4199 D
1185 4149 1216 4198 td
1234 4145 1284 4200 ho·

105 4241 246 4288 neraretur
263 4237 289 4291 D
370 4241 398 4289 tl
419 4235 529 4289 charras
545 4234 571 4288 ll
629 4233 752 4288 omenl)
846 4237 992 4292 saulaces
1009 4235 1075 4298 ΗΡ,
1100 4235 1197 4291 fllacea
1221 4239 1281 4293 cod.

105 4324 220 4388 choci,
237 4327 339 4381 emend.
362 4344 400 4382 erc
419 4327 515 4382 Oresio
542 4325 673 4381 Gruterus
770 4331 799 4380 13
816 4329 889 4397 aqud
907 4329 934 4383 a
1023 4335 1053 4385 16
1071 4329 1233 4398 bargunteio
1255 4332 1285 4386 Il

105 4418 307 4472 accurrate
