2834 5394
618 670 691 720 car.
714 671 809 720 vr-rr
1244 658 1304 719 511

135 831 245 890 austro
266 823 365 889 flante
387 823 463 889 inde
487 824 619 908 profecti
642 824 774 908 nauigio
797 831 955 891 uenerunt
976 824 1020 890 ad
1042 824 1153 890 urbem
1182 831 1215 891 et
1236 824 1306 909 qui-

136 933 210 998 dam
234 953 343 999 corum
367 932 409 998 ad
431 935 502 999 loca
525 953 609 1017 quae
631 932 781 1001 dicuntur
802 935 949 1020 Eutropii
971 943 1003 1001 et
1017 934 1182 1000 Anthemii
1204 940 1306 1001 trans-

136 1051 292 1123 mearunt,
317 1042 447 1128 quidam
470 1051 577 1111 autem
600 1045 643 1111 ad
666 1054 774 1130 partos
797 1045 924 1111 Thrace
946 1065 968 1109 a
988 1046 1121 1111 castello
1144 1043 1255 1110 Galati
1276 1050 1308 1109 et

136 1173 238 1238 usque
253 1153 296 1219 ad
311 1153 450 1219 clidium
473 1155 706 1240 applicuerunt.
746 1175 857 1222 uerum
879 1154 1058 1241 grandibus
1081 1156 1147 1222 illis
1168 1154 1308 1221 nauibus

104 1279 176 1330 tex
204 1285 302 1330 onere
331 1267 520 1350 aggranatis
548 1273 644 1350 atque
673 1267 845 1334 retardatis
874 1265 1114 1333 dorsicnstodos
1142 1285 1245 1350 usque
1265 1263 1308 1330 ad

136 1375 251 1460 uiginti
283 1375 423 1460 scaphas
455 1385 679 1444 remanserunt
711 1377 868 1444 habentes
903 1383 1056 1443 centenos
1083 1376 1235 1442 loricatos
1265 1373 1309 1440 ad

137 1485 197 1551 has
216 1484 456 1552 custodiendas.
494 1495 665 1571 praetcrea
687 1488 872 1569 serenitate,
896 1507 981 1572 quae
1004 1486 1065 1554 has
1088 1487 1123 1552 in
1138 1485 1306 1553 rheumate

137 1594 382 1680 comprehendit
410 1596 524 1662 effecta
552 1605 584 1661 et
612 1596 729 1665 Austro
759 1597 918 1663 modicum
947 1597 1046 1663 flante
1073 1596 1117 1663 ad
1148 1598 1310 1663 exteriora

135 1707 295 1791 impulsae
318 1714 401 1772 sunt.

90 1828 119 1878 ιο
221 1817 400 1902 Imperator
429 1835 505 1881 uero
533 1818 679 1903 protinus
708 1819 854 1902 igniferis
882 1819 1022 1885 nauibus
1049 1825 1162 1884 contra
1182 1836 1238 1883 eos
1261 1799 1325 1883 di-¹

137 1927 232 1993 rectis
254 1927 295 1991 ab
317 1925 468 2012 Acropoli
490 1927 551 1993 has
573 1927 685 1995 diuina
706 1948 768 2014 ope
790 1929 866 2013 igne
881 1928 1081 2014 consumpsit
1095 1935 1127 1993 et
1141 1928 1227 1993 aliae
1241 1928 1308 2012 qui-

136 2037 209 2102 dem
232 2057 273 2102 ex
286 2036 346 2103 -his
369 2037 411 2102 ad
433 2038 523 2120 ripae
545 2058 653 2104 muros
675 2039 837 2123 proiectae
858 2045 942 2121 sunt,
965 2039 1050 2105 aliae
1065 2057 1142 2104 uero
1157 2057 1308 2104 unacum

137 2147 321 2213 hominibus
345 2147 378 2212 iu
400 2146 593 2232 profundum
616 2147 785 2215 demersae
808 2155 891 2231 sunt,
915 2169 1011 2234 porro
1034 2149 1120 2215 aliae
1142 2168 1243 2232 usque
1265 2148 1308 2213 ad

137 2265 263 2322 acutam
287 2265 318 2322 et
340 2258 439 2323 latam
461 2258 601 2325 insulam
623 2266 832 2344 consumptae
854 2266 1001 2345 portatae
1018 2267 1102 2326 sunt
1141 2257 1216 2324 hinc
1231 2278 1308 2341 ergo

91 2375 119 2425 15
138 2368 193 2452 qui
216 2374 308 2434 erant
330 2388 371 2433 ex
393 2369 472 2434 urbe
494 2369 643 2434 fiduciam
665 2378 894 2455 perceperunt,
926 2376 960 2435 at
981 2370 1092 2436 hostes
1114 2389 1231 2453 magno
1253 2389 1308 2453 pa·

137 2499 214 2544 uore
243 2479 390 2545 concussi
420 2485 494 2545 sunt
521 2478 647 2544 humidi
673 2487 904 2564 cognoscentes
934 2479 1191 2547 efficacissimam
1223 2479 1308 2563 ignis

138 2590 366 2673 operationem.
418 2589 570 2654 uolebant
606 2591 692 2655 enirn
729 2590 843 2656 eadem
885 2590 939 2655 <lie
974 2589 1103 2674 uesperi
1139 2589 1181 2655 ad
1217 2590 1309 2674 ripae

144 2719 253 2764 muros
282 2697 447 2783 applicare
487 2700 658 2765 stationem
689 2707 721 2763 et
749 2708 893 2766 temones
921 2720 1021 2784 supra
1048 2700 1231 2783 pugnacula
1252 2699 1309 2763 im-

140 2827 270 2890 ponere,
302 2807 359 2873 sed
382 2807 550 2874 consilinm
573 2828 681 2873 eorum
704 2808 877 2893 dissipauit
906 2811 1108 2893 omnipotens
1130 2828 1189 2893 per
1212 2809 1310 2873 iuter·

90 2917 302 2983 accessiones
325 2916 378 2982 uei
400 2918 583 3000 genetricis.
629 2917 742 2983 eadem
765 2938 842 2983 uero
864 2926 958 2983 nocte
974 2919 1149 3002 imperator
1162 2925 1308 2983 catenum

137 3049 158 3092 a
178 3027 258 3092 locis
274 3025 384 3092 Galati
406 3034 527 3093 secreto
550 3028 696 3103 remouit,
718 3027 839 3092 inimici
863 3034 970 3093 autem
993 3027 1202 3094 aestimantes
1224 3027 1308 3112 quod

136 3139 249 3204 uolens
272 3157 327 3202 cos
350 3136 499 3221 decipere
522 3136 606 3202 hanc
628 3139 800 3203 remouerit
822 3138 1004 3221 imperator,
1042 3157 1107 3203 non
1135 3136 1207 3203 ausi
1236 3145 1310 3204 sunt

138 3249 258 3312 intrare
289 3266 389 3331 usque
421 3246 464 3312 ad
493 3267 533 3313 ea
562 3268 645 3331 quae
674 3248 822 3313 dicuntur
845 3247 954 3312 Galati
982 3248 1034 3313 uel
1063 3248 1227 3332 applicare
1251 3247 1309 3313 sed

136 3359 330 3441 nauigantes
353 3357 394 3422 ad
418 3358 522 3423 sinum
539 3357 713 3439 Sosthenii‚
737 3358 803 3423 illic
818 3358 1002 3423 munierunt
1016 3356 1182 3440 nauigium
1205 3378 1308 3424 suum.

89 3475 120 3526 25
138 3488 216 3533 sane
246 3475 360 3533 octauo
389 3468 461 3532 idus
485 3467 653 3534 Octobrias
681 3468 814 3534 moritur
843 3468 1008 3534 Sulciman
1045 3467 1110 3533 dux
1139 3487 1249 3533 eorum
1278 3475 1310 3534 et

138 3577 270 3642 Amirae
292 3578 388 3644 sumit
410 3578 548 3643 osticium
570 3578 716 3643 Haumar
737 3578 823 3644 filius
846 3577 1070 3643 Habdilbaziz.
1107 3597 1178 3643 cum
1201 3585 1308 3644 autem

137 3686 241 3751 hiems
264 3688 297 3751 in
319 3687 445 3752 Thrace
472 3687 567 3752 ualde
594 3687 705 3771 grauis
733 3689 925 3755 accessisset
957 3688 1040 3755 adeo
1067 3696 1102 3752 ut
1129 3695 1216 3754 terra
1245 3709 1309 3754 non

136 3803 267 3882 pareret
289 3816 308 3861 a
330 3798 415 3877 niue,
438 3817 521 3881 quae
544 3798 577 3862 in
600 3799 786 3882 crystallum
809 3817 904 3864 uersa
927 3819 1000 3865 esse
1022 3798 1202 3880 uidebatur,
1232 3801 1310 3863 mul-

136 3906 239 3972 titudo
262 3926 414 3987 equorum
438 3915 469 3973 et
491 3908 684 3973 camelorum
707 3916 948 3991 ceterorumque
970 3908 1181 3974 animantium
1205 3908 1309 3973 inimi-

88 4023 119 4073 30
135 4037 243 4082 corum
267 4023 392 4081 mortua
413 4024 470 4084 est.

220 4128 317 4192 Porro
339 4126 462 4192 uernali
484 4133 627 4211 ternpore
649 4128 737 4193 uenit
758 4127 902 4210 Sophiau
931 4146 1003 4191 curn
1025 4126 1107 4191 stolo
1129 4126 1184 4209 qui
1205 4125 1308 4192 iuerat
1329 4127 1361 4193 X

134 4239 275 4322 Aegypti
298 4243 495 4302 constructus
517 4237 642 4303 habens
663 4257 763 4303 naues
785 4236 977 4302 frumentum
999 4235 1138 4303 terentes
1160 4235 1308 4319 quadrin-

135 4469 436 4476 ————---—-

204 4623 218 4670 3
237 4617 284 4685 ad]
304 4633 336 4672 ca
353 4617 379 4672 1)
448 4622 462 4670 ‘l
481 4620 602 4671 reumate
621 4614 646 4669 D
715 4619 729 4668 8
748 4616 848 4679 austro]
867 4615 978 4684 angusto
997 4616 1023 4670 Ι)
1102 4620 1130 4668 10
1149 4614 1202 4683 eol]
1220 4616 1266 4669 eal
1281 4614 1308 4670 D

137 4715 164 4763 tl
186 4709 350 4778 acropuhl)
421 4715 449 4765 13
468 4710 504 4774 in]
522 4726 559 4764 rm
576 4708 603 4763 D
670 4712 702 4762 25
722 4707 835 4763 octuber
852 4707 879 4763 D
927 4707 1101 4763 zuleimenD
1159 4713 1192 4762 26
1210 4710 1307 4778 emelrc

135 4803 161 4857 Ι)
220 4806 252 4856 28
270 4802 386 4872 parcnt·
400 4810 500 4873 atq-ru
520 4779 682 4857 cultellil)
750 4806 782 4856 30
800 4806 905 4857 monuo
923 4801 950 4857 D
1018 4805 1048 4855 31
1070 4787 1206 4870 snphral)
