2834 5394
587 679 659 727 (aar.
684 677 845 727 xiii-xvi
1243 665 1306 728 339

126 830 200 914 pari
222 828 317 894 ruina
338 837 553 914 prosternunt.
598 831 768 916 Neapolim
791 838 969 916 praetcrea,
995 851 1139 915 quasque
1154 831 1195 895 oli
1210 832 1306 896 tirmi-

127 947 226 1005 tatem
250 959 365 1025 capere
387 962 452 1005 non
468 947 618 1024 poterant
633 941 729 1007 relius
746 940 883 1024 agrariis
905 941 1087 1006 exinanitas
1109 941 1304 1022 relinqiumtr

129 1052 320 1134 quicumque
352 1051 461 1133 gladio
495 1051 721 1134 superfuerant
760 1051 956 1135 captiuitatis
988 1051 1062 1133 iugo
1095 1049 1302 1116 subiciuntur.

128 1161 212 1225 iuter
235 1160 295 1226 has
324 1161 482 1243 procellas
505 1162 554 1225 uir
576 1162 740 1245 piissimus
762 1162 926 1241 Paulinus,
958 1160 1105 1225 Nolanae
1127 1160 1215 1225 urbis
1238 1161 1303 1245 epi·
1325 1162 1390 1227 XV

93 1290 247 1356 oseopus
290 1278 460 1354 postquam
490 1271 640 1353 quicquid
668 1271 790 1336 liabere
818 1278 945 1355 poterat
972 1270 1006 1333 iu
1036 1271 1235 1354 captiuorum
1258 1289 1305 1334 re-

129 1381 348 1465 demptionem
377 1380 546 1464 expendit,
584 1381 759 1447 nouissime
787 1400 858 1445 cum
880 1379 961 1445 nihil
984 1380 1015 1445 ei
1037 1380 1125 1444 aliud
1147 1379 1211 1446 uisi
1232 1380 1303 1463 ipse

129 1491 191 1558 sibi
214 1491 317 1557 solum
341 1489 435 1554 modo
458 1499 652 1574 superesset,
684 1511 742 1575 pro
771 1490 937 1557 cuiusdam
960 1490 1079 1556 uiduae
1101 1490 1167 1554 tilio
1189 1495 1304 1554 mater-

130 1621 191 1666 nas
213 1620 278 1665 uon
300 1599 413 1665 ualens
441 1601 504 1684 piis
533 1602 615 1666 serre
648 1602 826 1667 uisceribus
856 1602 1006 1667 lacrimas
1029 1620 1099 1665 cum
1124 1599 1237 1666 eadem
1260 1598 1302 1664 ad

128 1711 270 1775 Alricam
292 1710 508 1794 proficiscens,
533 1732 594 1794 quo
617 1712 680 1775 iani
696 1711 806 1777 hostes
822 1711 1048 1792 discesserant,
1072 1730 1144 1777 sesc
1166 1710 1302 1802 barbaro

79 1838 113 1887 to
129 1822 198 1884 uiro
226 1821 297 1884 uice
329 1821 451 1885 uicaria
482 1821 516 1885 in
553 1822 716 1887 seruit-ium
739 1821 880 1886 tradidit.
924 1822 1013 1886 cuius
1046 1821 1199 1887 sanctitas
1231 1839 1302 1883 cuni

129 1929 218 2014 apud
239 1929 375 1995 eandem
398 1931 570 1996 barbaram
592 1938 722 2014 gentem
745 1930 797 1996 dci
828 1940 905 1996 nutu
934 1932 1062 2014 cognita
1091 1931 1212 2010 suisset,
1249 1927 1303 1994 de·

129 2060 307 2104 monicum
338 2041 485 2106 omnibus
514 2042 580 2107 suis
608 2042 731 2105 ciuibus
753 2040 794 2105 ad
818 2042 929 2106 urbem
952 2041 1113 2125 propriam
1137 2038 1301 2104 remeauit.

215 2150 257 2214 ilt
288 2169 364 2214 uero
388 2150 605 2217 Genserichus
628 2159 797 2235 postquam
826 2151 946 2217 ditatus
968 2152 1082 2216 ltaliae
1114 2150 1229 2234 opibus
1254 2148 1296 2212 ad
1319 2146 1399 2212 XVI

130 2260 272 2325 Africam
295 2279 462 2342 regressus
485 2268 542 2340 est,
565 2262 739 2327 Eudociam
763 2262 981 2328 Valentiniani
1003 2262 1157 2346 principis
1180 2267 1300 2338 natam,

83 2389 226 2453 isquam
249 2370 291 2433 ab
313 2369 392 2434 urbo
414 2371 612 2455 captiuitatis
635 2383 720 2438 sorte
748 2371 936 2450 abduxerat,
966 2369 1213 2438 Transamundo
1243 2390 1300 2435 suo

129 2480 196 2544 silio
218 2481 251 2544 in
275 2480 509 2545 matrimonium
533 2482 705 2566 copulauit‚
729 2501 769 2547 ex
792 2503 856 2566 qua
878 2482 1028 2547 uidelicet
1042 2480 1224 2546 llililericus
1245 2500 1301 2544 ua·

129 2596 181 2654 tus
210 2596 269 2667 est,
299 2591 353 2672 qui
385 2599 517 2673 quartus
540 2591 742 2674 postmodum
766 2614 785 2655 a
809 2591 1006 2656 Genserioho
1028 2591 1185 2656 Vandalis
1213 2589 1300 2673 apud

129 2699 270 2764 Atticam
293 2700 450 2782 regnauit.

216 2808 397 2874 Recedeute
419 2810 516 2893 igitur
532 2811 573 2872 ali
585 2812 663 2874 urlic
676 2813 777 2874 lloma
789 2809 986 2874 Gensericho
997 2810 1133 2874 Romani
1144 2814 1298 2890 sequente

82 2937 114 2987 2ο
131 2939 243 2984 meuse
266 2920 450 2984 exinanitae
474 2921 518 2984 rei
543 2921 689 3004 publicae
711 2920 936 3004 imperatorem
952 2919 1080 2983 Auitum
1102 2915 1300 3003 praeficiunt.

217 3028 404 3110 visigothae
427 3050 552 3113 quoque
576 3031 660 3094 circa
681 3030 761 3094 licaeo
784 3037 930 3114 tempora
945 3050 1016 3093 eum
1031 3048 1106 3112 rege
1122 3046 1179 3093 suo
1194 3025 1298 3091 Theo·

128 3136 245 3217 dorico,
281 3138 472 3204 Theoderici
501 3140 575 3220 tilio,
605 3141 802 3206 transcensis
830 3140 990 3224 Pyrenaei
1018 3139 1101 3223 iugis
1123 3136 1300 3221 Hispanias

129 3247 296 3312 inuadunt.

212 3358 272 3421 Ast
294 3378 370 3422 uero
387 3359 571 3424 Marcianus
593 3359 766 3444 imperator
789 3379 859 3423 cum
882 3358 969 3443 apud
984 3355 1314 3440 Constantinopolim

77 3485 108 3534 aa
127 3474 249 3550 septem
266 3469 360 3533 aunis
379 3489 509 3552 regnum
527 3469 794 3551 administrasset,
818 3470 901 3534 saeta
917 3488 1045 3534 suorum
1062 3465 1300 3551 conspiratione

127 3585 311 3660 peremptus
335 3586 393 3643 est.

192 3847 372 3912 2potuerant
392 3845 415 3897 Ι)
501 3846 682 3900 exinanitas)
785 3851 941 3915 siqrucquit
964 3846 990 3899 Ι)
1082 3843 1255 3899 tinobissime
1274 3843 1300 3897 B

125 3935 285 3988 'lsolummo
304 3935 332 3990 Β
387 3942 415 3990 12
435 3938 628 4005 suismeib31)
693 3944 723 3991 ta
742 3945 771 3993 at
789 3938 896 4008 ergoD
945 3939 1096 4005 gensericus
1112 3935 1140 3990 Β
1194 3940 1223 3989 tr
1242 3935 1298 3988 Eu·

124 4028 231 4083 dociam
248 4045 297 4082 om.
317 4029 344 4083 B
435 4036 462 4084 15
482 4031 516 4084 ab
535 4030 632 4085 orno
738 4037 767 4086 16
787 4031 967 4101 copolauitll
1072 4035 1099 4084 it
1117 4031 1254 4098 genserico
1272 4028 1301 4081 Β

123 4121 266 4175 uiiandalis
284 4121 335 4177 ΒΒ
406 4129 435 4177 19
453 4126 588 4192 genserico
608 4123 634 4177 B
701 4140 777 4178 roma
794 4123 883 4179 om.B
942 4123 1104 4191 sequentis)
1172 4126 1205 4175 20
1222 4121 1298 4174 habi·

122 4221 178 4267 tum
198 4215 233 4279 B,
252 4216 327 4269 abitu
346 4216 372 4269 Ι)
458 4221 486 4270 21
509 4217 657 4285 uuisigothe
676 4217 710 4281 B,
731 4216 929 4286 Uorsigothell
996 4216 1151 4271 theoderico
1169 4213 1206 4279 B,
1222 4213 1299 4268 theo·

123 4307 259 4362 doricus)
328 4309 522 4365 22theotlor1t1
543 4309 594 4363 ΒΙ)
652 4325 753 4380 pyrinei
774 4310 809 4375 Β,
830 4325 938 4379 pyrenei
956 4309 983 4364 D
1067 4314 1099 4363 tl
1117 4306 1199 4363 ΑΗ)
1265 4310 1298 4359 25

122 4401 310 4455 amimstrosset
328 4401 355 4456 D
405 4402 494 4456 factal
510 4402 544 4457 B‘
615 4407 647 4458 26
665 4403 845 4474 subscriptum
864 4403 927 4470 expl
944 4403 994 4457 iis
1010 4419 1076 4457 xiiii
1093 4403 1121 4457 in
1138 4400 1173 4468 Β,
1190 4398 1299 4456 mmc'

125 4509 208 4548 riusa
233 4511 287 4548 xv·
300 4497 327 4548 in
348 4495 373 4549 D
