2834 5394
10 39 1012 325 .-

485 668 558 717 cna.
582 667 845 714 xxxxr-xxxxv
1187 653 1248 716 585

80 824 234 888 facientes
263 818 498 905 imperatricem
527 817 612 903 quod
639 817 809 902 imperium
831 823 1013 902 appeteret:
1043 818 1090 884 ita
1111 823 1146 883 ut
1167 823 1249 884 atro

80 933 158 997 citer
180 932 264 995 irata
284 929 331 994 illi
346 927 527 994 ascendens
542 927 575 992 in
590 928 746 1012 palatium
768 933 828 990 τοῦ
841 921 985 1012 Ἵερείου
1008 927 1127 994 dixerit
1148 926 1251 994 rebel·

79 1041 176 1106 lionis
198 1047 231 1106 et
251 1038 425 1105 simultatis
448 1038 686 1104 sollicitatorem
709 1056 782 1102 cum
811 1055 883 1103 esse
905 1044 937 1101 et
959 1037 1023 1102 sibi
1045 1037 1176 1104 sceleris
1197 1056 1250 1103 ac-

79 1151 276 1236 quisitorem.
320 1148 375 1233 qui
396 1147 548 1233 apologia
569 1148 655 1213 tacta
676 1144 841 1212 muniebat
855 1165 890 1214 se
904 1147 1020 1231 ipsum.
1064 1147 1250 1215 insaniebat

46 1268 183 1326 cauam
207 1259 364 1326 aduersus
386 1257 514 1324 Actium
536 1264 569 1323 ct
590 1257 737 1323 Nicetam
760 1255 944 1341 praedictos
966 1257 1129 1341 patricios.

162 1370 255 1435 Anno
273 1368 399 1454 imperii
413 1368 552 1432 Eirenae
567 1366 670 1448 tertio,
687 1385 798 1433 mense
811 1366 988 1432 Februario
1003 1365 1188 1436 indictionis
1200 1366 1402 1435 XXXXIIII

78 1486 211 1545 octauae
247 1479 313 1544 iam
341 1477 446 1545 dictus
473 1477 662 1544 Stauracius
689 1475 894 1561 tyrannidem
928 1483 961 1542 et
989 1476 1186 1544 simultatem
1213 1479 1247 1544 in

77 1590 157 1655 urbe
180 1589 271 1673 regia
292 1585 499 1653 construebat
521 1586 699 1654 scholarios
722 1586 777 1670 qui
797 1592 891 1650 erant
911 1585 946 1650 in
968 1604 1009 1651 ea
1030 1593 1063 1652 et
1084 1589 1248 1654 excubito-

78 1719 131 1766 res
152 1719 219 1763 una
245 1717 316 1763 cum
337 1696 449 1782 primis
477 1715 587 1762 eorum
623 1695 767 1781 pecuniis
795 1714 833 1761 ac
861 1694 1048 1762 muneribus
1077 1715 1247 1765 assumens

30 1833 61 1881 10
79 1815 111 1873 et
132 1808 277 1892 placans,
315 1808 433 1872 Eirene
462 1806 518 1890 pia
540 1805 727 1891 imperatrix
750 1804 877 1872 silentio
899 1805 933 1870 in
955 1805 1129 1872 Iustiniani
1150 1807 1248 1873 tricli-
1319 1798 1322 1804 ’

77 1917 131 1981 nio
155 1918 237 1983 lacto
261 1916 426 2002 prohibuit
447 1934 575 1981 omnem
604 1916 659 2001 qui
689 1914 841 1980 militaret
868 1914 1046 1983 adhaerere
1068 1916 1246 1983 Stauracio.

77 2034 109 2092 et
136 2027 183 2092 sic
212 2026 331 2111 adepta
358 2032 432 2092 sunt
460 2023 617 2089 modicam
645 2025 909 2108 tranquillitatem
941 2025 1083 2109 negotia.
1134 2025 1247 2092 Actius

77 2156 154 2201 uero
175 2137 241 2200 iam
264 2141 457 2201 memoratus
480 2141 513 2200 et
532 2135 666 2200 Nicetes
695 2154 767 2199 cum
789 2135 864 2201 aliis
887 2135 1080 2218 quibusdam
1101 2136 1247 2201 certatim

77 2245 335 2312 aduersabantur
356 2244 534 2326 Stauracio,
563 2245 618 2327 qui
649 2243 745 2310 corde
767 2245 934 2329 perculsus
969 2243 1160 2329 sanguinem
1189 2264 1248 2330 per

30 2378 59 2428 15
77 2376 112 2422 os
141 2355 249 2421 emisit
276 2375 462 2439 spumosum
491 2374 533 2420 ex
560 2354 707 2438 partibus
737 2353 877 2438 pectoris
905 2359 937 2419 et
963 2353 1135 2438 pulmonis.
1185 2354 1247 2420 hoe

75 2464 190 2530 medici
214 2464 409 2549 aspicientes
431 2464 566 2529 mortale
587 2463 885 2548 pronuntiauerunt,
923 2469 975 2529 ast
1002 2461 1187 2531 adulatores
1215 2470 1249 2531 et

75 2574 216 2658 imperiti
244 2594 309 2639 non
338 2573 441 2638 solum
470 2571 585 2638 medici
614 2573 671 2641 sed
699 2571 890 2656 etquidem
918 2572 1192 2658 pseudomonachi
1214 2580 1247 2640 et

76 2683 179 2747 diuini
200 2682 391 2748 iuramentis
414 2680 545 2747 credere
566 2688 798 2766 persuaserunt
825 2700 927 2764 usquo
955 2680 999 2746 ad
1027 2681 1112 2746 diem
1135 2683 1246 2750 mortis

76 2792 145 2857 cius
178 2810 261 2874 quae
294 2790 379 2855 lacta
411 2796 461 2856 est
491 2809 604 2856 mense
631 2791 724 2855 lunio
756 2789 860 2873 ipsius
894 2796 1028 2855 octauae
1059 2789 1245 2858 indictionis

29 2922 61 2971 so
76 2899 161 2982 quod
184 2899 326 2966 uicturus
348 2905 380 2964 et
402 2905 593 2982 regnaturus
616 2906 712 2981 esset,
741 2896 858 2981 quibus
880 2897 937 2963 ille
959 2898 1090 2965 innixus
1113 2898 1244 2965 seditio-

76 3029 151 3075 nem
180 3009 214 3072 in
244 3007 459 3092 Cappadociis
488 3007 665 3074 construxit
691 3005 848 3072 aduersus
870 3005 997 3071 Actium
1025 3007 1110 3089 lieri,
1148 3029 1244 3094 quam

74 3139 138 3184 non
162 3118 276 3183 meruit
297 3117 413 3185 uiuens
436 3117 559 3183 andire.
603 3123 676 3202 post
697 3115 779 3182 duos
801 3135 940 3199 namque
963 3114 1033 3182 dies
1048 3118 1160 3186 mortis
1175 3120 1245 3187 eius

75 3248 172 3312 super
200 3227 261 3291 hoc
290 3227 422 3294 nuntius
451 3227 541 3293 uenit
576 3232 607 3293 et
634 3227 668 3292 in
696 3224 857 3293 seditione
885 3225 1110 3311 comprehensi
1137 3228 1244 3295 exiliis

75 3344 150 3403 sunt
172 3344 205 3402 et
225 3335 563 3403 animaduersionibus
586 3335 717 3404 subditi.

27 3465 58 3515 25
159 3446 254 3511 Anno
275 3446 403 3531 imperii
424 3447 563 3512 Eirenac
590 3454 705 3530 quarto
727 3449 840 3510 octauo
862 3442 1023 3511 kalendas
1045 3444 1216 3515 Ianuarias
1235 3447 1400 3516 XXXXV

75 3554 260 3621 indictionis
280 3575 387 3621 nonae
403 3556 542 3622 Karolus
556 3575 614 3621 rcx
627 3556 824 3620 Francorum
846 3559 1018 3620 coronatus
1035 3561 1084 3620 est
1098 3574 1119 3619 a
1133 3556 1243 3624 Leone

74 3682 162 3748 papa
183 3670 215 3728 et
237 3683 306 3728 cum
330 3665 488 3731 uoluisset
516 3671 628 3731 contra
648 3663 792 3731 Siciliam
822 3662 981 3729 classibus
1010 3664 1171 3750 proeliari,
1209 3687 1245 3736 se

73 3773 240 3857 paenituit,
278 3774 429 3856 coniungi
457 3774 565 3857 potius
594 3794 664 3839 cum
686 3774 805 3838 Eirene
834 3773 947 3838 uolens
975 3773 1091 3856 legatis
1119 3774 1245 3842 adhoc
1321 3796 1324 3801 ·

75 3881 223 3966 sequenti
245 3880 375 3949 directis
397 3903 483 3948 anno
505 3882 680 3949 indictione
703 3881 837 3947 decima.

25 4014 57 4064 30
159 3992 275 4056 Martio
305 4012 382 4057 uero
412 4012 523 4059 mense
553 4011 658 4057 nonae
690 3991 875 4057 indictionis
902 3988 1020 4054 Eirene
1051 3990 1241 4077 imperatrix

74 4100 241 4184 Byzantiis
271 4102 381 4167 ciuilia
409 4101 542 4166 donauit
571 4101 691 4167 tributa
712 4099 882 4184 Abydique
912 4117 950 4163 ac
971 4098 1062 4164 Hieri
1091 4120 1131 4166 ea
1161 4122 1245 4186 quae

72 4210 220 4275 dicuntur
242 4210 433 4276 commercia
453 4211 612 4276 releuauit
631 4210 759 4294 magnis
782 4229 878 4294 super
899 4208 952 4275 his
978 4215 1011 4273 et
1034 4208 1109 4278 aliis
1134 4212 1243 4279 multis

72 4320 239 4386 benefieiis
261 4321 438 4404 gratiarum
460 4320 641 4387 actionibus
664 4320 755 4385 freta.

76 4457 377 4467 ---—--——

140 4499 676 4573 2roo‘lspsiooYheoph.:tonhrenuD
727 4498 921 4570 tepollograD
955 4485 1125 4557 carreni
1170 4464 1242 4556 enb-

72 4609 134 4648 rcne
155 4594 181 4648 1>
232 4595 392 4650 elcolamoi
407 4595 433 4649 1)
485 4598 516 4647 10
534 4600 560 4647 ct
578 4598 610 4647 15
628 4600 654 4647 et
671 4597 703 4646 28
721 4601 748 4647 ct
765 4598 797 4647 30
815 4594 922 4649 beurene
939 4594 966 4649 D
1019 4601 1046 4650 11
1068 4596 1197 4649 ltauratro
1216 4594 1243 4650 D

74 4693 103 4741 12
122 4685 226 4741 modica
242 4685 480 4756 usuqurlhtatell
532 4691 562 4741 16
581 4686 621 4740 ast
638 4685 800 4741 adolatolD
851 4690 883 4740 23
902 4693 929 4741 et
947 4687 1111 4743 rsutronrl)
1162 4687 1241 4741 15111

70 4760 161 4834 sariD
230 4783 261 4832 31
283 4779 449 4834 hrzantnlD
499 4777 626 4848 brenel)
693 4781 725 4833 32
744 4762 871 4833 cbmertte
888 4779 915 4834 1)
