2834 5394
78 232 141 292 542
564 246 657 294 mom
679 247 776 295 xxun

79 400 163 466 clam
201 398 378 465 interfecit·
415 419 509 483 porro
539 399 720 465 Hamuslim
756 399 917 465 fruentem
951 398 1131 466 aduersus
1163 399 1281 466 Arabes

81 512 196 597 Syriae
225 531 282 594 pro
316 530 354 575 eo
382 509 469 594 quod
498 511 532 575 in
563 509 797 596 Mauropboros
819 509 1074 577 insurrexerint
1104 517 1143 577 et
1173 512 1283 577 multos

80 623 114 689 in
129 622 316 687 Palaestina
338 621 458 686 Emesa
479 627 511 685 et
532 621 695 687 maritima
715 621 861 705 ceperint
882 628 988 704 atque
1013 621 1053 686 in
1080 641 1145 688 eos
1168 622 1283 688 irruere

82 733 292 799 meditantem
315 730 459 796 cohibuit
482 750 553 795 eum
576 731 778 798 exercitibus.
823 737 858 796 at
878 731 937 796 ille
960 731 1080 798 iratus
1098 732 1281 798 Habdallae

81 843 123 909 ad
160 843 343 908 interiorem
372 840 540 907 Persidem
574 861 646 907 eum
683 842 887 908 multitudiue
924 843 1150 927 properauit.
1197 856 1307 928 quens

85 972 157 1018 cum
180 952 388 1017 uehementer
410 951 466 1018 ille
488 959 653 1032 metueret,
675 953 811 1019 accersit
834 972 905 1018 cum
928 954 1113 1021 suasoriis
1130 953 1243 1020 uerbis
1257 962 1283 1019 ct

82 1061 232 1147 precibus
262 1067 359 1144 atque
392 1062 472 1145 ipsis
494 1063 732 1130 execrabilibus
754 1063 910 1148 principis
934 1063 1100 1148 ipsorum
1127 1065 1282 1151 symbolis

86 1171 256 1237 destinatis
279 1170 372 1254 uirga
392 1170 546 1238 uidelicet
566 1181 664 1256 atque
687 1173 846 1240 sandaliis
868 1173 1209 1260 pseudoprophetae
1222 1175 1283 1240 llu-

82 1281 235 1348 hammad
257 1291 412 1366 expetens
441 1289 477 1347 ut
505 1281 548 1347 ad
571 1303 607 1349 so
629 1284 684 1348 uia
704 1285 801 1350 unius
822 1283 887 1350 diei
910 1283 1162 1351 deuerteretur
1186 1286 1282 1370 quati·

83 1413 145 1460 nus
174 1393 203 1459 ei
231 1392 384 1459 (locantes
412 1393 588 1476 gratiarum
617 1394 762 1461 actiones
785 1396 926 1460 referret.
972 1401 1008 1459 at
1036 1396 1103 1462 ille
1129 1397 1280 1480 deeeptus
1297 1407 1316 1454 1⁰

83 1505 174 1570 uenit
196 1524 267 1568 eum
284 1511 411 1570 eentum
427 1503 558 1570 milibus
573 1505 716 1587 equitum
738 1506 910 1589 unitusque
931 1504 981 1568 illi
997 1506 1178 1573 occiditur
1193 1507 1237 1572 ab
1250 1525 1282 1572 eo

84 1615 223 1700 propriis
245 1615 410 1680 manibus:
446 1615 557 1697 sicque
586 1614 786 1699 principatus
806 1614 990 1680 Habdallae
1020 1618 1206 1684 confertur
1234 1616 1281 1700 qui

81 1745 146 1790 uno
169 1731 201 1788 et
222 1724 338 1808 uiginti
360 1724 522 1790 Arabibus
545 1725 684 1808 praefuit
706 1726 811 1792 annis.

12 1824 59 1890 Vl
167 1835 261 1899 Anno
296 1835 421 1917 imperii
456 1835 506 1900 sui
538 1835 649 1918 quinto
682 1835 806 1901 decimo
829 1835 1069 1903 Constantinus
1105 1839 1216 1923 Syros
1249 1845 1279 1903 et

83 1942 253 2008 Armenios
276 1965 356 2027 quos
378 1965 400 2008 a
420 1942 661 2029 Theodosopoli
684 1954 716 2011 et
745 1947 899 2011 Melitana
928 1945 1082 2030 duxerat,
1117 1949 1156 2014 in
1180 1949 1312 2016 Thra-15

84 2071 153 2117 cem
176 2053 348 2135 emigrauit
370 2073 410 2119 ex
432 2054 549 2139 quibus
571 2054 668 2120 etiam
690 2056 949 2122 Paulicianorum
972 2064 1024 2122 est
1046 2057 1213 2128 haeresis
1234 2061 1276 2126 di·

86 2163 198 2228 latata.
244 2163 391 2229 similitor
413 2171 445 2228 et
465 2165 499 2229 in
522 2165 602 2232 urbe
623 2167 736 2252 paucis
758 2186 837 2251 prae
864 2167 1062 2232 mortalitate
1096 2171 1201 2239 factis
1224 2173 1275 2237 ha·

89 2275 279 2342 bitatoribus
312 2274 382 2340 eius
416 2274 507 2340 duxit
534 2296 600 2342 una
638 2296 708 2342 cum
738 2278 870 2344 familiis
906 2284 972 2342 tam
1007 2297 1049 2343 ex
1084 2279 1214 2348 insulis
1244 2288 1274 2346 et

83 2387 222 2454 Hellade
244 2407 340 2471 quam
362 2405 403 2451 ex
425 2386 629 2454 inferioribus
658 2386 803 2470 partibus
834 2388 943 2472 sieque
971 2388 1085 2454 urbem
1120 2389 1272 2456 habitare

85 2499 161 2566 fecit
182 2519 279 2584 quam
300 2505 333 2564 et
355 2497 551 2564 condensam
573 2497 725 2564 reddidit.
770 2497 884 2564 eodem
907 2517 1035 2581 quoque
1056 2518 1151 2565 anno
1175 2509 1308 2585 quaen

86 2609 170 2676 aiere
199 2611 356 2692 Balgares
384 2615 480 2691 pacta
508 2615 638 2692 propter
666 2615 773 2675 eastra
800 2628 883 2692 quae
911 2614 1096 2674 oonstmcta
1127 2611 1269 2676 fuerant.

86 2727 139 2785 ast
161 2720 354 2803 imperatore
376 2718 609 2803 apocrisarium
632 2738 741 2783 eorum
764 2718 997 2785 debonestaute
1026 2719 1184 2786 exierunt
1213 2721 1270 2786 ho·

86 2830 202 2897 stiliter
225 2838 256 2897 et
278 2849 379 2913 usque
401 2829 443 2896 ad
465 2830 595 2913 longum
618 2851 744 2895 murum
765 2836 922 2915 uenerunt
944 2836 975 2894 ot
1003 2829 1104 2893 multo
1138 2831 1269 2896 excidio

86 2949 271 3027 perpetrato
292 2941 397 3007 illaesi
419 2940 542 3007 reuersi
565 2947 647 3007 sunt.

17 3048 64 3113 'II
171 3053 264 3116 Anno
287 3051 414 3134 imperii
430 3049 633 3116 Constantini
655 3056 746 3117 sexto
769 3050 893 3116 decimo
916 3058 1021 3115 terrae
1044 3055 1152 3116 motus
1176 3049 1268 3116 haud
1283 3067 1309 3118 25

86 3158 231 3227 modicus
253 3162 355 3225 faetus
378 3166 427 3226 est
449 3161 482 3223 in
504 3160 692 3227 Palaestina
713 3167 746 3227 et
761 3160 857 3246 Syria
879 3161 1013 3244 septimo
1037 3158 1109 3225 idus
1126 3159 1268 3227 Martias

85 3277 117 3337 et
138 3270 213 3336 exul
235 3271 336 3335 factus
359 3275 409 3336 cst
429 3268 618 3335 Theodorus
639 3271 831 3337 Antiochiae
853 3269 1038 3356 patriarcha
1059 3269 1188 3334 inuidia
1212 3270 1269 3336 de-

85 3389 216 3465 rogatus
246 3380 388 3445 Arabum
418 3380 503 3464 quod
532 3382 643 3446 crebro
679 3383 865 3468 imperatori
893 3380 1105 3446 Constantino
1142 3399 1266 3446 causas

86 3512 195 3558 eorum
218 3512 277 3577 per
299 3492 423 3558 litteras
445 3491 603 3557 indicaret
625 3501 657 3558 et
678 3492 719 3558 de
749 3500 856 3559 cetero
878 3492 985 3557 Halim
1013 3490 1098 3554 buno
1126 3490 1260 3554 exulem

84 3603 173 3669 misit
193 3603 227 3666 in
243 3601 449 3668 Moabitidem
473 3604 636 3687 regionem
658 3603 795 3689 patriam
819 3623 909 3668 suam
925 3600 1154 3685 praecepitque
1171 3598 1261 3664 idern
1282 3623 1313 3673 ao

85 3712 194 3777 Halim
217 3733 282 3777 non
305 3713 539 3780 construendas
561 3734 664 3781 nouas
686 3713 842 3780 eeclesias
866 3732 925 3778 nec
940 3731 1065 3777 erucem
1081 3708 1262 3774 uidendam

87 3822 145 3889 sed
168 3844 272 3906 noque
295 3822 336 3888 de
359 3822 422 3888 tide
444 3822 667 3890 aChristiano
690 3843 761 3889 cum
776 3822 939 3889 Arabibus
962 3818 1261 3904 dogmatizandum.

88 3952 182 4017 porro
206 3933 379 3999 exereitum
402 3933 502 3998 mouit
530 3933 616 3999 idem
644 3941 756 4000 contra
776 3934 966 4001 Romaniam
995 3951 1067 3997 cum
1095 3929 1264 4011 octoginta

159 4209 166 4257 l
196 4178 327 4257 abnmufli
344 4198 531 4258 iuuentemf)
610 4203 789 4259 ‘demedfall
855 4199 1036 4257 lcorbortD
1097 4173 1207 4291 apsida}
1236 4195 1265 4250 D

91 4302 121 4352 10
139 4296 296 4352 deferrdall
343 4302 370 4350 15
390 4296 560 4352 melitanafl
612 4301 640 4354 21
663 4295 830 4368 uulgarefD
868 4299 902 4350 26
919 4293 991 4348 rdl)
1026 4296 1057 4347 29
1075 4297 1102 4346 et
1119 4296 1147 4345 31
1170 4292 1205 4344 ab
1235 4297 1263 4351 1)

88 4392 118 4443 31
139 4406 193 4445 non
212 4407 262 4444 om.
281 4390 307 4445 Ι)
375 4394 407 4444 32
433 4389 510 4445 sade
527 4388 627 4459 tsuitac
644 4360 708 4460 iil)
