3142 5056
286 322 347 383 646

282 485 404 538 tolerare.
432 482 607 552 Symmachus
627 483 758 552 patricius
775 482 845 536 Boe·

284 577 337 630 tius
356 574 483 629 catholici
501 569 552 630 uiri
570 592 587 628 a
603 575 770 630 Theoderico
788 582 845 628 trn·

285 667 373 722 cidati.

319 765 351 814 lt
388 759 516 814 Alaricus
534 760 733 829 Visigothorum
757 775 805 813 rex
830 775 847 814 a

285 854 398 908 Francis
417 853 575 917 exstinctus,
592 869 659 922 quos
677 853 753 920 grain
771 851 848 906 clade

285 946 405 1000 uicissim
435 945 525 1000 caedit
548 961 596 1015 per
620 946 743 1000 comitem
769 961 847 1000 soum

285 1037 477 1093 Theodericus.
502 1035 662 1093 Theoderici
670 1039 783 1092 aertitia
800 1037 847 1092 ad·

285 1147 379 1186 uersns
397 1129 563 1184 orthodoxos
582 1137 608 1184 et
625 1131 756 1184 interitus.
786 1137 849 1199 post

285 1225 341 1279 eius
360 1227 471 1277 mortem
487 1222 660 1277 Athalarieus
684 1239 744 1278 cum
762 1223 847 1278 Ama·

284 1316 515 1371 lasuinthamatre
533 1314 653 1370 aGothis
670 1331 750 1384 regno
767 1331 845 1385 prac-

285 1409 357 1463 lecti.

319 1506 349 1556 at
387 1501 608 1556 Manichaeorum
634 1502 784 1556 molitiones
819 1501 847 1554 in

285 1595 387 1660 Persia,
406 1595 451 1663 qui
470 1609 561 1648 omnes
580 1611 641 1648 curn
659 1594 779 1647 antistite
798 1609 847 1647 sua

286 1703 381 1756 arege
400 1687 508 1742 Cabade
526 1687 660 1741 trucidati.

320 1785 352 1834 22
388 1779 550 1834 Antiochiae
574 1785 768 1834 terraemotus
786 1779 848 1832 bor-

285 1873 378 1927 ribilis.
413 1872 532 1926 lustinus
558 1873 632 1941 prius
658 1872 713 1926 filio
738 1888 786 1925 suo
806 1872 849 1926 lu·

286 1966 401 2019 chiniano
419 1965 580 2032 imperatore
597 1964 670 2020 lacto
689 1965 752 2019 obit.

512 2159 620 2223 XVIII

324 2339 334 2386 l
372 2321 537 2387 lastinianus
554 2334 701 2402 imperator
718 2333 789 2386 Llll.
825 2335 847 2388 is

286 2442 334 2495 per
360 2427 513 2481 Bilisarium
540 2425 636 2480 Persas
662 2425 733 2480 bello
763 2426 849 2480 uincit

286 2520 462 2589 Belisariique
480 2518 513 2573 de
530 2519 563 2573 iis
580 2519 740 2587 triumphus.
765 2517 848 2572 Grae-

286 2613 320 2666 tis
337 2613 499 2666 Herularum
514 2613 583 2680 regis
600 2612 758 2680 baptismus.
785 2627 848 2665 con-

287 2706 376 2760 uersio
406 2711 433 2758 et
451 2704 558 2758 Gordac
584 2705 654 2773 regis
681 2705 849 2768 Hunnorum,

287 2798 333 2866 qui
350 2803 413 2851 sunt
430 2797 506 2850 iuxta
521 2797 700 2866 Bosphorum,
719 2797 753 2852 ad
770 2796 849 2851 fidem

287 2889 474 2944 Christianam.
509 2889 666 2959 Bosphorus
685 2891 789 2944 ciuitas.

322 2987 336 3036 2
372 2983 465 3037 uariae
490 2982 560 3050 leges
590 2988 616 3037 et
644 2983 850 3038 constitutiones

287 3075 438 3129 Iustiniani.
467 3072 559 3128 codex.
592 3075 722 3129 aouellae.
750 3073 850 3129 Antio·

288 3166 365 3220 chiae
387 3171 476 3219 terrae
502 3172 591 3220 motus
617 3167 719 3235 ingens.
755 3167 852 3221 afflicti

288 3258 404 3327 pecunia
421 3258 506 3311 inusti
525 3259 560 3312 ab
578 3259 738 3328 imperatore
753 3259 849 3313 etAu-

287 3357 383 3420 gusta,
418 3349 620 3420 Antiochiaquc
662 3354 851 3420 cognominata

290 3443 442 3511 Theopolis.

323 3539 338 3589 3
375 3535 554 3590 Alamundari
576 3537 705 3591 Saraceni
728 3537 851 3606 irruptio.

288 3629 408 3682 lulianus
426 3631 454 3683 in
464 3629 617 3684 Palaestina
633 3631 780 3698 imperator
795 3645 853 3684 cre·

289 3727 364 3787 atus,
390 3723 501 3791 eiusque
527 3723 659 3776 interitus.
711 3722 854 3777 Iustiniani

289 3813 340 3878 lex,
366 3829 398 3868 ne
415 3815 514 3882 pagani
541 3815 584 3868 uel
601 3815 732 3868 haeretici
749 3815 784 3869 ad
803 3817 853 3870 rai·

290 3907 374 3960 litium
389 3907 614 3975 permitterentur.
637 3906 793 3962 Athalarici
811 3923 853 3962 re·

291 3999 331 4067 gis
349 3999 498 4053 Gothorum
515 4015 595 4054 mors.
613 3999 787 4054 Amalsninta
805 4000 852 4054 ad·

292 4093 384 4146 sciscit
409 4093 437 4145 in
462 4107 572 4160 regnunt
600 4093 652 4146 sibi
675 4092 853 4159 Themistum,

293 4199 380 4253 aquo
398 4184 566 4238 interficitur.
592 4185 735 4239 Iustiniani
753 4186 794 4240 ira
805 4186 853 4240 ad·

293 4293 388 4332 uersus
405 4278 539 4346 ingratum
557 4277 734 4332 Theodatum.

329 4377 343 4424 l
384 4369 539 4424 Theodatus
573 4369 723 4439 Agapitum
757 4387 855 4440 papam

689 334 795 380 INDEX
818 329 1057 380 cartrvtoavn

897 479 977 534 mittit
994 479 1029 533 ad
1042 479 1220 534 lastinianum
1230 477 1410 548 placandum.
1425 477 1472 530 lu-

897 573 1030 626 stinianas
1044 573 1079 627 ab
1090 571 1312 641 Eutychianismo
1332 585 1384 639 per
1394 573 1474 638 Aga·

898 665 982 734 pitam
1002 679 1158 720 conuersas.
1193 663 1339 717 anthimus
1360 664 1475 732 episco-
1552 649 1553 724 i

898 773 949 826 pus
960 757 1275 827 constantinopolitanus
1294 757 1330 810 ob
1351 755 1475 810 eandem

898 851 1031 906 haeresim
1046 851 1187 919 relegatus.
1229 849 1344 919 agapiti
1365 849 1474 904 obitus.

932 949 947 997 5
983 944 1054 998 bella
1062 943 1219 998 Vandalicas
1243 943 1419 997 lastinianus
1439 942 1477 995 ad

897 1035 979 1090 Afros
998 1053 1014 1090 a
1031 1035 1215 1090 Vandalorum
1236 1036 1382 1106 tyrannide
1401 1035 1478 1088 libe-

898 1128 997 1184 randos
1015 1130 1042 1182 in
1054 1128 1177 1198 Libyam,
1195 1129 1321 1183 Bilisario
1332 1128 1476 1181 muciani

899 1221 1045 1290 praelecto,
1055 1221 1250 1290 expeditionem
1258 1221 1388 1276 decernit
1400 1221 1478 1274 Pro-

897 1314 992 1382 copius
1018 1314 1162 1368 historicus
1179 1314 1207 1368 in
1226 1313 1319 1368 Sicilia
1346 1313 1479 1368 bostium

900 1412 1001 1460 statum
1011 1407 1151 1474 inopinato
1164 1423 1213 1476 per
1223 1407 1359 1475 quondam
1370 1413 1477 1462 notum

898 1498 950 1552 sibi
969 1499 1089 1553 oblatum
1107 1500 1237 1570 explorat,
1259 1501 1348 1570 adque
1366 1499 1478 1556 Bilisa·
1552 1503 1553 1574 f

899 1591 967 1645 num
985 1590 1075 1645 refert.

934 1689 949 1737 6
984 1684 1127 1738 Bilisarius
1152 1685 1181 1739 in
1207 1684 1329 1740 Africana
1356 1687 1480 1742 traiicrt.
1552 1651 1553 1684 ἶ

900 1777 957 1829 eius
975 1775 1010 1828 ad
1028 1777 1133 1842 milites,
1152 1777 1235 1832 sobrii
1251 1785 1279 1832 et
1295 1779 1479 1835 continentes

900 1877 997 1932 essent,
1026 1869 1185 1925 adhortatio.
1232 1870 1370 1940 Carthago
1402 1876 1478 1930 urbs
1552 1845 1553 1894 3

900 1961 935 2016 ab
954 1977 985 2016 eo
1005 1969 1092 2030 capta.

935 2059 948 2106 t
986 2053 1124 2124 Oalonymi
1142 2055 1288 2120 cuiusdam,
1308 2073 1324 2109 a
1340 2057 1479 2115 Bilisario
1552 2035 1553 2046 ἵ

899 2147 1053 2212 constituti,
1083 2153 1114 2202 ut
1129 2155 1208 2217 rapta
1225 2147 1339 2203 domiais
1359 2161 1479 2208 curaret

899 2239 983 2303 reddi,
1002 2239 1185 2295 fraudulentia
1202 2247 1228 2294 et
1237 2243 1319 2296 miser
1332 2244 1480 2301 interitus.
1552 2227 1553 2303 l

898 2339 978 2386 uetus
992 2331 1104 2386 uerbum
1120 2333 1280 2402 Carthagine
1302 2335 1407 2391 dictum
1424 2355 1476 2394 ex-

899 2425 1022 2492 plicatur.

934 2520 949 2570 8
985 2517 1104 2585 ingentes
1131 2535 1195 2587 opes
1221 2535 1238 2574 a
1266 2519 1399 2577 Romanis
1442 2541 1480 2580 ex
1552 2519 1553 2530 ³

899 2609 994 2664 Africa
1011 2617 1172 2678 reportatae.
1206 2627 1239 2666 ea
1263 2613 1351 2668 tribus
1371 2619 1479 2671 mensi-

900 2703 951 2757 bus
982 2703 1097 2756 subacta
1124 2704 1295 2758 aBilisario.
1330 2707 1479 2764 lohannes

900 2796 1043 2850 Armenius
1065 2795 1100 2849 ad
1117 2797 1332 2865 persequendum
1350 2801 1478 2858 Gelime-

901 2903 957 2942 rem
975 2905 1064 2956 regern
1082 2889 1178 2943 missus
1195 2889 1294 2944 infelici
1313 2907 1381 2946 casu
1391 2897 1480 2962 perit.

936 2985 951 3034 a
987 2981 1125 3034 Gelimeris
1143 2981 1215 3050 loga.
1251 2983 1274 3036 is
1292 2984 1427 3040 obsessus
1448 2991 1479 3042 in

900 3079 992 3127 monte
1019 3073 1136 3142 quodam
1162 3075 1269 3128 tandein
1293 3091 1323 3129 se
1341 3075 1478 3136 Bilisario

902 3165 983 3231 dedit,
1003 3167 1048 3234 qui
1067 3181 1127 3220 eum
1145 3167 1289 3220 clementer
1306 3169 1420 3238 accipit.

941 3263 969 3312 10
1005 3258 1143 3314 Gelimeris
1161 3259 1195 3313 ad
1210 3260 1365 3314 Bilisarium
1383 3263 1479 3320 intro-

902 3351 989 3405 euntis
1017 3351 1096 3406 risus.
1133 3351 1233 3406 Sardus
1259 3351 1347 3406 insula
1372 3369 1390 3408 a
1416 3356 1479 3412 Ro-

902 3445 988 3497 manis
998 3445 1118 3498 subacta.
1147 3444 1244 3498 diuersi
1253 3444 1386 3514 praelecti
1405 3465 1480 3505 con-

903 3542 946 3589 tra
962 3536 1101 3590 Vandalus
1123 3537 1151 3590 in
1174 3536 1235 3591 loca
1259 3536 1368 3593 diuersa
1396 3543 1482 3599 missi

905 3628 1071 3683 aBilisarIo.

942 3726 968 3774 tt
1008 3722 1147 3776 Bilisarius
1182 3738 1199 3774 a
1228 3722 1479 3783 calumniatoribus

905 3814 977 3883 apud
995 3815 1182 3882 imperatorem
1195 3813 1373 3880 insimulatus,
1393 3824 1479 3888 qnasi

904 3907 1072 3976 tyrannidem
1106 3907 1286 3962 meditaretur.
1340 3907 1478 3968 Salomon

905 4007 1014 4069 praetor
1040 4001 1067 4054 in
1094 3999 1186 4054 Asiam
1213 4001 1318 4054 missua.
1352 4001 1480 4061 Bilisarii

905 4093 1005 4148 reditus
1041 4099 1068 4148 et
1091 4093 1247 4160 magnificus
1280 4093 1313 4146 de
1339 4093 1479 4152 Vandalis

904 4185 1064 4254 trIumphus.
1092 4185 1412 4255 GeIImerisiatriumpho
1423 4191 1479 4246 du-

906 4277 942 4331 cti
953 4278 1120 4332 exclamatio.
1150 4279 1174 4332 ei
1184 4277 1213 4332 in
1226 4278 1334 4332 Galatia
1343 4295 1406 4334 cum
1417 4286 1480 4339 suis

905 4371 1037 4426 habitatio
1048 4371 1203 4424 amoenaab
1219 4370 1380 4439 imperatore
1399 4373 1478 4432 data.
