2834 5394
66 210 127 272 568
503 235 507 246 ·
554 215 647 262 mem
670 213 739 260 xxv

65 376 159 441 ehurn
182 374 285 437 uirum
309 369 501 436 industrium
531 376 562 433 et
592 365 710 432 direxit
731 365 765 430 in
786 364 931 431 Siciliam
956 362 1138 428 aduersus
1163 359 1270 444 Helpi-

67 487 164 552 dium.
203 503 337 566 eumque
362 481 461 544 multa
483 479 597 544 tierent
619 478 715 559 bella,
738 475 884 540 uicerunt
905 473 939 537 hi
965 473 1025 556 qui
1052 473 1152 536 eirea
1168 470 1270 535 Theo

67 597 190 663 dorum.
222 613 284 677 quo
307 592 377 656 uiso
399 589 571 674 Helpidius
593 588 697 653 timuit
719 595 751 652 et
772 585 909 669 sumptis
932 589 1108 666 quotquot
1125 581 1271 646 babebat

68 707 216 794 pecuniis
239 725 277 768 ae
299 701 482 786 Nicephoro
504 698 716 766 transmeauit
737 698 771 763 in
793 697 949 773 Ahieam,
983 703 1018 760 et
1048 699 1200 777 accepto
1224 711 1271 756 se

69 818 215 883 euritatis
245 814 343 878 uerbo
373 811 415 876 ad
446 810 571 875 Arabes
599 808 755 891 confugit,
779 826 873 890 quem
900 805 949 871 illi
982 809 1211 888 suseeptum,
1239 809 1296 865 uta

69 930 285 994 Romanorum
308 921 491 987 retinebant
512 921 753 1005 imperatorem,
776 923 968 982 coronantes
993 935 1076 980 eum
1100 915 1271 979 ineassum

71 1045 103 1103 et
126 1036 228 1101 ocreis
251 1040 282 1097 et
305 1039 471 1098 stemmate
493 1031 673 1096 induentes.

1 1142 51 1208 xl
159 1145 238 1209 (ium
261 1150 368 1208 autem
390 1143 605 1207 Romanorum
628 1141 662 1205 in
683 1140 736 1206 his
758 1138 896 1224 populus
918 1144 1068 1215 uaearet,
1097 1133 1272 1218 egreditur

71 1256 157 1322 bladi
173 1255 259 1321 tilius
275 1255 383 1319 Aaron
406 1271 476 1316 eum
499 1258 665 1336 potentatu
686 1260 718 1315 et
737 1256 895 1333 apparatu
911 1245 1013 1310 uirnio
1039 1253 1115 1309 tam
1142 1245 1274 1309 Mauro

71 1368 243 1454 pharorum
267 1384 363 1449 quam
387 1363 484 1428 totius
507 1362 621 1446 Syriae
637 1369 668 1427 et
683 1358 935 1443 Mesopotamiae
950 1363 1055 1438 atque
1072 1356 1222 1422 Deserti
1245 1364 1274 1420 et
1290 1374 1311 1418 iu

72 1479 162 1544 uouit
184 1475 408 1559 Chrysopolim
443 1473 596 1537 derelicto
619 1472 750 1537 Bunuso
778 1470 821 1534 ad
843 1464 1064 1533 obsidendum
1089 1467 1276 1531 Nacoliam

75 1596 108 1654 et
130 1585 372 1654 custodiendum
396 1583 494 1648 dorsa
516 1604 585 1649 sua.
630 1581 716 1647 misit
738 1591 844 1646 autem
867 1587 897 1644 et
919 1576 1065 1642 Burniee
1090 1576 1129 1640 in
1159 1575 1276 1643 Asiam

73 1718 144 1763 eum
173 1697 306 1778 triginta
334 1693 479 1771 milibus,
515 1693 567 1777 qui
596 1712 667 1756 eum
696 1692 893 1757 debellasset
920 1684 1275 1754 Laebanodraeonem

74 1827 145 1872 eum
166 1808 308 1872 themate
331 1803 578 1870 Thraoesiorum
607 1805 641 1868 iu
670 1805 739 1867 loeo
768 1802 890 1867 Darino
912 1800 997 1864 dieto
1026 1817 1105 1861 curn
1141 1808 1180 1866 et
1210 1800 1274 1885 ipsi

73 1917 205 1998 triginta
226 1914 316 1978 milia
346 1920 464 1993 esseut,
495 1913 634 1996 quinque
664 1913 755 1978 milia
776 1911 942 1978 interiecit.
987 1920 1040 1976 ast
1065 1911 1276 1996 imperatrix
1292 1920 1312 1969 u

75 2026 173 2090 misso
195 2023 334 2087 Antonio
357 2022 531 2087 domestico
555 2041 625 2086 eum
648 2023 816 2089 ordinibus
839 2024 977 2107 optinuit
991 2023 1108 2087 Barim
1136 2030 1176 2088 et
1200 2043 1270 2088 eon·

74 2136 237 2200 eluserunt
259 2151 324 2197 eos.
362 2131 504 2215 eoniugit
524 2139 631 2197 autem
655 2132 697 2196 ad
720 2154 776 2199 eos
798 2135 964 2198 Tatzatius
979 2134 1275 2199 Bueeellariornm

75 2251 205 2331 praetor
241 2241 313 2306 odio
349 2241 434 2325 quod
469 2249 581 2307 eontra
609 2244 810 2308 Staures-ium
840 2245 980 2308 habebat
1011 2245 1202 2327 patricium
1242 2252 1275 2311 et

75 2354 272 2441 logothetam
294 2358 353 2416 τοῦ
379 2349 521 2437 δρόμου,
545 2352 725 2418 eunuchum
747 2355 895 2420 omnibus
921 2355 975 2438 qui
996 2361 1073 2418 tune
1101 2354 1272 2421 uideban-

75 2474 127 2532 tur
153 2485 228 2531 esse
260 2465 515 2547 praeminentem
558 2472 590 2529 et
623 2465 731 2529 omnia
759 2463 992 2550 disponentem.
1036 2471 1069 2528 et
1102 2465 1188 2530 dato
1222 2467 1271 2532 eis
1286 2477 1312 2526 eu

76 2576 210 2641 oonsilio
233 2575 478 2657 postulauerunt
499 2594 621 2657 pacem.
666 2594 737 2639 eum
765 2575 807 2639 ad
837 2575 897 2640 hoe
919 2575 1040 2640 exisset
1062 2575 1268 2644 Stauraeius

77 2691 109 2749 et
130 2684 245 2749 Petrus
263 2685 415 2765 magister
437 2692 469 2749 et
484 2685 642 2749 Antonius
664 2683 857 2751 dorrrestieus
879 2706 943 2750 non
966 2685 1164 2751 studuerunt
1190 2689 1267 2754 sub·

78 2793 175 2858 tiliter
197 2814 294 2875 agere
324 2802 357 2857 ut
386 2795 518 2858 uerbum
552 2803 644 2858 caute
673 2796 874 2879 susciperent
903 2803 934 2860 et
962 2796 1046 2859 iilius
1076 2797 1265 2878 primorum

77 2901 136 2969 sed
158 2912 311 2968 exeuntes
334 2905 513 2970 inconsulte
535 2905 614 2969 tenti
637 2912 710 2970 suut
732 2905 773 2970 ab
797 2907 862 2971 illis
880 2914 912 2970 et
927 2905 1138 2989 compedibus
1155 2909 1264 2973 uineti

77 3019 151 3078 sunt
179 3020 210 3075 et
232 3020 361 3076 eoaotae
384 3020 457 3078 sunt
486 3020 641 3097 utraeque
669 3022 778 3099 partes
807 3017 849 3081 ad
873 3015 1052 3080 iaciendum
1075 3036 1193 3099 paoem
1230 3027 1263 3083 et
1279 3027 1310 3077 25

77 3119 281 3184 donauerunt
307 3121 341 3184 iu
369 3122 472 3186 uieem
494 3123 642 3204 Augusta
663 3124 814 3191 uidelieet
842 3137 874 3192 et
895 3129 1003 3191 Aaron
1026 3126 1123 3190 xenia
1152 3129 1263 3192 multa

76 3239 170 3314 paeto
193 3230 327 3310 firmato,
361 3236 396 3294 ut
417 3250 475 3314 per
496 3231 641 3313 singulos
663 3255 767 3301 annos
790 3237 836 3302 eis
859 3256 989 3303 censum
1012 3236 1177 3301 tribueret.
1228 3242 1263 3304 et

76 3339 161 3405 faeta
188 3359 268 3423 paee
298 3339 515 3406 discesserunt
542 3340 739 3410 dimittentes
769 3346 865 3411 etiam
901 3348 1062 3412 ciuitatem
1085 3347 1258 3413 Naeoliao.

81 3450 155 3516 tulit
177 3458 283 3515 autem
307 3458 339 3516 et
354 3451 521 3518 Tatzatius
543 3472 675 3517 uxorem
698 3475 799 3538 suam,
823 3465 855 3522 et
877 3478 1004 3522 omnem
1028 3457 1260 3522 substantiam.

0 3557 56 3621 111
162 3560 256 3625 Anno
279 3562 406 3647 imperii
430 3563 478 3627 sui
501 3563 594 3629 tertio
615 3583 696 3648 pace
718 3566 803 3630 faeta
831 3586 903 3630 eum
925 3567 1086 3631 Arabibus
1110 3573 1141 3630 et
1163 3565 1260 3632 aditu
1277 3576 1308 3626 su

80 3679 207 3754 reperto
256 3671 376 3736 Ilirena
411 3673 507 3738 mittit
538 3673 738 3740 Staumoium
782 3678 953 3760 patricium
990 3683 1022 3742 et
1056 3675 1259 3758 logothetam

77 3779 190 3843 Drorni
213 3799 284 3843 eum
306 3781 424 3847 uirtute
447 3784 547 3848 multa
568 3791 680 3849 contra
701 3785 923 3852 Selauinorum
946 3794 1069 3869 gentes.
1104 3787 1159 3870 qui
1182 3806 1259 3853 eurn

145 3939 319 4010 sauneio
370 3956 648 4029 5conlugitscripsi:
667 3958 812 4014 couflurtll
864 3946 1042 4015 Samnitai)
1093 3965 1186 4015 bet2u
1206 3962 1257 4014 ha-

77 4048 166 4103 roul)
199 4036 382 4120 maurophori
400 4050 426 4104 D
479 4056 505 4104 u
528 4033 673 4120 chrisopoli
688 4052 713 4107 D
763 4054 865 4109 buuoio
885 4058 908 4105 l)
964 4059 993 4107 12
1014 4053 1185 4108 burnrchel)
1223 4061 1254 4108 13

78 4147 105 4193 et
121 4141 237 4199 lachano
255 4144 400 4199 draconta·
413 4128 448 4199 eir
464 4143 582 4198 themata
600 4143 626 4199 D
713 4150 743 4200 lb
761 4147 887 4202 tudromo
906 4151 984 4219 (post.
1005 4164 1020 4201 o
1038 4164 1108 4202 corr.
1127 4164 1164 4201 eu:
1182 4165 1208 4200 ur
1231 4151 1255 4198 1)

78 4235 110 4285 22
129 4237 310 4304 magistrati)
357 4244 388 4292 25
408 4238 538 4308 utendi)
590 4242 621 4291 27
641 4239 734 4293 eenlul
749 4238 790 4306 a,
842 4245 874 4295 29
892 4239 1049 4295 tataatelI)
1106 4246 1137 4294 30
1157 4240 1256 4294 aurdrtu

76 4322 105 4377 D
157 4332 185 4380 31
207 4329 357 4385 berreuel)
