2834 5394
126 280 188 341 246
632 290 725 336 mam
746 290 783 335 xr

124 444 210 509 dum.
256 460 391 526 cumque
413 460 449 507 se
471 440 512 506 de
534 442 656 526 proelio
680 441 894 507 subtraxisset
916 447 948 506 et
968 440 1074 507 iaeula
1089 439 1303 520 declinasset,-

125 555 231 622 subito
253 573 424 639 pereussus
447 551 576 616 interiit.
620 552 675 617 ille
708 571 785 617 uero
818 551 873 633 qui
906 571 1033 618 sacrum
1066 551 1208 636 suscepit
1236 559 1297 616 tro·

125 685 250 750 pereum,
281 664 390 729 multis
414 682 449 728 se
470 662 686 728 iaculantibus
708 663 887 746 permansit
908 663 1062 728 inlaesus.
1106 661 1299 726 mirabiliter

126 776 211 841 enim
234 775 346 840 diuina
356 779 488 857 regente
503 773 620 838 uirtute
636 773 773 855 sagittae
788 773 927 838 hostium
943 772 1125 856 figebantur
1140 773 1173 836 in
1190 771 1297 854 signo,

124 885 320 969 asigniiero
342 891 450 950 autem
478 884 561 949 inter
590 884 732 968 perieula
760 882 905 968 protinus
934 882 1175 947 euoluebantur.
1222 881 1299 946 diei-

123 1003 174 1060 tur
197 1003 304 1061 autem
327 1013 432 1078 neque
454 995 553 1058 alium
577 1014 727 1076 umquam
750 993 845 1058 huius
868 993 950 1076 signi
967 993 1149 1057 ministrum
1166 998 1200 1057 ut
1217 993 1307 1058 solet

126 1106 266 1171 inbelle
289 1104 603 1169 uulnerernortuum
632 1109 687 1167 aut
716 1103 839 1168 cladem
870 1102 1066 1187 eaptiuitatis
1094 1122 1306 1187 perpessum.

11 1200 103 1266 VIIM
210 1215 312 1297 Igitur
334 1232 405 1277 eum
426 1214 491 1278 iam
513 1212 745 1279 Constantinus
774 1213 861 1278 haud
883 1214 994 1298 procul
1016 1233 1036 1277 a
1058 1220 1157 1296 ponte
1178 1213 1304 1277 Moluio

124 1331 232 1391 eastra
253 1323 424 1408 posuisset,
447 1323 552 1389 subito
574 1323 757 1388 Maxentius
784 1324 890 1406 agitur
918 1323 952 1387 in
975 1342 1142 1388 oeeursum
1172 1329 1206 1388 et
1229 1343 1300 1407 pro-

123 1455 219 1501 ruens
249 1434 339 1500 urbis
361 1435 482 1499 Romae
509 1433 612 1518 portis
640 1433 732 1517 sequi
760 1452 796 1499 se
817 1433 977 1517 reliquum
1000 1433 1176 1498 exereitum
1200 1433 1296 1513 iubet,

122 1546 209 1629 prior
230 1544 301 1629 ipse
322 1545 502 1630 praecurrit
523 1551 675 1609 armatus.
720 1543 861 1608 iusserat
883 1551 991 1608 autom
1013 1543 1155 1608 nauibus
1178 1543 1223 1607 ad
1246 1542 1292 1608 de·

122 1656 262 1740 eipulam
285 1654 471 1739 eompositis
493 1652 624 1718 fluuium
648 1652 747 1719 sterni
771 1660 804 1718 et
826 1654 1039 1738 superpositis
1068 1653 1223 1737 pontibus
1247 1674 1291 1719 ex·

122 1765 266 1848 aequari.
310 1770 386 1828 tune
408 1763 640 1829 Constantinus
669 1782 795 1828 erucem
817 1783 949 1827 auream
972 1785 1067 1846 quam
1091 1763 1291 1843 formauerat,

124 1881 199 1940 ante
223 1894 258 1939 se
280 1873 375 1939 iussit
403 1881 533 1957 portare
555 1873 703 1957 iactaque
726 1874 955 1956 congressione
978 1874 1121 1958 superati
1144 1881 1220 1940 sunt
1243 1873 1293 1956 qui

124 1984 209 2048 eirea
230 1983 428 2047 Maxentium
451 1982 580 2048 fuerant
601 1982 749 2067 plurimis
771 2002 812 2048 ex
833 1982 886 2048 his
908 1983 1120 2068 interemptis.
1166 1983 1293 2048 Maxen-

122 2093 186 2159 tius
209 2098 315 2157 autem
339 2111 409 2156 eum
432 2091 572 2158 residuis
595 2092 722 2174 fugiens
750 2093 860 2176 paullo
883 2094 1033 2177 superius
1055 2113 1075 2158 a
1097 2101 1197 2177 ponte
1219 2094 1293 2158 Mol-

123 2203 175 2266 uio
207 2203 240 2266 in
274 2209 372 2286 ponte
403 2202 545 2285 nauigiis
577 2201 752 2286 composito
781 2202 822 2266 ab
851 2203 951 2268 latere
980 2201 1107 2286 ingredi
1137 2202 1295 2269 festinans

121 2314 216 2398 lapsu
239 2312 313 2396 equi
336 2312 369 2377 in
392 2310 585 2396 protundum
608 2311 774 2378 demersus
798 2319 847 2378 est
875 2319 1086 2396 uoratumque
1114 2314 1192 2377 limo
1221 2334 1296 2398 pon·

121 2423 198 2489 dere
220 2421 361 2488 thoraeis
385 2441 500 2506 eorpus
522 2422 579 2486 uix
600 2429 772 2506 repertum.
817 2424 994 2487 eratenim
1017 2444 1122 2489 annus
1139 2424 1296 2507 septimus

121 2533 245 2617 imperii
263 2532 477 2599 Constantini.
520 2531 604 2596 inter
626 2530 708 2597 haee
722 2532 943 2598 Diocletianus
961 2533 1102 2598 Salonae
1124 2531 1296 2601 defunetus

121 2651 180 2707 ost.
226 2643 325 2708 iertur
347 2649 454 2707 autem
470 2642 668 2705 Maxentium
693 2640 911 2726 suppositum>
935 2650 1004 2707 arto
1020 2642 1168 2707 muliebri
1186 2651 1297 2709 tenere

122 2752 229 2815 mariti
252 2751 393 2815 animum
415 2750 594 2816 laborantis
617 2751 763 2836 euspieio
792 2752 969 2834 gratissimi
998 2759 1112 2836 partus
1141 2754 1247 2838 eoepti
1277 2774 1298 2818 a

121 2880 230 2945 puero.
275 2857 320 2941 <is
341 2860 524 2925 Maxentius
558 2879 652 2927 earus
685 2861 765 2925 nulli
798 2881 950 2941 umquam
978 2863 1104 2928 fuitne
1134 2863 1220 2947 patri
1244 2874 1298 2927 aut

122 2989 231 3036 socero
254 2969 382 3051 quidem
407 2969 548 3034 Galerio.
593 2971 718 3036 interea
744 2971 833 3036 eiues
856 2972 1002 3053 Romani,
1034 2973 1088 3055 qui
1113 2971 1297 3038 Constanti-

120 3100 197 3145 num
213 3087 437 3163 poposcerant,
461 3086 495 3143 ut
516 3079 550 3143 in
572 3098 681 3143 eorum
697 3087 885 3163 exsurgeret
899 3081 1103 3163 adiutorium,
1126 3102 1147 3147 a
1162 3081 1300 3165 maligni

121 3188 278 3252 Maxentii
300 3187 471 3271 tyrannide
493 3188 623 3253 liberati
645 3190 808 3255 ciuitatem
831 3199 987 3257 coronant
1010 3196 1042 3256 et
1071 3210 1144 3255 eum
1173 3191 1297 3275 gaudio

120 3297 274 3361 uietorem
302 3296 548 3362 Constantinum
576 3319 642 3363 una
670 3319 740 3364 cum
776 3299 907 3364 uiuifiea
934 3320 1028 3367 oruee
1055 3302 1238 3386 suseipiunt
1267 3309 1298 3368 et

121 3405 216 3471 deum
246 3405 467 3472 collaudantes
495 3426 555 3471 neo
583 3428 647 3472 non
677 3415 709 3474 et
735 3409 897 3474 uiuifieam
926 3429 1051 3476 orueem
1081 3432 1141 3495 per
1170 3420 1298 3496 septem

120 3516 191 3583 dies
224 3517 397 3583 adorantes
429 3523 461 3582 et
491 3515 738 3584 Constantinum
777 3520 930 3585 uiatorem
962 3520 1114 3587 laudibus
1148 3521 1298 3606 magnifi-

118 3625 259 3712 rantes.)

68 3730 98 3794 X
207 3737 280 3800 Non
307 3737 407 3800 nrrrlto
435 3731 541 3818 (post)
569 3733 724 3820 deineeps
752 3737 787 3800 in
809 3737 934 3803 oriente
963 3753 1091 3822 quoque
1119 3738 1298 3807 aduersum

117 3847 276 3910 Liomium
289 3844 484 3910 Maximinus
500 3843 622 3909 Caesar
643 3864 695 3910 res
718 3865 820 3913 nouas
842 3848 972 3914 molitus
994 3849 1137 3914 uioinum
1161 3851 1297 3916 exitium

116 3955 247 4019 iortuita
269 3953 354 4038 apud
378 3956 516 4018 Tarsum
538 3950 689 4034 <Ciliciae
717 3962 818 4020 morte
846 3956 985 4041 simplici
1015 3961 1195 4043 praeuenit.
1243 3960 1298 4025 hio

185 4134 356 4205 2tropet'r1)
408 4133 648 4190 oeuoluebante
702 4142 731 4191 ta
750 4154 830 4192 eruce
847 4154 930 4194 aurea
948 4156 1000 4208 que
1019 4141 1045 4195 Β
1116 4147 1148 4198 to
1168 4145 1252 4213 paulo
1272 4143 1299 4199 D

116 4232 148 4281 22
168 4227 282 4297 ceptrI)
350 4232 382 4281 25
401 4226 615 4295 exsurgerentI)
683 4232 712 4281 31
734 4237 817 4283 morta
836 4231 863 4285 B
914 4232 1043 4287 aduersus
1058 4234 1130 4288 0¹13
1185 4241 1220 4290 32
1240 4253 1297 4291 me·

114 4319 178 4372 lrtnt
194 4323 232 4373 est
251 4322 277 4374 B
329 4324 361 4373 33
379 4319 498 4374 tharsum
517 4319 544 4374 B
612 4323 738 4384 33-24ῖ,
756 4326 788 4377 26
806 4323 839 4392 <>
859 4324 898 4378 D:
913 4327 919 4392 Ι
934 4333 1052 4381 montem
1069 4328 1298 4396 pernam-Con·

115 4409 247 4464 [tenturus
263 4420 352 4465 tamen
371 4412 398 4464 B
468 4417 500 4466 33
525 4412 648 4480 pertiti)
