2834 5394
525 734 598 783 cur.
620 735 780 783 vn-vnu
1166 719 1223 782 281

51 885 169 953 missis
189 904 301 971 paoem
323 886 506 971 expostulat
534 906 669 971 euntque
698 886 857 970 elegatis
879 904 989 950 eorum
1012 884 1230 952 sciscitaretur

59 1002 165 1061 utrum
178 996 390 1063 Sauromatae
409 996 493 1063 tales
514 1004 547 1063 et
568 1003 634 1063 tam
656 996 767 1063 uilium
791 1015 957 1080 eorpomm
981 1015 1093 1063 omnes
1115 996 1229 1062 existe-

68 1115 145 1187 rent,
176 1106 411 1192 responderunt
438 1107 625 1192 imperatori
654 1107 799 1173 dieentes
830 1106 917 1191 ‘quia
946 1107 1095 1173 meliores
1118 1125 1228 1171 eorum

74 1215 123 1280 bie
139 1214 235 1284 babes
256 1224 290 1283 et
310 1216 411 1284 uides’
437 1224 504 1282 tum
532 1217 735 1284 ualidissime
764 1217 820 1281 ille
847 1217 991 1282 olamans
1021 1217 1068 1281 ait
1096 1216 1229 1281 ‘atrocia

56 1326 236 1391 altonannm
262 1325 432 1411 imperium
461 1329 599 1394 sustinet
627 1327 669 1393 ad
699 1326 961 1393 Valentinianum
990 1328 1177 1412 pertingens
1199 1327 1228 1394 si

86 1436 269 1504 Sauromatae
296 1438 379 1504 tales
408 1437 584 1504 existentes
613 1444 726 1503 eontra
752 1440 915 1503 Romanos
948 1438 1138 1519 insurgunt!
1188 1456 1227 1503 en

87 1546 260 1613 animositate
282 1554 390 1613 autem
411 1548 512 1615 nimia
540 1555 571 1613 et
592 1567 745 1613 manuum
767 1548 885 1632 plausu
906 1566 992 1613 uena
1014 1549 1158 1633 eorporis
1180 1566 1227 1613 ro

88 1654 137 1722 aisa
152 1664 180 1723 ot
198 1657 337 1743 plurimo
360 1666 548 1743 erumpente
570 1657 746 1742 sanguine>
776 1679 859 1742 quae
882 1656 1007 1724 Graeee
1037 1651 1228 1741 ἇηόιιληξις

90 1774 198 1851 uuam,
220 1786 300 1834 uoee
321 1767 454 1845 amissa,
476 1788 574 1835 sensu
590 1769 716 1853 integer
730 1768 901 1852 expirauit,
925 1768 1011 1853 quod
1032 1768 1164 1853 quidem
1180 1768 1227 1834 in·
1273 1781 1276 1788 ’

57 1878 269 1961 litenperantia
289 1878 353 1944 eibi
375 1898 414 1945 ae
441 1880 609 1945 saturitate
637 1898 702 1963 qua
729 1886 819 1945 artus
848 1876 1030 1961 diffuderat,
1068 1878 1226 1945 aeeidisse

91 1984 169 2066 pluas
187 1989 324 2055 retulere
345 1986 449 2071 <anno
469 1989 585 2056 aetatis
616 1990 727 2073 quinto
756 1996 788 2054 et
815 1988 1083 2073 quinquagesimo
1112 2008 1224 2055 eonsu-

92 2092 139 2159 latu
154 2096 294 2164 Gratiani
316 2105 348 2165 et
369 2099 491 2184 Equitii
513 2097 638 2164 dee-imo
660 2099 771 2183 quinto
793 2098 954 2165 kalendas
975 2097 1193 2182 Decembris.)

150 2206 213 2274 luit
232 2216 340 2276 autem
362 2209 537 2294 imperator
559 2209 726 2293 egregius,
757 2209 846 2273 uultu
875 2208 1012 2287 decens,
1043 2210 1156 2275 sollers
1178 2209 1225 2274 in·
1247 2194 1338 2260 Vlffl

93 2315 167 2399 prio,
195 2319 303 2385 animo
331 2319 452 2403 grauis,
484 2318 660 2386 Aureliano
691 2318 816 2397 similis,
853 2338 999 2385 sermone
1029 2319 1225 2386 cultissimus

63 2422 248 2513 ¹⁵quanquam
282 2438 369 2498 esset
396 2429 440 2495 ad
468 2428 664 2514 loquendum
693 2448 819 2515 pareus,
858 2448 1000 2511 seuerus,
1038 2429 1223 2514 uehemens,

94 2528 193 2606 inlottns
218 2539 308 2606 uitiis
336 2540 541 2625 maximeque
569 2540 717 2606 auaritia.
762 2539 969 2606 seueritatem
991 2537 1132 2623 (tanuen)
1155 2540 1225 2606 eius

95 2639 187 2713 niniam
207 2656 240 2717 et
259 2650 449 2735 parcitatem
472 2649 604 2734 quidam
626 2649 848 2716 crudelitatem
870 2650 1041 2715 auaritiam
1071 2650 1224 2734 interpre-

94 2749 212 2825 obrem.
255 2778 331 2826 acer
360 2759 395 2824 in
427 2759 479 2826 his
512 2779 595 2845 quae
627 2767 862 2827 memoraturus
895 2781 966 2826 sum
993 2759 1224 2842 Hadrianoquo

94 2866 227 2952 munus,
251 2870 386 2954 pingere
409 2871 646 2953 uenustissime,
675 2871 872 2954 meminisse,
903 2889 990 2935 noua
1010 2890 1102 2935 arma
1123 2869 1222 2934 medi·

62 2968 140 3057 mid,
155 2978 270 3065 ingere
291 2999 369 3047 aera
389 3001 447 3047 seu
469 2981 546 3045 limo
568 2981 750 3064 simulacra,
780 2981 956 3067 prudenter
977 2980 1023 3045 uti
1045 2980 1125 3044 loeis
1147 2986 1223 3043 tem-

93 3084 187 3161 utun
207 3109 358 3158 sermone
380 3098 476 3175 atque
497 3096 532 3156 ut
553 3091 694 3157 breuiter
716 3091 916 3173 sanchidem,
940 3091 969 3156 si
995 3090 1025 3155 ei
1048 3089 1153 3154 foedis
1170 3088 1223 3153 ho·

91 3192 202 3282 bisibus,
225 3200 344 3285 quibus
359 3219 432 3268 sese
447 3200 541 3285 quasi
556 3200 724 3268 fidissimis
738 3200 1063 3286 prudentissimisque
1079 3199 1221 3278 dederat,

89 3314 177 3391 iture,
213 3316 270 3375 aut
301 3310 448 3396 probatis
480 3308 697 3395 <eruditisque
729 3309 958 3393 monitoribus>
991 3312 1036 3375 uti
1069 3311 1222 3389 licuisset,

87 3416 210 3492 tuumne
239 3418 330 3485 haud
361 3419 459 3486 dubie
479 3421 632 3506 prineeps
664 3422 843 3487 enituisset.
878 3419 1003 3504 <itaque
1033 3440 1071 3486 eo
1100 3429 1223 3484 mortuo

10 3516 167 3595 ²⁵[blito
187 3530 307 3598 milites
337 3538 430 3598 sexta
458 3529 511 3596 die
539 3537 612 3616 post
634 3531 704 3598 eius
727 3539 859 3597 mortem
882 3530 1144 3596 Valentinianum
1167 3550 1224 3614 pu·

10 3626 14 3763 ἰ
87 3646 146 3703 eum
162 3640 231 3707 eius
252 3640 355 3707 filium
377 3640 483 3707 adhue
504 3640 737 3725 quadriennem
760 3651 890 3707 auat-ore
912 3641 1040 3725 Equitio
1064 3659 1101 3705 ae
1124 3640 1224 3704 llere·

86 3736 160 3817 bludo
180 3770 198 3818 a
219 3750 413 3839 propinquo,
437 3751 492 3816 ubi
514 3771 586 3816 eum
609 3759 710 3817 matre
733 3753 838 3818 iuerat
867 3752 995 3833 allatus,
1030 3751 1175 3816 creant
1167 3771 1222 3814 rm·

10 3772 17 3953 ιζ
87 3866 239 3932 boumn.
284 3863 377 3928 euius
413 3861 583 3945 imperium
620 3863 718 3927 irater
754 3869 785 3927 et
820 3869 953 3946 patruus
990 3860 1104 3926 lieet
1097 3881 1152 3943 mg
1154 3867 1222 3926 rate

10 3960 17 4117 ι
88 3967 185 4043 qlod
160 3990 204 4040 ers
224 3970 451 4057 ignorantibus
473 3973 591 4037 laetum
622 3973 671 4055 sit,
706 3979 815 4037 tamen
844 3979 956 4055 postea
986 3967 1223 4055 susceperunt.)

132 4195 289 4268 lapoplexrl
305 4196 360 4252 DB
407 4198 587 4268 aextpnamt
604 4195 631 4251 B
687 4203 716 4251 lb
735 4214 788 4253 erm
798 4198 861 4265 ΠΒ,
879 4196 975 4252 deiude
992 4211 1009 4250 a
1028 4197 1169 4252 securitate
1187 4194 1222 4261 D,

91 4280 283 4353 *clamatam
300 4290 325 4345 a
342 4293 485 4348 leeuntate
508 4290 541 4358 P,
563 4290 665 4345 emerrd.
684 4308 721 4347 ex
734 4290 841 4346 Victore
862 4292 994 4347 Gruterus
1053 4286 1223 4344 aecedriieB

92 4370 217 4441 ¹¹1¹tiulere
241 4384 295 4442 OB
400 4389 430 4439 lt
455 4374 546 4439 abne
564 4384 627 4453 deq
654 4384 680 4438 D
754 4384 851 4439 deceni
874 4382 914 4437 P:
931 4383 1064 4438 decedens
1088 4399 1166 4441 rcorr.
1195 4384 1223 4436 iu.

93 4456 200 4538 ΜΗ)
264 4484 294 4537 il
312 4477 435 4534 folerlD
496 4483 525 4532 14
538 4485 605 4551 post
621 4479 713 4548 grand
728 4477 788 4532 add.
808 4478 929 4532 moribus
945 4476 972 4530 B
1024 4476 1179 4531 cultrlsrmoi
1196 4475 1223 4530 B

96 4555 216 4626 llinflatui
235 4574 311 4629 urtnt
331 4586 447 4629 muame
469 4578 600 4627 auantiae
626 4577 689 4625 aitte
713 4587 783 4626 corr.
802 4576 847 4624 ‘at
864 4570 927 4625 uid?
946 4568 972 4623 P
1067 4568 1180 4623 miertni
1196 4568 1223 4622 B

97 4648 285 4722 “addaram
300 4682 353 4723 ora.
370 4664 399 4722 b
451 4669 482 4720 18
500 4665 663 4720 memoratus
678 4664 705 4719 D
756 4663 892 4733 adnanoq.
912 4662 966 4718 DB
1027 4666 1058 4716 24
1076 4668 1125 4716 aut
1142 4660 1223 4715 dabre

97 4735 381 4826 Bliqnadnenmw
431 4762 463 4813 27
481 4771 618 4828 apprnquo
636 4759 703 4828 isselt
721 4757 790 4817 eil)
842 4754 1026 4810 allatulsicl)
1085 4758 1118 4807 aa
1137 4735 1221 4810 susee-

98 4844 182 4901 lffutD
