<?xml version="1.0" encoding="UTF-8"?>
<!DOCTYPE html PUBLIC "-//W3C//DTD XHTML 1.0 Transitional//EN"
    "http://www.w3.org/TR/xhtml1/DTD/xhtml1-transitional.dtd">
<html xmlns="http://www.w3.org/1999/xhtml" xml:lang="en" lang="en">
 <head>
  <title>
</title>
<meta http-equiv="Content-Type" content="text/html;charset=utf-8" />
  <meta name='ocr-system' content='tesseract 3.04.00' />
  <meta name='ocr-capabilities' content='ocr_page ocr_carea ocr_par ocr_line ocrx_word'/>
</head>
<body>
  <div class='ocr_page' id='page_1' title='image "./historiamiscell00sagagoog_0390.png"; bbox 0 0 2834 5394; ppageno 0'>
   <div class='ocr_carea' id='block_1_1' title="bbox 175 264 866 325">
    <p class='ocr_par' dir='ltr' id='par_1_1' title="bbox 175 264 866 325">
     <span class='ocr_line' id='line_1_1' title="bbox 175 264 866 325; baseline -0.006 0"><span class='ocrx_word' id='word_1_1' title='bbox 175 264 238 325; x_wconf 78' lang='lat' dir='ltr'>tte</span> <span class='ocrx_word' id='word_1_2' title='bbox 665 274 758 323; x_wconf 77' lang='lat' dir='ltr'>usur</span> <span class='ocrx_word' id='word_1_3' title='bbox 780 274 866 322; x_wconf 86' lang='lat' dir='ltr'>xvrn</span> 
     </span>
    </p>
   </div>
   <div class='ocr_carea' id='block_1_2' title="bbox 37 422 1398 3900">
    <p class='ocr_par' dir='ltr' id='par_1_2' title="bbox 173 422 1346 729">
     <span class='ocr_line' id='line_1_2' title="bbox 175 422 1346 508; baseline -0.005 -15"><span class='ocrx_word' id='word_1_4' title='bbox 175 426 294 495; x_wconf 89' lang='lat' dir='ltr'>eendes</span> <span class='ocrx_word' id='word_1_5' title='bbox 317 435 348 491; x_wconf 92' lang='lat' dir='ltr'>et</span> <span class='ocrx_word' id='word_1_6' title='bbox 362 424 567 492; x_wconf 90' lang='lat' dir='ltr'>adiuuandos</span> <span class='ocrx_word' id='word_1_7' title='bbox 582 426 794 508; x_wconf 88' lang='lat' dir='ltr'>uiuentesque</span> <span class='ocrx_word' id='word_1_8' title='bbox 809 424 986 490; x_wconf 81' lang='lat' dir='ltr'>liberaliter</span> <span class='ocrx_word' id='word_1_9' title='bbox 1000 424 1090 488; x_wconf 90' lang='lat' dir='ltr'>iuuit.</span> <span class='ocrx_word' id='word_1_10' title='bbox 1135 422 1249 490; x_wconf 89' lang='lat' dir='ltr'>ecdem</span> <span class='ocrx_word' id='word_1_11' title='bbox 1264 442 1346 489; x_wconf 90' lang='lat' dir='ltr'>uero</span> 
     </span>
     <span class='ocr_line' id='line_1_3' title="bbox 173 531 1345 620; baseline -0.006 -16"><span class='ocrx_word' id='word_1_12' title='bbox 173 558 260 603; x_wconf 86' lang='lat' dir='ltr'>auno</span> <span class='ocrx_word' id='word_1_13' title='bbox 280 535 414 603; x_wconf 85' lang='lat' dir='ltr'>tradidit</span> <span class='ocrx_word' id='word_1_14' title='bbox 434 534 633 602; x_wconf 83' lang='lat' dir='ltr'>lastinianus</span> <span class='ocrx_word' id='word_1_15' title='bbox 655 535 698 600; x_wconf 89' lang='lat' dir='ltr'>ad</span> <span class='ocrx_word' id='word_1_16' title='bbox 720 534 923 620; x_wconf 88' lang='lat' dir='ltr'>psallendum</span> <span class='ocrx_word' id='word_1_17' title='bbox 946 534 979 598; x_wconf 93' lang='lat' dir='ltr'>in</span> <span class='ocrx_word' id='word_1_18' title='bbox 1002 533 1138 599; x_wconf 89' lang='lat' dir='ltr'>ecclesia</span> <span class='ocrx_word' id='word_1_19' title='bbox 1160 531 1241 598; x_wconf 91' lang='lat' dir='ltr'>illud</span> <span class='ocrx_word' id='word_1_20' title='bbox 1256 532 1345 617; x_wconf 88' lang='lat' dir='ltr'>quod</span> 
     </span>
     <span class='ocr_line' id='line_1_4' title="bbox 173 644 926 729; baseline -0.008 -15"><span class='ocrx_word' id='word_1_21' title='bbox 173 647 298 714; x_wconf 85' lang='lat' dir='ltr'>canitur</span> <span class='ocrx_word' id='word_1_22' title='bbox 320 645 514 729; x_wconf 81' lang='lat' dir='ltr'>‘unigenitus</span> <span class='ocrx_word' id='word_1_23' title='bbox 535 644 622 709; x_wconf 89' lang='lat' dir='ltr'>filius</span> <span class='ocrx_word' id='word_1_24' title='bbox 644 651 677 710; x_wconf 91' lang='lat' dir='ltr'>et</span> <span class='ocrx_word' id='word_1_25' title='bbox 698 645 831 711; x_wconf 88' lang='lat' dir='ltr'>uerbum</span> <span class='ocrx_word' id='word_1_26' title='bbox 854 644 926 709; x_wconf 86' lang='lat' dir='ltr'>dei&#39;</span> 
     </span>
    </p>

    <p class='ocr_par' dir='ltr' id='par_1_3' title="bbox 72 750 1398 1934">
     <span class='ocr_line' id='line_1_5' title="bbox 72 750 1342 838; baseline -0.002 -21"><span class='ocrx_word' id='word_1_27' title='bbox 72 750 151 817; x_wconf 88' lang='lat' dir='ltr'>XXI</span> <span class='ocrx_word' id='word_1_28' title='bbox 256 758 350 823; x_wconf 81' lang='lat' dir='ltr'>Anno</span> <span class='ocrx_word' id='word_1_29' title='bbox 378 753 566 820; x_wconf 86' lang='lat' dir='ltr'>duodecimo</span> <span class='ocrx_word' id='word_1_30' title='bbox 595 754 720 838; x_wconf 90' lang='lat' dir='ltr'>imperii</span> <span class='ocrx_word' id='word_1_31' title='bbox 748 753 919 820; x_wconf 87' lang='lat' dir='ltr'>Iustiniani</span> <span class='ocrx_word' id='word_1_32' title='bbox 952 753 1029 818; x_wconf 90' lang='lat' dir='ltr'>moti</span> <span class='ocrx_word' id='word_1_33' title='bbox 1063 759 1137 820; x_wconf 84' lang='lat' dir='ltr'>sunt</span> <span class='ocrx_word' id='word_1_34' title='bbox 1165 753 1342 836; x_wconf 80' lang='lat' dir='ltr'>Belgarum</span> 
     </span>
     <span class='ocr_line' id='line_1_6' title="bbox 170 862 1374 949; baseline -0.006 -17"><span class='ocrx_word' id='word_1_35' title='bbox 170 864 234 932; x_wconf 90' lang='lat' dir='ltr'>duo</span> <span class='ocrx_word' id='word_1_36' title='bbox 254 885 350 949; x_wconf 85' lang='lat' dir='ltr'>roges</span> <span class='ocrx_word' id='word_1_37' title='bbox 371 865 492 947; x_wconf 89' lang='lat' dir='ltr'>Vulger</span> <span class='ocrx_word' id='word_1_38' title='bbox 521 864 643 929; x_wconf 82' lang='lat' dir='ltr'>seilicet</span> <span class='ocrx_word' id='word_1_39' title='bbox 672 872 704 930; x_wconf 90' lang='lat' dir='ltr'>ct</span> <span class='ocrx_word' id='word_1_40' title='bbox 725 865 855 947; x_wconf 89' lang='lat' dir='ltr'>Droggo</span> <span class='ocrx_word' id='word_1_41' title='bbox 887 883 958 928; x_wconf 88' lang='lat' dir='ltr'>curn</span> <span class='ocrx_word' id='word_1_42' title='bbox 981 862 1242 928; x_wconf 84' lang='lat' dir='ltr'>multitudinem</span> <span class='ocrx_word' id='word_1_43' title='bbox 1265 863 1374 946; x_wconf 77' lang='lat' dir='ltr'>Scy-5</span> 
     </span>
     <span class='ocr_line' id='line_1_7' title="bbox 169 971 1340 1059; baseline -0.003 -17"><span class='ocrx_word' id='word_1_44' title='bbox 169 975 270 1042; x_wconf 88' lang='lat' dir='ltr'>thiam</span> <span class='ocrx_word' id='word_1_45' title='bbox 293 982 324 1040; x_wconf 89' lang='lat' dir='ltr'>et</span> <span class='ocrx_word' id='word_1_46' title='bbox 346 974 483 1059; x_wconf 85' lang='lat' dir='ltr'>Mysiam</span> <span class='ocrx_word' id='word_1_47' title='bbox 506 992 577 1037; x_wconf 88' lang='lat' dir='ltr'>eum</span> <span class='ocrx_word' id='word_1_48' title='bbox 601 981 688 1040; x_wconf 85' lang='lat' dir='ltr'>essct</span> <span class='ocrx_word' id='word_1_49' title='bbox 710 974 862 1058; x_wconf 89' lang='lat' dir='ltr'>magister</span> <span class='ocrx_word' id='word_1_50' title='bbox 891 974 1027 1037; x_wconf 91' lang='lat' dir='ltr'>militum</span> <span class='ocrx_word' id='word_1_51' title='bbox 1049 973 1174 1056; x_wconf 82' lang='lat' dir='ltr'>Mysiae</span> <span class='ocrx_word' id='word_1_52' title='bbox 1197 971 1340 1039; x_wconf 88' lang='lat' dir='ltr'>lustinus</span> 
     </span>
     <span class='ocr_line' id='line_1_8' title="bbox 170 1081 1341 1169; baseline -0.004 -18"><span class='ocrx_word' id='word_1_53' title='bbox 170 1091 202 1152; x_wconf 87' lang='lat' dir='ltr'>et</span> <span class='ocrx_word' id='word_1_54' title='bbox 223 1084 378 1169; x_wconf 81' lang='lat' dir='ltr'>Scythiae</span> <span class='ocrx_word' id='word_1_55' title='bbox 399 1081 593 1150; x_wconf 87' lang='lat' dir='ltr'>Bandarius.</span> <span class='ocrx_word' id='word_1_56' title='bbox 634 1084 688 1165; x_wconf 88' lang='lat' dir='ltr'>qui</span> <span class='ocrx_word' id='word_1_57' title='bbox 712 1090 865 1149; x_wconf 83' lang='lat' dir='ltr'>exeuntes</span> <span class='ocrx_word' id='word_1_58' title='bbox 888 1090 998 1147; x_wconf 88' lang='lat' dir='ltr'>contra</span> <span class='ocrx_word' id='word_1_59' title='bbox 1020 1082 1177 1164; x_wconf 85' lang='lat' dir='ltr'>Bulgares</span> <span class='ocrx_word' id='word_1_60' title='bbox 1199 1083 1341 1147; x_wconf 88' lang='lat' dir='ltr'>inierunt</span> 
     </span>
     <span class='ocr_line' id='line_1_9' title="bbox 168 1191 1342 1279; baseline -0.003 -21"><span class='ocrx_word' id='word_1_61' title='bbox 168 1193 326 1279; x_wconf 91' lang='lat' dir='ltr'>proelium</span> <span class='ocrx_word' id='word_1_62' title='bbox 349 1200 381 1258; x_wconf 90' lang='lat' dir='ltr'>ct</span> <span class='ocrx_word' id='word_1_63' title='bbox 402 1191 527 1258; x_wconf 88' lang='lat' dir='ltr'>occisus</span> <span class='ocrx_word' id='word_1_64' title='bbox 556 1200 605 1257; x_wconf 88' lang='lat' dir='ltr'>cst</span> <span class='ocrx_word' id='word_1_65' title='bbox 626 1193 770 1259; x_wconf 90' lang='lat' dir='ltr'>Iustinus</span> <span class='ocrx_word' id='word_1_66' title='bbox 801 1193 954 1275; x_wconf 87' lang='lat' dir='ltr'>magister</span> <span class='ocrx_word' id='word_1_67' title='bbox 981 1192 1117 1256; x_wconf 90' lang='lat' dir='ltr'>militurn</span> <span class='ocrx_word' id='word_1_68' title='bbox 1146 1193 1179 1255; x_wconf 91' lang='lat' dir='ltr'>in</span> <span class='ocrx_word' id='word_1_69' title='bbox 1202 1191 1288 1256; x_wconf 91' lang='lat' dir='ltr'>bello</span> <span class='ocrx_word' id='word_1_70' title='bbox 1311 1198 1342 1256; x_wconf 87' lang='lat' dir='ltr'>ct</span> 
     </span>
     <span class='ocr_line' id='line_1_10' title="bbox 168 1300 1342 1387; baseline -0.001 -20"><span class='ocrx_word' id='word_1_71' title='bbox 168 1302 271 1370; x_wconf 83' lang='lat' dir='ltr'>iactus</span> <span class='ocrx_word' id='word_1_72' title='bbox 294 1309 343 1369; x_wconf 88' lang='lat' dir='ltr'>est</span> <span class='ocrx_word' id='word_1_73' title='bbox 364 1322 423 1387; x_wconf 92' lang='lat' dir='ltr'>pro</span> <span class='ocrx_word' id='word_1_74' title='bbox 446 1321 484 1367; x_wconf 92' lang='lat' dir='ltr'>eo</span> <span class='ocrx_word' id='word_1_75' title='bbox 506 1300 737 1368; x_wconf 82' lang='lat' dir='ltr'>Constantinus</span> <span class='ocrx_word' id='word_1_76' title='bbox 760 1302 916 1366; x_wconf 80' lang='lat' dir='ltr'>Florentii</span> <span class='ocrx_word' id='word_1_77' title='bbox 945 1309 976 1367; x_wconf 89' lang='lat' dir='ltr'>ct</span> <span class='ocrx_word' id='word_1_78' title='bbox 1004 1308 1160 1366; x_wconf 84' lang='lat' dir='ltr'>uenerunt</span> <span class='ocrx_word' id='word_1_79' title='bbox 1181 1301 1342 1385; x_wconf 88' lang='lat' dir='ltr'>Bulgares</span> 
     </span>
     <span class='ocr_line' id='line_1_11' title="bbox 168 1410 1398 1497; baseline -0.007 -21"><span class='ocrx_word' id='word_1_80' title='bbox 168 1431 270 1496; x_wconf 87' lang='lat' dir='ltr'>usque</span> <span class='ocrx_word' id='word_1_81' title='bbox 292 1411 334 1477; x_wconf 89' lang='lat' dir='ltr'>ad</span> <span class='ocrx_word' id='word_1_82' title='bbox 357 1418 465 1497; x_wconf 87' lang='lat' dir='ltr'>partes</span> <span class='ocrx_word' id='word_1_83' title='bbox 488 1412 649 1477; x_wconf 82' lang='lat' dir='ltr'>Thraciae</span> <span class='ocrx_word' id='word_1_84' title='bbox 671 1419 703 1476; x_wconf 88' lang='lat' dir='ltr'>et</span> <span class='ocrx_word' id='word_1_85' title='bbox 724 1432 875 1495; x_wconf 89' lang='lat' dir='ltr'>egressus</span> <span class='ocrx_word' id='word_1_86' title='bbox 898 1419 947 1477; x_wconf 89' lang='lat' dir='ltr'>est</span> <span class='ocrx_word' id='word_1_87' title='bbox 969 1419 1078 1475; x_wconf 87' lang='lat' dir='ltr'>contra</span> <span class='ocrx_word' id='word_1_88' title='bbox 1108 1429 1164 1475; x_wconf 89' lang='lat' dir='ltr'>eos</span> <span class='ocrx_word' id='word_1_89' title='bbox 1186 1410 1342 1493; x_wconf 88' lang='lat' dir='ltr'>magister</span> <span class='ocrx_word' id='word_1_90' title='bbox 1364 1420 1398 1470; x_wconf 85' lang='lat' dir='ltr'>te</span> 
     </span>
     <span class='ocr_line' id='line_1_12' title="bbox 166 1521 1342 1605; baseline -0.001 -19"><span class='ocrx_word' id='word_1_91' title='bbox 166 1521 303 1586; x_wconf 91' lang='lat' dir='ltr'>militum</span> <span class='ocrx_word' id='word_1_92' title='bbox 331 1522 489 1587; x_wconf 87' lang='lat' dir='ltr'>Villiriaci</span> <span class='ocrx_word' id='word_1_93' title='bbox 518 1541 590 1585; x_wconf 87' lang='lat' dir='ltr'>curn</span> <span class='ocrx_word' id='word_1_94' title='bbox 618 1521 755 1603; x_wconf 85' lang='lat' dir='ltr'>Hunnis‚</span> <span class='ocrx_word' id='word_1_95' title='bbox 793 1540 888 1605; x_wconf 84' lang='lat' dir='ltr'>quern</span> <span class='ocrx_word' id='word_1_96' title='bbox 918 1521 1059 1604; x_wconf 83' lang='lat' dir='ltr'>suscepit</span> <span class='ocrx_word' id='word_1_97' title='bbox 1090 1521 1267 1604; x_wconf 87' lang='lat' dir='ltr'>imperator</span> <span class='ocrx_word' id='word_1_98' title='bbox 1301 1539 1342 1586; x_wconf 83' lang='lat' dir='ltr'>cx</span> 
     </span>
     <span class='ocr_line' id='line_1_13' title="bbox 166 1628 1342 1716; baseline -0.003 -19"><span class='ocrx_word' id='word_1_99' title='bbox 166 1650 262 1697; x_wconf 87' lang='lat' dir='ltr'>sacro</span> <span class='ocrx_word' id='word_1_100' title='bbox 284 1632 480 1716; x_wconf 86' lang='lat' dir='ltr'>baptismate</span> <span class='ocrx_word' id='word_1_101' title='bbox 502 1637 534 1696; x_wconf 89' lang='lat' dir='ltr'>et</span> <span class='ocrx_word' id='word_1_102' title='bbox 555 1630 588 1695; x_wconf 93' lang='lat' dir='ltr'>in</span> <span class='ocrx_word' id='word_1_103' title='bbox 612 1629 751 1695; x_wconf 87' lang='lat' dir='ltr'>medium</span> <span class='ocrx_word' id='word_1_104' title='bbox 775 1630 885 1696; x_wconf 91' lang='lat' dir='ltr'>missis</span> <span class='ocrx_word' id='word_1_105' title='bbox 906 1630 1104 1714; x_wconf 87' lang='lat' dir='ltr'>Bulgaribus</span> <span class='ocrx_word' id='word_1_106' title='bbox 1133 1628 1342 1694; x_wconf 84' lang='lat' dir='ltr'>conciderunt</span> 
     </span>
     <span class='ocr_line' id='line_1_14' title="bbox 165 1739 1340 1825; baseline -0.003 -19"><span class='ocrx_word' id='word_1_107' title='bbox 165 1758 223 1807; x_wconf 86' lang='lat' dir='ltr'>eos</span> <span class='ocrx_word' id='word_1_108' title='bbox 244 1748 275 1805; x_wconf 90' lang='lat' dir='ltr'>et</span> <span class='ocrx_word' id='word_1_109' title='bbox 298 1739 483 1805; x_wconf 90' lang='lat' dir='ltr'>occiderunt</span> <span class='ocrx_word' id='word_1_110' title='bbox 505 1740 739 1821; x_wconf 73' lang='lat' dir='ltr'>multitudines</span> <span class='ocrx_word' id='word_1_111' title='bbox 756 1740 905 1825; x_wconf 88' lang='lat' dir='ltr'>copiosas</span> <span class='ocrx_word' id='word_1_112' title='bbox 934 1747 966 1804; x_wconf 91' lang='lat' dir='ltr'>et</span> <span class='ocrx_word' id='word_1_113' title='bbox 995 1747 1183 1823; x_wconf 83' lang='lat' dir='ltr'>receperunt</span> <span class='ocrx_word' id='word_1_114' title='bbox 1212 1759 1340 1805; x_wconf 90' lang='lat' dir='ltr'>omnem</span> 
     </span>
     <span class='ocr_line' id='line_1_15' title="bbox 164 1848 1295 1934; baseline -0.002 -20"><span class='ocrx_word' id='word_1_115' title='bbox 164 1849 320 1934; x_wconf 87' lang='lat' dir='ltr'>praedam</span> <span class='ocrx_word' id='word_1_116' title='bbox 343 1857 375 1915; x_wconf 89' lang='lat' dir='ltr'>et</span> <span class='ocrx_word' id='word_1_117' title='bbox 397 1849 543 1914; x_wconf 88' lang='lat' dir='ltr'>uicerunt</span> <span class='ocrx_word' id='word_1_118' title='bbox 564 1858 712 1933; x_wconf 91' lang='lat' dir='ltr'>potenter</span> <span class='ocrx_word' id='word_1_119' title='bbox 734 1850 848 1915; x_wconf 82' lang='lat' dir='ltr'>ecelsis</span> <span class='ocrx_word' id='word_1_120' title='bbox 871 1848 996 1914; x_wconf 87' lang='lat' dir='ltr'>duobus</span> <span class='ocrx_word' id='word_1_121' title='bbox 1020 1848 1151 1931; x_wconf 90' lang='lat' dir='ltr'>regibus</span> <span class='ocrx_word' id='word_1_122' title='bbox 1174 1867 1295 1913; x_wconf 88' lang='lat' dir='ltr'>eorum.</span> 
     </span>
    </p>

    <p class='ocr_par' dir='ltr' id='par_1_4' title="bbox 163 1957 1394 2150">
     <span class='ocr_line' id='line_1_16' title="bbox 250 1957 1394 2042; baseline 0.002 -21"><span class='ocrx_word' id='word_1_123' title='bbox 250 1958 371 2022; x_wconf 88' lang='lat' dir='ltr'>Eodem</span> <span class='ocrx_word' id='word_1_124' title='bbox 395 1978 480 2022; x_wconf 89' lang='lat' dir='ltr'>anno</span> <span class='ocrx_word' id='word_1_125' title='bbox 503 1958 588 2042; x_wconf 87' lang='lat' dir='ltr'>cepit</span> <span class='ocrx_word' id='word_1_126' title='bbox 610 1957 774 2023; x_wconf 84' lang='lat' dir='ltr'>Chosrocs</span> <span class='ocrx_word' id='word_1_127' title='bbox 796 1978 853 2023; x_wconf 82' lang='lat' dir='ltr'>rex</span> <span class='ocrx_word' id='word_1_128' title='bbox 867 1959 1038 2024; x_wconf 88' lang='lat' dir='ltr'>Persarum</span> <span class='ocrx_word' id='word_1_129' title='bbox 1061 1977 1212 2041; x_wconf 88' lang='lat' dir='ltr'>magnam</span> <span class='ocrx_word' id='word_1_130' title='bbox 1228 1957 1343 2023; x_wconf 80' lang='lat' dir='ltr'>Antio-</span> <span class='ocrx_word' id='word_1_131' title='bbox 1363 1974 1394 2024; x_wconf 72' lang='grc' dir='ltr'>ιε</span> 
     </span>
     <span class='ocr_line' id='line_1_17' title="bbox 163 2064 418 2150; baseline 0.004 -21"><span class='ocrx_word' id='word_1_132' title='bbox 163 2064 269 2130; x_wconf 89' lang='lat' dir='ltr'>chiam</span> <span class='ocrx_word' id='word_1_133' title='bbox 294 2066 418 2150; x_wconf 87' lang='lat' dir='ltr'>Syriae.</span> 
     </span>
    </p>

    <p class='ocr_par' dir='ltr' id='par_1_5' title="bbox 161 2175 1342 2371">
     <span class='ocr_line' id='line_1_18' title="bbox 247 2175 1342 2261; baseline 0.002 -22"><span class='ocrx_word' id='word_1_134' title='bbox 247 2175 342 2240; x_wconf 81' lang='lat' dir='ltr'>Anno</span> <span class='ocrx_word' id='word_1_135' title='bbox 365 2175 605 2241; x_wconf 86' lang='lat' dir='ltr'>tertiodecimo</span> <span class='ocrx_word' id='word_1_136' title='bbox 628 2176 755 2261; x_wconf 91' lang='lat' dir='ltr'>imperii</span> <span class='ocrx_word' id='word_1_137' title='bbox 779 2176 953 2242; x_wconf 92' lang='lat' dir='ltr'>Iustiniani</span> <span class='ocrx_word' id='word_1_138' title='bbox 989 2176 1129 2241; x_wconf 86' lang='lat' dir='ltr'>sociatus</span> <span class='ocrx_word' id='word_1_139' title='bbox 1152 2183 1201 2241; x_wconf 88' lang='lat' dir='ltr'>est</span> <span class='ocrx_word' id='word_1_140' title='bbox 1222 2177 1342 2241; x_wconf 88' lang='lat' dir='ltr'>Ronra·</span> 
     </span>
     <span class='ocr_line' id='line_1_19' title="bbox 161 2283 960 2371; baseline 0 -21"><span class='ocrx_word' id='word_1_141' title='bbox 161 2285 214 2352; x_wconf 87' lang='lat' dir='ltr'>nis</span> <span class='ocrx_word' id='word_1_142' title='bbox 235 2283 375 2350; x_wconf 84' lang='lat' dir='ltr'>Mundus</span> <span class='ocrx_word' id='word_1_143' title='bbox 397 2304 579 2369; x_wconf 85' lang='lat' dir='ltr'>exgenere</span> <span class='ocrx_word' id='word_1_144' title='bbox 601 2285 762 2371; x_wconf 76' lang='lat' dir='ltr'>(lepidum</span> <span class='ocrx_word' id='word_1_145' title='bbox 786 2285 960 2351; x_wconf 86' lang='lat' dir='ltr'>deriuatus.</span> 
     </span>
    </p>

    <p class='ocr_par' dir='ltr' id='par_1_6' title="bbox 160 2393 1393 2808">
     <span class='ocr_line' id='line_1_20' title="bbox 248 2393 1341 2481; baseline -0.003 -21"><span class='ocrx_word' id='word_1_146' title='bbox 248 2394 343 2460; x_wconf 83' lang='lat' dir='ltr'>Auno</span> <span class='ocrx_word' id='word_1_147' title='bbox 366 2402 480 2479; x_wconf 86' lang='lat' dir='ltr'>quarto</span> <span class='ocrx_word' id='word_1_148' title='bbox 503 2395 628 2461; x_wconf 87' lang='lat' dir='ltr'>decimo</span> <span class='ocrx_word' id='word_1_149' title='bbox 658 2396 787 2481; x_wconf 89' lang='lat' dir='ltr'>imperii</span> <span class='ocrx_word' id='word_1_150' title='bbox 808 2395 980 2460; x_wconf 87' lang='lat' dir='ltr'>Iustiniani</span> <span class='ocrx_word' id='word_1_151' title='bbox 1003 2394 1163 2461; x_wconf 83' lang='lat' dir='ltr'>Clrosroes</span> <span class='ocrx_word' id='word_1_152' title='bbox 1185 2413 1243 2458; x_wconf 87' lang='lat' dir='ltr'>rex</span> <span class='ocrx_word' id='word_1_153' title='bbox 1266 2393 1341 2457; x_wconf 89' lang='lat' dir='ltr'>Per·</span> 
     </span>
     <span class='ocr_line' id='line_1_21' title="bbox 160 2504 1393 2590; baseline -0.004 -19"><span class='ocrx_word' id='word_1_154' title='bbox 160 2523 269 2571; x_wconf 84' lang='lat' dir='ltr'>samm</span> <span class='ocrx_word' id='word_1_155' title='bbox 301 2512 449 2590; x_wconf 89' lang='lat' dir='ltr'>quartum</span> <span class='ocrx_word' id='word_1_156' title='bbox 479 2505 514 2571; x_wconf 89' lang='lat' dir='ltr'>in</span> <span class='ocrx_word' id='word_1_157' title='bbox 535 2506 750 2570; x_wconf 89' lang='lat' dir='ltr'>Romanorum</span> <span class='ocrx_word' id='word_1_158' title='bbox 780 2512 899 2571; x_wconf 88' lang='lat' dir='ltr'>terram</span> <span class='ocrx_word' id='word_1_159' title='bbox 928 2504 1003 2569; x_wconf 87' lang='lat' dir='ltr'>feeit</span> <span class='ocrx_word' id='word_1_160' title='bbox 1030 2504 1212 2586; x_wconf 86' lang='lat' dir='ltr'>ingressum</span> <span class='ocrx_word' id='word_1_161' title='bbox 1242 2522 1340 2586; x_wconf 90' lang='lat' dir='ltr'>quem</span> <span class='ocrx_word' id='word_1_162' title='bbox 1358 2528 1393 2578; x_wconf 62' lang='grc' dir='ltr'>ῃ)</span> 
     </span>
     <span class='ocr_line' id='line_1_22' title="bbox 161 2612 1341 2700; baseline -0.001 -23"><span class='ocrx_word' id='word_1_163' title='bbox 161 2614 335 2680; x_wconf 88' lang='lat' dir='ltr'>Bilisarius</span> <span class='ocrx_word' id='word_1_164' title='bbox 364 2635 475 2681; x_wconf 90' lang='lat' dir='ltr'>rursus</span> <span class='ocrx_word' id='word_1_165' title='bbox 504 2614 545 2678; x_wconf 92' lang='lat' dir='ltr'>ab</span> <span class='ocrx_word' id='word_1_166' title='bbox 568 2615 737 2700; x_wconf 90' lang='lat' dir='ltr'>Hesperiis</span> <span class='ocrx_word' id='word_1_167' title='bbox 767 2616 901 2681; x_wconf 89' lang='lat' dir='ltr'>ueniens</span> <span class='ocrx_word' id='word_1_168' title='bbox 932 2614 1093 2698; x_wconf 88' lang='lat' dir='ltr'>sapientia</span> <span class='ocrx_word' id='word_1_169' title='bbox 1115 2633 1175 2678; x_wconf 88' lang='lat' dir='ltr'>sua</span> <span class='ocrx_word' id='word_1_170' title='bbox 1198 2612 1341 2677; x_wconf 79' lang='lat' dir='ltr'>ineffica-</span> 
     </span>
     <span class='ocr_line' id='line_1_23' title="bbox 160 2722 720 2808; baseline -0.002 -19"><span class='ocrx_word' id='word_1_171' title='bbox 160 2741 233 2789; x_wconf 82' lang='lat' dir='ltr'>cem</span> <span class='ocrx_word' id='word_1_172' title='bbox 256 2722 362 2787; x_wconf 89' lang='lat' dir='ltr'>redire</span> <span class='ocrx_word' id='word_1_173' title='bbox 384 2724 490 2806; x_wconf 82' lang='lat' dir='ltr'>coegit</span> <span class='ocrx_word' id='word_1_174' title='bbox 511 2723 555 2788; x_wconf 88' lang='lat' dir='ltr'>ad</span> <span class='ocrx_word' id='word_1_175' title='bbox 576 2724 720 2808; x_wconf 91' lang='lat' dir='ltr'>propria.</span> 
     </span>
    </p>

    <p class='ocr_par' dir='ltr' id='par_1_7' title="bbox 158 2830 1341 3027">
     <span class='ocr_line' id='line_1_24' title="bbox 246 2830 1341 2916; baseline -0.002 -21"><span class='ocrx_word' id='word_1_176' title='bbox 246 2830 341 2895; x_wconf 83' lang='lat' dir='ltr'>Anno</span> <span class='ocrx_word' id='word_1_177' title='bbox 364 2832 475 2915; x_wconf 89' lang='lat' dir='ltr'>quinto</span> <span class='ocrx_word' id='word_1_178' title='bbox 498 2831 621 2897; x_wconf 87' lang='lat' dir='ltr'>decimo</span> <span class='ocrx_word' id='word_1_179' title='bbox 651 2833 779 2916; x_wconf 90' lang='lat' dir='ltr'>imperii</span> <span class='ocrx_word' id='word_1_180' title='bbox 801 2831 974 2897; x_wconf 90' lang='lat' dir='ltr'>Iustiniani</span> <span class='ocrx_word' id='word_1_181' title='bbox 997 2851 1113 2897; x_wconf 84' lang='lat' dir='ltr'>mense</span> <span class='ocrx_word' id='word_1_182' title='bbox 1136 2831 1273 2897; x_wconf 88' lang='lat' dir='ltr'>Octobre</span> <span class='ocrx_word' id='word_1_183' title='bbox 1295 2830 1341 2894; x_wconf 88' lang='lat' dir='ltr'>fa·</span> 
     </span>
     <span class='ocr_line' id='line_1_25' title="bbox 158 2941 670 3027; baseline -0.004 -21"><span class='ocrx_word' id='word_1_184' title='bbox 158 2946 210 3007; x_wconf 87' lang='lat' dir='ltr'>eta</span> <span class='ocrx_word' id='word_1_185' title='bbox 235 2947 287 3008; x_wconf 88' lang='lat' dir='ltr'>est</span> <span class='ocrx_word' id='word_1_186' title='bbox 307 2941 458 3027; x_wconf 85' lang='lat' dir='ltr'>Byzantii</span> <span class='ocrx_word' id='word_1_187' title='bbox 481 2941 670 3006; x_wconf 87' lang='lat' dir='ltr'>mortalitas.</span> 
     </span>
    </p>

    <p class='ocr_par' dir='ltr' id='par_1_8' title="bbox 157 3049 1392 3243">
     <span class='ocr_line' id='line_1_26' title="bbox 244 3049 1392 3135; baseline -0.002 -20"><span class='ocrx_word' id='word_1_188' title='bbox 244 3051 286 3115; x_wconf 84' lang='lat' dir='ltr'>Et</span> <span class='ocrx_word' id='word_1_189' title='bbox 307 3050 421 3115; x_wconf 85' lang='lat' dir='ltr'>eodem</span> <span class='ocrx_word' id='word_1_190' title='bbox 444 3069 529 3115; x_wconf 89' lang='lat' dir='ltr'>anno</span> <span class='ocrx_word' id='word_1_191' title='bbox 551 3049 747 3135; x_wconf 89' lang='lat' dir='ltr'>Hypapante</span> <span class='ocrx_word' id='word_1_192' title='bbox 770 3050 890 3115; x_wconf 90' lang='lat' dir='ltr'>domini</span> <span class='ocrx_word' id='word_1_193' title='bbox 920 3052 1059 3134; x_wconf 84' lang='lat' dir='ltr'>sumpsit</span> <span class='ocrx_word' id='word_1_194' title='bbox 1081 3051 1205 3115; x_wconf 91' lang='lat' dir='ltr'>initium</span> <span class='ocrx_word' id='word_1_195' title='bbox 1228 3056 1263 3114; x_wconf 93' lang='lat' dir='ltr'>ut</span> <span class='ocrx_word' id='word_1_196' title='bbox 1284 3069 1332 3113; x_wconf 92' lang='lat' dir='ltr'>ee·</span> <span class='ocrx_word' id='word_1_197' title='bbox 1359 3073 1392 3122; x_wconf 82' lang='lat'>25</span> 
     </span>
     <span class='ocr_line' id='line_1_27' title="bbox 157 3158 1246 3243; baseline 0.002 -22"><span class='ocrx_word' id='word_1_198' title='bbox 157 3158 337 3224; x_wconf 88' lang='lat' dir='ltr'>lebraretur</span> <span class='ocrx_word' id='word_1_199' title='bbox 360 3159 446 3242; x_wconf 89' lang='lat' dir='ltr'>apud</span> <span class='ocrx_word' id='word_1_200' title='bbox 469 3159 659 3243; x_wconf 89' lang='lat' dir='ltr'>Byzantium</span> <span class='ocrx_word' id='word_1_201' title='bbox 684 3158 826 3225; x_wconf 88' lang='lat' dir='ltr'>secunda</span> <span class='ocrx_word' id='word_1_202' title='bbox 848 3159 901 3224; x_wconf 86' lang='lat' dir='ltr'>die</span> <span class='ocrx_word' id='word_1_203' title='bbox 923 3159 1091 3224; x_wconf 85' lang='lat' dir='ltr'>Februarii</span> <span class='ocrx_word' id='word_1_204' title='bbox 1115 3159 1246 3226; x_wconf 88' lang='lat' dir='ltr'>mensis.</span> 
     </span>
    </p>

    <p class='ocr_par' dir='ltr' id='par_1_9' title="bbox 37 3264 1390 3900">
     <span class='ocr_line' id='line_1_28' title="bbox 37 3264 1332 3353; baseline 0.003 -23"><span class='ocrx_word' id='word_1_205' title='bbox 37 3264 134 3331; x_wconf 85' lang='lat' dir='ltr'>XXII</span> <span class='ocrx_word' id='word_1_206' title='bbox 247 3267 341 3332; x_wconf 85' lang='lat' dir='ltr'>Anno</span> <span class='ocrx_word' id='word_1_207' title='bbox 370 3275 461 3333; x_wconf 81' lang='lat' dir='ltr'>sento</span> <span class='ocrx_word' id='word_1_208' title='bbox 490 3267 613 3332; x_wconf 90' lang='lat' dir='ltr'>decimo</span> <span class='ocrx_word' id='word_1_209' title='bbox 642 3269 768 3353; x_wconf 90' lang='lat' dir='ltr'>imperii</span> <span class='ocrx_word' id='word_1_210' title='bbox 798 3268 969 3335; x_wconf 89' lang='lat' dir='ltr'>Iustiniani</span> <span class='ocrx_word' id='word_1_211' title='bbox 999 3269 1134 3352; x_wconf 91' lang='lat' dir='ltr'>contigit</span> <span class='ocrx_word' id='word_1_212' title='bbox 1168 3269 1332 3334; x_wconf 87' lang='lat' dir='ltr'>debellare</span> 
     </span>
     <span class='ocr_line' id='line_1_29' title="bbox 155 3375 1339 3459; baseline 0.002 -19"><span class='ocrx_word' id='word_1_213' title='bbox 155 3376 189 3441; x_wconf 89' lang='lat' dir='ltr'>in</span> <span class='ocrx_word' id='word_1_214' title='bbox 216 3375 326 3442; x_wconf 87' lang='lat' dir='ltr'>uicem</span> <span class='ocrx_word' id='word_1_215' title='bbox 357 3395 451 3459; x_wconf 90' lang='lat' dir='ltr'>reges</span> <span class='ocrx_word' id='word_1_216' title='bbox 473 3377 727 3443; x_wconf 83' lang='lat' dir='ltr'>Azumitensium</span> <span class='ocrx_word' id='word_1_217' title='bbox 756 3377 910 3443; x_wconf 86' lang='lat' dir='ltr'>Indorum</span> <span class='ocrx_word' id='word_1_218' title='bbox 946 3377 1138 3442; x_wconf 85' lang='lat' dir='ltr'>Iudaeorum</span> <span class='ocrx_word' id='word_1_219' title='bbox 1168 3399 1207 3443; x_wconf 83' lang='lat' dir='ltr'>ex</span> <span class='ocrx_word' id='word_1_220' title='bbox 1236 3398 1339 3444; x_wconf 87' lang='lat' dir='ltr'>eausa</span> 
     </span>
     <span class='ocr_line' id='line_1_30' title="bbox 154 3485 1330 3571; baseline 0.002 -22"><span class='ocrx_word' id='word_1_221' title='bbox 154 3485 292 3553; x_wconf 85' lang='lat' dir='ltr'>huiusce</span> <span class='ocrx_word' id='word_1_222' title='bbox 314 3486 410 3551; x_wconf 91' lang='lat' dir='ltr'>modi.</span> <span class='ocrx_word' id='word_1_223' title='bbox 438 3486 692 3552; x_wconf 86' lang='lat' dir='ltr'>Azumitensium</span> <span class='ocrx_word' id='word_1_224' title='bbox 717 3508 773 3553; x_wconf 83' lang='lat' dir='ltr'>rex</span> <span class='ocrx_word' id='word_1_225' title='bbox 789 3489 873 3552; x_wconf 92' lang='lat' dir='ltr'>ultra</span> <span class='ocrx_word' id='word_1_226' title='bbox 887 3487 1071 3571; x_wconf 81' lang='lat' dir='ltr'>Aegyptum</span> <span class='ocrx_word' id='word_1_227' title='bbox 1087 3495 1137 3553; x_wconf 88' lang='lat' dir='ltr'>est</span> <span class='ocrx_word' id='word_1_228' title='bbox 1151 3487 1330 3553; x_wconf 82' lang='lat' dir='ltr'>iudaizans.</span> 
     </span>
     <span class='ocr_line' id='line_1_31' title="bbox 151 3596 1390 3681; baseline -0.001 -20"><span class='ocrx_word' id='word_1_229' title='bbox 151 3598 231 3661; x_wconf 83' lang='lat' dir='ltr'>Rom</span> <span class='ocrx_word' id='word_1_230' title='bbox 241 3617 377 3662; x_wconf 88' lang='lat' dir='ltr'>anorum</span> <span class='ocrx_word' id='word_1_231' title='bbox 399 3602 505 3661; x_wconf 88' lang='lat' dir='ltr'>autem</span> <span class='ocrx_word' id='word_1_232' title='bbox 528 3598 745 3679; x_wconf 89' lang='lat' dir='ltr'>negotiatores</span> <span class='ocrx_word' id='word_1_233' title='bbox 768 3616 826 3681; x_wconf 87' lang='lat' dir='ltr'>per</span> <span class='ocrx_word' id='word_1_234' title='bbox 839 3597 1094 3662; x_wconf 87' lang='lat' dir='ltr'>Homeritcnsem</span> <span class='ocrx_word' id='word_1_235' title='bbox 1110 3596 1334 3680; x_wconf 88' lang='lat' dir='ltr'>ingrediuntur</span> <span class='ocrx_word' id='word_1_236' title='bbox 1356 3611 1390 3660; x_wconf 78' lang='lat' dir='ltr'>ac</span> 
     </span>
     <span class='ocr_line' id='line_1_32' title="bbox 156 3704 1334 3791; baseline 0.001 -22"><span class='ocrx_word' id='word_1_237' title='bbox 156 3705 200 3770; x_wconf 89' lang='lat' dir='ltr'>ad</span> <span class='ocrx_word' id='word_1_238' title='bbox 214 3707 457 3772; x_wconf 85' lang='lat' dir='ltr'>Azumitensem</span> <span class='ocrx_word' id='word_1_239' title='bbox 481 3704 576 3772; x_wconf 88' lang='lat' dir='ltr'>etad</span> <span class='ocrx_word' id='word_1_240' title='bbox 600 3708 770 3773; x_wconf 89' lang='lat' dir='ltr'>interiores</span> <span class='ocrx_word' id='word_1_241' title='bbox 792 3717 902 3791; x_wconf 91' lang='lat' dir='ltr'>partes</span> <span class='ocrx_word' id='word_1_242' title='bbox 916 3706 1069 3771; x_wconf 92' lang='lat' dir='ltr'>Indorum</span> <span class='ocrx_word' id='word_1_243' title='bbox 1091 3713 1189 3789; x_wconf 90' lang='lat' dir='ltr'>atque</span> <span class='ocrx_word' id='word_1_244' title='bbox 1202 3705 1334 3771; x_wconf 86' lang='lat' dir='ltr'>Aethio·</span> 
     </span>
     <span class='ocr_line' id='line_1_33' title="bbox 147 3814 1336 3900; baseline -0.001 -19"><span class='ocrx_word' id='word_1_245' title='bbox 147 3836 245 3900; x_wconf 88' lang='lat' dir='ltr'>pum.</span> <span class='ocrx_word' id='word_1_246' title='bbox 292 3816 547 3900; x_wconf 87' lang='lat' dir='ltr'>nogotiatoribus</span> <span class='ocrx_word' id='word_1_247' title='bbox 570 3823 677 3882; x_wconf 87' lang='lat' dir='ltr'>autem</span> <span class='ocrx_word' id='word_1_248' title='bbox 700 3816 876 3883; x_wconf 89' lang='lat' dir='ltr'>seeundum</span> <span class='ocrx_word' id='word_1_249' title='bbox 899 3815 1162 3883; x_wconf 83' lang='lat' dir='ltr'>consuetudinem</span> <span class='ocrx_word' id='word_1_250' title='bbox 1178 3814 1336 3899; x_wconf 83' lang='lat' dir='ltr'>ingressis</span> 
     </span>
    </p>
   </div>
   <div class='ocr_carea' id='block_1_3' title="bbox 144 4014 1334 4449">
    <p class='ocr_par' dir='ltr' id='par_1_10' title="bbox 144 4014 1334 4449">
     <span class='ocr_line' id='line_1_34' title="bbox 223 4014 1334 4086; baseline -0.004 -18"><span class='ocrx_word' id='word_1_251' title='bbox 223 4014 416 4084; x_wconf 81' lang='lat' dir='ltr'>luulgaruD</span> <span class='ocrx_word' id='word_1_252' title='bbox 486 4014 657 4084; x_wconf 86' lang='lat' dir='ltr'>5uulgch</span> <span class='ocrx_word' id='word_1_253' title='bbox 725 4033 753 4070; x_wconf 88' lang='grc' dir='ltr'>ιιι</span> <span class='ocrx_word' id='word_1_254' title='bbox 770 4016 840 4086; x_wconf 75' lang='lat' dir='ltr'>lycai</span> <span class='ocrx_word' id='word_1_255' title='bbox 858 4021 884 4070; x_wconf 89' lang='lat' dir='ltr'>et</span> <span class='ocrx_word' id='word_1_256' title='bbox 901 4016 984 4084; x_wconf 74' lang='lat' dir='ltr'>mytra</span> <span class='ocrx_word' id='word_1_257' title='bbox 1002 4014 1056 4069; x_wconf 81' lang='lat' dir='ltr'>BP</span> <span class='ocrx_word' id='word_1_258' title='bbox 1073 4014 1119 4084; x_wconf 71' lang='lat' dir='ltr'>ref.</span> <span class='ocrx_word' id='word_1_259' title='bbox 1139 4018 1166 4080; x_wconf 83' lang='lat' dir='ltr'>l)</span> <span class='ocrx_word' id='word_1_260' title='bbox 1242 4016 1334 4065; x_wconf 74' lang='lat' dir='ltr'>teta</span> 
     </span>
     <span class='ocr_line' id='line_1_35' title="bbox 147 4104 1334 4177; baseline -0.003 -17"><span class='ocrx_word' id='word_1_261' title='bbox 147 4106 277 4176; x_wconf 80' lang='lat' dir='ltr'>uulgaret</span> <span class='ocrx_word' id='word_1_262' title='bbox 293 4107 319 4162; x_wconf 83' lang='lat' dir='ltr'><em>D</em></span> <span class='ocrx_word' id='word_1_263' title='bbox 391 4112 422 4162; x_wconf 90' lang='lat' dir='ltr'>to</span> <span class='ocrx_word' id='word_1_264' title='bbox 440 4108 533 4162; x_wconf 88' lang='lat' dir='ltr'>thrace</span> <span class='ocrx_word' id='word_1_265' title='bbox 551 4107 577 4161; x_wconf 87' lang='lat' dir='ltr'><em>D</em></span> <span class='ocrx_word' id='word_1_266' title='bbox 648 4113 675 4161; x_wconf 90' lang='lat' dir='ltr'>tl</span> <span class='ocrx_word' id='word_1_267' title='bbox 697 4108 808 4177; x_wconf 87' lang='lat' dir='ltr'>yllrrrucr</span> <span class='ocrx_word' id='word_1_268' title='bbox 827 4117 860 4163; x_wconf 80' lang='lat' dir='ltr'>cu</span> <span class='ocrx_word' id='word_1_269' title='bbox 878 4107 984 4161; x_wconf 78' lang='lat' dir='ltr'>hunnos</span> <span class='ocrx_word' id='word_1_270' title='bbox 999 4105 1054 4160; x_wconf 77' lang='grc' dir='ltr'>ΒΡ</span> <span class='ocrx_word' id='word_1_271' title='bbox 1105 4110 1135 4160; x_wconf 79' lang='grc'>12</span> <span class='ocrx_word' id='word_1_272' title='bbox 1155 4104 1288 4174; x_wconf 77' lang='lat' dir='ltr'>uulgarrlr3</span> <span class='ocrx_word' id='word_1_273' title='bbox 1309 4104 1334 4158; x_wconf 84' lang='grc' dir='ltr'>Ι)</span> 
     </span>
     <span class='ocr_line' id='line_1_36' title="bbox 149 4197 1334 4269; baseline 0 -18"><span class='ocrx_word' id='word_1_274' title='bbox 149 4204 179 4251; x_wconf 85' lang='grc'>15</span> <span class='ocrx_word' id='word_1_275' title='bbox 198 4199 361 4269; x_wconf 71' lang='lat' dir='ltr'>choireeD</span> <span class='ocrx_word' id='word_1_276' title='bbox 416 4204 446 4255; x_wconf 86' lang='lat'>18</span> <span class='ocrx_word' id='word_1_277' title='bbox 463 4200 563 4269; x_wconf 79' lang='lat' dir='ltr'>grpedtr</span> <span class='ocrx_word' id='word_1_278' title='bbox 581 4199 754 4255; x_wconf 83' lang='lat' dir='ltr'>drrruatulD</span> <span class='ocrx_word' id='word_1_279' title='bbox 809 4204 838 4256; x_wconf 84' lang='grc'>19</span> <span class='ocrx_word' id='word_1_280' title='bbox 857 4201 985 4269; x_wconf 74' lang='lat' dir='ltr'>chosroes</span> <span class='ocrx_word' id='word_1_281' title='bbox 1005 4198 1069 4268; x_wconf 79' lang='lat' dir='ltr'>tsur&#39;t</span> <span class='ocrx_word' id='word_1_282' title='bbox 1088 4197 1152 4259; x_wconf 79' lang='lat' dir='ltr'>ne</span> <span class='ocrx_word' id='word_1_283' title='bbox 1204 4201 1236 4251; x_wconf 81' lang='lat'>23</span> <span class='ocrx_word' id='word_1_284' title='bbox 1255 4203 1334 4251; x_wconf 86' lang='lat' dir='ltr'>octo-</span> 
     </span>
     <span class='ocr_line' id='line_1_37' title="bbox 145 4289 1330 4361; baseline -0.002 -19"><span class='ocrx_word' id='word_1_285' title='bbox 145 4289 202 4358; x_wconf 68' lang='lat' dir='ltr'>bon</span> <span class='ocrx_word' id='word_1_286' title='bbox 226 4298 245 4353; x_wconf 85' lang='lat' dir='ltr'>tr</span> <span class='ocrx_word' id='word_1_287' title='bbox 267 4291 330 4345; x_wconf 84' lang='lat' dir='ltr'>add.</span> <span class='ocrx_word' id='word_1_288' title='bbox 349 4308 420 4346; x_wconf 81' lang='lat' dir='ltr'>man.</span> <span class='ocrx_word' id='word_1_289' title='bbox 438 4290 501 4346; x_wconf 77' lang='lat' dir='ltr'>aa</span> <span class='ocrx_word' id='word_1_290' title='bbox 568 4296 600 4345; x_wconf 78' lang='lat' dir='ltr'>rt</span> <span class='ocrx_word' id='word_1_291' title='bbox 618 4292 737 4347; x_wconf 78' lang='lat' dir='ltr'>bizantre</span> <span class='ocrx_word' id='word_1_292' title='bbox 754 4291 781 4347; x_wconf 85' lang='lat' dir='ltr'>l)</span> <span class='ocrx_word' id='word_1_293' title='bbox 845 4297 877 4346; x_wconf 79' lang='lat'>25</span> <span class='ocrx_word' id='word_1_294' title='bbox 896 4296 1024 4361; x_wconf 77' lang='lat' dir='ltr'>ypopanti</span> <span class='ocrx_word' id='word_1_295' title='bbox 1044 4289 1101 4355; x_wconf 78' lang='grc' dir='ltr'>ΒΡ,</span> <span class='ocrx_word' id='word_1_296' title='bbox 1120 4289 1240 4359; x_wconf 82' lang='lat' dir='ltr'>Yppanti</span> <span class='ocrx_word' id='word_1_297' title='bbox 1257 4305 1330 4344; x_wconf 85' lang='lat' dir='ltr'>corr.</span> 
     </span>
     <span class='ocr_line' id='line_1_38' title="bbox 144 4380 800 4449; baseline 0.005 -14"><span class='ocrx_word' id='word_1_298' title='bbox 144 4384 172 4435; x_wconf 88' lang='lat' dir='ltr'>r&#39;n</span> <span class='ocrx_word' id='word_1_299' title='bbox 189 4380 326 4449; x_wconf 82' lang='lat' dir='ltr'>Ypapanti</span> <span class='ocrx_word' id='word_1_300' title='bbox 349 4384 514 4437; x_wconf 78' lang='lat' dir='ltr'>Anastasius</span> <span class='ocrx_word' id='word_1_301' title='bbox 583 4386 616 4437; x_wconf 79' lang='lat'>26</span> <span class='ocrx_word' id='word_1_302' title='bbox 634 4382 756 4439; x_wconf 83' lang='lat' dir='ltr'>braantrri</span> <span class='ocrx_word' id='word_1_303' title='bbox 774 4384 800 4438; x_wconf 81' lang='lat' dir='ltr'>lt</span> 
     </span>
    </p>
   </div>
   <div class='ocr_carea' id='block_1_4' title="bbox 0 0 1422 5394">
    <p class='ocr_par' dir='ltr' id='par_1_11' title="bbox 0 0 1422 5394">
     <span class='ocr_line' id='line_1_39' title="bbox 0 0 1422 5394; baseline 0 7"><span class='ocrx_word' id='word_1_304' title='bbox 0 0 1422 5394; x_wconf 95' lang='lat' dir='ltr'> </span> 
     </span>
    </p>
   </div>
  </div>
 </body>
</html>
