<?xml version="1.0" encoding="UTF-8"?>
<!DOCTYPE html PUBLIC "-//W3C//DTD XHTML 1.0 Transitional//EN"
    "http://www.w3.org/TR/xhtml1/DTD/xhtml1-transitional.dtd">
<html xmlns="http://www.w3.org/1999/xhtml" xml:lang="en" lang="en">
 <head>
  <title>
</title>
<meta http-equiv="Content-Type" content="text/html;charset=utf-8" />
  <meta name='ocr-system' content='tesseract 3.04.00' />
  <meta name='ocr-capabilities' content='ocr_page ocr_carea ocr_par ocr_line ocrx_word'/>
</head>
<body>
  <div class='ocr_page' id='page_1' title='image "./historiamiscell00sagagoog_0105.png"; bbox 0 0 2834 5394; ppageno 0'>
   <div class='ocr_carea' id='block_1_1' title="bbox 590 670 1288 733">
    <p class='ocr_par' dir='ltr' id='par_1_1' title="bbox 590 670 1288 733">
     <span class='ocr_line' id='line_1_1' title="bbox 590 670 1288 733; baseline 0.006 -4"><span class='ocrx_word' id='word_1_1' title='bbox 590 679 663 729; x_wconf 72' lang='lat' dir='ltr'><strong>car.</strong></span> <span class='ocrx_word' id='word_1_2' title='bbox 685 682 831 730; x_wconf 78' lang='lat' dir='ltr'><strong>xii-xm</strong></span> <span class='ocrx_word' id='word_1_3' title='bbox 1251 670 1288 733; x_wconf 83' lang='lat'><strong>91</strong></span> 
     </span>
    </p>
   </div>
   <div class='ocr_carea' id='block_1_2' title="bbox 156 830 1291 1141">
    <p class='ocr_par' dir='ltr' id='par_1_2' title="bbox 156 830 1291 1141">
     <span class='ocr_line' id='line_1_2' title="bbox 173 830 1291 920; baseline 0.001 -19"><span class='ocrx_word' id='word_1_4' title='bbox 173 830 271 917; x_wconf 62' lang='lat' dir='ltr'><strong>‘codd</strong></span> <span class='ocrx_word' id='word_1_5' title='bbox 289 831 420 899; x_wconf 65' lang='lat' dir='ltr'><strong>andem</strong></span> <span class='ocrx_word' id='word_1_6' title='bbox 441 831 629 917; x_wconf 74' lang='lat' dir='ltr'><strong>indignatus</strong></span> <span class='ocrx_word' id='word_1_7' title='bbox 650 834 686 898; x_wconf 92' lang='lat' dir='ltr'><strong>in</strong></span> <span class='ocrx_word' id='word_1_8' title='bbox 707 833 833 901; x_wconf 79' lang='lat' dir='ltr'><strong>hostem</strong></span> <span class='ocrx_word' id='word_1_9' title='bbox 856 835 953 901; x_wconf 90' lang='lat' dir='ltr'><strong>rediit</strong></span> <span class='ocrx_word' id='word_1_10' title='bbox 975 842 1007 901; x_wconf 91' lang='lat' dir='ltr'><strong>et</strong></span> <span class='ocrx_word' id='word_1_11' title='bbox 1029 856 1124 920; x_wconf 88' lang='lat' dir='ltr'><strong>quem</strong></span> <span class='ocrx_word' id='word_1_12' title='bbox 1147 836 1291 919; x_wconf 80' lang='lat' dir='ltr'><strong>fugiebat</strong></span> 
     </span>
     <span class='ocr_line' id='line_1_3' title="bbox 160 940 1291 1030; baseline 0.004 -20"><span class='ocrx_word' id='word_1_13' title='bbox 160 946 237 1029; x_wconf 76' lang='lat' dir='ltr'><strong>lugere</strong></span> <span class='ocrx_word' id='word_1_14' title='bbox 260 944 419 1030; x_wconf 90' lang='lat' dir='ltr'><strong>compulit.</strong></span> <span class='ocrx_word' id='word_1_15' title='bbox 463 940 622 1027; x_wconf 85' lang='lat' dir='ltr'><strong>(difficilis</strong></span> <span class='ocrx_word' id='word_1_16' title='bbox 650 951 725 1009; x_wconf 90' lang='lat' dir='ltr'><strong>turre</strong></span> <span class='ocrx_word' id='word_1_17' title='bbox 753 946 787 1009; x_wconf 91' lang='lat' dir='ltr'><strong>iii</strong></span> <span class='ocrx_word' id='word_1_18' title='bbox 815 947 919 1011; x_wconf 86' lang='lat' dir='ltr'><strong>relatu</strong></span> <span class='ocrx_word' id='word_1_19' title='bbox 946 946 1044 1030; x_wconf 86' lang='lat' dir='ltr'><strong>fides,</strong></span> <span class='ocrx_word' id='word_1_20' title='bbox 1075 947 1291 1014; x_wconf 77' lang='lat' dir='ltr'><strong>Numantinos</strong></span> 
     </span>
     <span class='ocr_line' id='line_1_4' title="bbox 156 1053 1291 1141; baseline 0 -20"><span class='ocrx_word' id='word_1_21' title='bbox 156 1055 299 1139; x_wconf 71' lang='lat' dir='ltr'><strong>eogaen</strong></span> <span class='ocrx_word' id='word_1_22' title='bbox 319 1060 353 1120; x_wconf 89' lang='lat' dir='ltr'><strong>et</strong></span> <span class='ocrx_word' id='word_1_23' title='bbox 372 1053 535 1138; x_wconf 79' lang='lat' dir='ltr'><strong>fugientes</strong></span> <span class='ocrx_word' id='word_1_24' title='bbox 557 1053 669 1121; x_wconf 88' lang='lat' dir='ltr'><strong>uidere</strong></span> <span class='ocrx_word' id='word_1_25' title='bbox 690 1055 856 1141; x_wconf 78' lang='lat' dir='ltr'><strong>Romani.)</strong></span> <span class='ocrx_word' id='word_1_26' title='bbox 899 1056 985 1122; x_wconf 91' lang='lat' dir='ltr'><strong>uude</strong></span> <span class='ocrx_word' id='word_1_27' title='bbox 1007 1057 1155 1140; x_wconf 86' lang='lat' dir='ltr'><strong>quamuis</strong></span> <span class='ocrx_word' id='word_1_28' title='bbox 1182 1057 1291 1141; x_wconf 79' lang='lat' dir='ltr'>Scipio</span> 
     </span>
    </p>
   </div>
   <div class='ocr_carea' id='block_1_3' title="bbox 116 1163 1389 4008">
    <p class='ocr_par' dir='ltr' id='par_1_3' title="bbox 116 1163 1389 4008">
     <span class='ocr_line' id='line_1_5' title="bbox 154 1163 1290 1251; baseline 0.003 -20"><span class='ocrx_word' id='word_1_29' title='bbox 154 1164 221 1250; x_wconf 80' lang='lat' dir='ltr'><strong>&lt;quia</strong></span> <span class='ocrx_word' id='word_1_30' title='bbox 236 1172 360 1251; x_wconf 81' lang='lat' dir='ltr'><strong>praeter</strong></span> <span class='ocrx_word' id='word_1_31' title='bbox 380 1184 474 1250; x_wconf 88' lang='lat' dir='ltr'><strong>spem</strong></span> <span class='ocrx_word' id='word_1_32' title='bbox 495 1163 659 1231; x_wconf 88' lang='lat' dir='ltr'><strong>acciderat</strong></span> <span class='ocrx_word' id='word_1_33' title='bbox 680 1167 819 1232; x_wconf 88' lang='lat' dir='ltr'><strong>laetatus</strong></span> <span class='ocrx_word' id='word_1_34' title='bbox 834 1174 867 1232; x_wconf 92' lang='lat' dir='ltr'><strong>et</strong></span> <span class='ocrx_word' id='word_1_35' title='bbox 880 1167 1038 1249; x_wconf 82' lang='lat' dir='ltr'><strong>gloriatus</strong></span> <span class='ocrx_word' id='word_1_36' title='bbox 1054 1166 1158 1251; x_wconf 87' lang='lat' dir='ltr'><strong>essct&gt;</strong></span> <span class='ocrx_word' id='word_1_37' title='bbox 1180 1173 1290 1233; x_wconf 89' lang='lat' dir='ltr'><strong>tamen</strong></span> 
     </span>
     <span class='ocr_line' id='line_1_6' title="bbox 131 1274 1289 1362; baseline 0.003 -23"><span class='ocrx_word' id='word_1_38' title='bbox 131 1277 211 1342; x_wconf 75' lang='lat' dir='ltr'><strong>idua</strong></span> <span class='ocrx_word' id='word_1_39' title='bbox 227 1276 341 1342; x_wconf 89' lang='lat' dir='ltr'><strong>bellum</strong></span> <span class='ocrx_word' id='word_1_40' title='bbox 363 1274 537 1341; x_wconf 89' lang='lat' dir='ltr'><strong>aduersum</strong></span> <span class='ocrx_word' id='word_1_41' title='bbox 560 1295 616 1341; x_wconf 91' lang='lat' dir='ltr'><strong>eos</strong></span> <span class='ocrx_word' id='word_1_42' title='bbox 639 1275 824 1342; x_wconf 88' lang='lat' dir='ltr'><strong>audendum</strong></span> <span class='ocrx_word' id='word_1_43' title='bbox 847 1297 912 1342; x_wconf 92' lang='lat' dir='ltr'><strong>uon</strong></span> <span class='ocrx_word' id='word_1_44' title='bbox 939 1297 1013 1343; x_wconf 87' lang='lat' dir='ltr'><strong>esec</strong></span> <span class='ocrx_word' id='word_1_45' title='bbox 1041 1279 1208 1362; x_wconf 89' lang='lat' dir='ltr'><strong>professus</strong></span> <span class='ocrx_word' id='word_1_46' title='bbox 1230 1283 1289 1343; x_wconf 85' lang='lat' dir='ltr'><strong>est</strong></span> 
     </span>
     <span class='ocr_line' id='line_1_7' title="bbox 151 1383 1289 1472; baseline -0.001 -19"><span class='ocrx_word' id='word_1_47' title='bbox 151 1387 228 1472; x_wconf 81' lang='lat' dir='ltr'><strong>itique</strong></span> <span class='ocrx_word' id='word_1_48' title='bbox 255 1387 367 1453; x_wconf 83' lang='lat' dir='ltr'><strong>urbem</strong></span> <span class='ocrx_word' id='word_1_49' title='bbox 399 1384 569 1453; x_wconf 82' lang='lat' dir='ltr'>obsidione</span> <span class='ocrx_word' id='word_1_50' title='bbox 602 1386 758 1452; x_wconf 89' lang='lat' dir='ltr'><strong>conclusit</strong></span> <span class='ocrx_word' id='word_1_51' title='bbox 790 1383 906 1469; x_wconf 86' lang='lat' dir='ltr'><strong>&lt;fossa</strong></span> <span class='ocrx_word' id='word_1_52' title='bbox 937 1389 1035 1453; x_wconf 89' lang='lat' dir='ltr'><strong>etiam</strong></span> <span class='ocrx_word' id='word_1_53' title='bbox 1068 1387 1289 1469; x_wconf 77' lang='lat' dir='ltr'><strong>circumdedit,</strong></span> 
     </span>
     <span class='ocr_line' id='line_1_8' title="bbox 148 1495 1289 1583; baseline 0.003 -22"><span class='ocrx_word' id='word_1_54' title='bbox 148 1498 212 1564; x_wconf 87' lang='lat' dir='ltr'><strong>culus</strong></span> <span class='ocrx_word' id='word_1_55' title='bbox 238 1496 374 1563; x_wconf 88' lang='lat' dir='ltr'><strong>latitudo</strong></span> <span class='ocrx_word' id='word_1_56' title='bbox 406 1495 545 1582; x_wconf 88' lang='lat' dir='ltr'><strong>pedibus</strong></span> <span class='ocrx_word' id='word_1_57' title='bbox 578 1495 699 1580; x_wconf 85' lang='lat' dir='ltr'><strong>decem,</strong></span> <span class='ocrx_word' id='word_1_58' title='bbox 738 1497 873 1563; x_wconf 82' lang='lat' dir='ltr'><strong>altitudo</strong></span> <span class='ocrx_word' id='word_1_59' title='bbox 907 1499 1023 1581; x_wconf 84' lang='lat' dir='ltr'><strong>uiginti</strong></span> <span class='ocrx_word' id='word_1_60' title='bbox 1056 1500 1124 1564; x_wconf 92' lang='lat' dir='ltr'><strong>fuit.</strong></span> <span class='ocrx_word' id='word_1_61' title='bbox 1182 1500 1289 1583; x_wconf 90' lang='lat' dir='ltr'><strong>ipsum</strong></span> 
     </span>
     <span class='ocr_line' id='line_1_9' title="bbox 148 1606 1289 1692; baseline 0.001 -19"><span class='ocrx_word' id='word_1_62' title='bbox 148 1606 234 1674; x_wconf 84' lang='lat' dir='ltr'><strong>deiude</strong></span> <span class='ocrx_word' id='word_1_63' title='bbox 253 1608 375 1673; x_wconf 81' lang='lat' dir='ltr'><strong>uallum</strong></span> <span class='ocrx_word' id='word_1_64' title='bbox 398 1606 533 1673; x_wconf 86' lang='lat' dir='ltr'><strong>sudibus</strong></span> <span class='ocrx_word' id='word_1_65' title='bbox 556 1614 790 1692; x_wconf 74' lang='lat' dir='ltr'><strong>praestructum</strong></span> <span class='ocrx_word' id='word_1_66' title='bbox 813 1609 935 1674; x_wconf 83' lang='lat' dir='ltr'><strong>crebris</strong></span> <span class='ocrx_word' id='word_1_67' title='bbox 957 1610 1100 1675; x_wconf 86' lang='lat' dir='ltr'><strong>turribus</strong></span> <span class='ocrx_word' id='word_1_68' title='bbox 1115 1611 1289 1674; x_wconf 92' lang='lat' dir='ltr'><strong>communi·</strong></span> 
     </span>
     <span class='ocr_line' id='line_1_10' title="bbox 149 1716 1389 1811; baseline 0.001 -28"><span class='ocrx_word' id='word_1_69' title='bbox 149 1716 186 1783; x_wconf 81' lang='lat' dir='ltr'><strong>rit</strong></span> <span class='ocrx_word' id='word_1_70' title='bbox 217 1719 392 1785; x_wconf 76' lang='lat' dir='ltr'><strong>Numantia</strong></span> <span class='ocrx_word' id='word_1_71' title='bbox 413 1723 521 1783; x_wconf 88' lang='lat' dir='ltr'><strong>autern</strong></span> <span class='ocrx_word' id='word_1_72' title='bbox 554 1718 587 1783; x_wconf 92' lang='lat' dir='ltr'><strong>iii</strong></span> <span class='ocrx_word' id='word_1_73' title='bbox 620 1719 742 1784; x_wconf 90' lang='lat' dir='ltr'><strong>tumulo</strong></span> <span class='ocrx_word' id='word_1_74' title='bbox 771 1718 834 1783; x_wconf 89' lang='lat' dir='ltr'><strong>sita</strong></span> <span class='ocrx_word' id='word_1_75' title='bbox 862 1718 950 1783; x_wconf 89' lang='lat' dir='ltr'><strong>haud</strong></span> <span class='ocrx_word' id='word_1_76' title='bbox 978 1720 1089 1803; x_wconf 89' lang='lat' dir='ltr'><strong>procul</strong></span> <span class='ocrx_word' id='word_1_77' title='bbox 1111 1740 1132 1783; x_wconf 91' lang='lat' dir='ltr'><strong>a</strong></span> <span class='ocrx_word' id='word_1_78' title='bbox 1152 1719 1285 1811; x_wconf 85' lang='lat' dir='ltr'><strong>flumine</strong></span> <span class='ocrx_word' id='word_1_79' title='bbox 1307 1718 1389 1784; x_wconf 85' lang='lat' dir='ltr'><strong>XXI</strong></span> 
     </span>
     <span class='ocr_line' id='line_1_11' title="bbox 119 1826 1289 1913; baseline 0.006 -26"><span class='ocrx_word' id='word_1_80' title='bbox 119 1826 219 1893; x_wconf 89' lang='lat' dir='ltr'><strong>ttllurio</strong></span> <span class='ocrx_word' id='word_1_81' title='bbox 238 1830 300 1894; x_wconf 89' lang='lat' dir='ltr'><strong>tria</strong></span> <span class='ocrx_word' id='word_1_82' title='bbox 322 1828 414 1893; x_wconf 89' lang='lat' dir='ltr'><strong>milia</strong></span> <span class='ocrx_word' id='word_1_83' title='bbox 434 1849 588 1912; x_wconf 87' lang='lat' dir='ltr'><strong>passuum</strong></span> <span class='ocrx_word' id='word_1_84' title='bbox 611 1828 734 1893; x_wconf 92' lang='lat' dir='ltr'><strong>ambitu</strong></span> <span class='ocrx_word' id='word_1_85' title='bbox 756 1828 838 1893; x_wconf 88' lang='lat' dir='ltr'><strong>muri</strong></span> <span class='ocrx_word' id='word_1_86' title='bbox 860 1828 1116 1913; x_wconf 85' lang='lat' dir='ltr'><strong>amplexabatur,</strong></span> <span class='ocrx_word' id='word_1_87' title='bbox 1140 1829 1289 1912; x_wconf 84' lang='lat' dir='ltr'><strong>quamuis</strong></span> 
     </span>
     <span class='ocr_line' id='line_1_12' title="bbox 148 1937 1289 2022; baseline 0 -20"><span class='ocrx_word' id='word_1_88' title='bbox 148 1937 219 2022; x_wconf 79' lang='lat' dir='ltr'><strong>adqui</strong></span> <span class='ocrx_word' id='word_1_89' title='bbox 238 1945 387 2006; x_wconf 82' lang='lat' dir='ltr'><strong>asserant</strong></span> <span class='ocrx_word' id='word_1_90' title='bbox 416 1958 487 2003; x_wconf 89' lang='lat' dir='ltr'><strong>cam</strong></span> <span class='ocrx_word' id='word_1_91' title='bbox 515 1946 547 2004; x_wconf 91' lang='lat' dir='ltr'><strong>ot</strong></span> <span class='ocrx_word' id='word_1_92' title='bbox 572 1958 675 2022; x_wconf 90' lang='lat' dir='ltr'><strong>paruo</strong></span> <span class='ocrx_word' id='word_1_93' title='bbox 699 1938 762 2005; x_wconf 87' lang='lat' dir='ltr'><strong>sitii</strong></span> <span class='ocrx_word' id='word_1_94' title='bbox 785 1945 817 2003; x_wconf 93' lang='lat' dir='ltr'><strong>et</strong></span> <span class='ocrx_word' id='word_1_95' title='bbox 840 1939 910 2004; x_wconf 89' lang='lat' dir='ltr'><strong>sine</strong></span> <span class='ocrx_word' id='word_1_96' title='bbox 934 1959 1024 2003; x_wconf 91' lang='lat' dir='ltr'><strong>muro</strong></span> <span class='ocrx_word' id='word_1_97' title='bbox 1047 1939 1156 2004; x_wconf 88' lang='lat' dir='ltr'><strong>fuisse.</strong></span> <span class='ocrx_word' id='word_1_98' title='bbox 1202 1937 1289 2003; x_wconf 90' lang='lat' dir='ltr'><strong>unde</strong></span> 
     </span>
     <span class='ocr_line' id='line_1_13' title="bbox 147 2046 1288 2134; baseline -0.003 -21"><span class='ocrx_word' id='word_1_99' title='bbox 147 2046 266 2115; x_wconf 81' lang='lat' dir='ltr'><strong>aedibilc</strong></span> <span class='ocrx_word' id='word_1_100' title='bbox 287 2055 348 2131; x_wconf 74' lang='lat' dir='ltr'><strong>est,</strong></span> <span class='ocrx_word' id='word_1_101' title='bbox 371 2049 448 2133; x_wconf 90' lang='lat' dir='ltr'><strong>quia</strong></span> <span class='ocrx_word' id='word_1_102' title='bbox 470 2047 530 2113; x_wconf 93' lang='lat' dir='ltr'><strong>hoc</strong></span> <span class='ocrx_word' id='word_1_103' title='bbox 552 2049 649 2134; x_wconf 90' lang='lat' dir='ltr'><strong>spatii</strong></span> <span class='ocrx_word' id='word_1_104' title='bbox 672 2068 750 2114; x_wconf 90' lang='lat' dir='ltr'><strong>cura</strong></span> <span class='ocrx_word' id='word_1_105' title='bbox 774 2047 963 2114; x_wconf 91' lang='lat' dir='ltr'><strong>alendorum</strong></span> <span class='ocrx_word' id='word_1_106' title='bbox 992 2046 1288 2114; x_wconf 90' lang='lat' dir='ltr'><strong>custodiendorum-</strong></span> 
     </span>
     <span class='ocr_line' id='line_1_14' title="bbox 148 2157 1289 2243; baseline -0.002 -20"><span class='ocrx_word' id='word_1_107' title='bbox 148 2176 190 2240; x_wconf 74' lang='lat' dir='ltr'><strong>que</strong></span> <span class='ocrx_word' id='word_1_108' title='bbox 204 2178 349 2243; x_wconf 90' lang='lat' dir='ltr'><strong>pecorum</strong></span> <span class='ocrx_word' id='word_1_109' title='bbox 372 2160 425 2224; x_wconf 88' lang='lat' dir='ltr'><strong>uel</strong></span> <span class='ocrx_word' id='word_1_110' title='bbox 453 2159 550 2224; x_wconf 88' lang='lat' dir='ltr'><strong>etiam</strong></span> <span class='ocrx_word' id='word_1_111' title='bbox 584 2158 756 2225; x_wconf 84' lang='lat' dir='ltr'><strong>exercendi</strong></span> <span class='ocrx_word' id='word_1_112' title='bbox 785 2161 869 2225; x_wconf 90' lang='lat' dir='ltr'><strong>ruris</strong></span> <span class='ocrx_word' id='word_1_113' title='bbox 898 2158 1064 2224; x_wconf 89' lang='lat' dir='ltr'><strong>commodo</strong></span> <span class='ocrx_word' id='word_1_114' title='bbox 1098 2177 1169 2222; x_wconf 92' lang='lat' dir='ltr'><strong>cum</strong></span> <span class='ocrx_word' id='word_1_115' title='bbox 1204 2157 1289 2222; x_wconf 90' lang='lat' dir='ltr'><strong>bello</strong></span> 
     </span>
     <span class='ocr_line' id='line_1_15' title="bbox 148 2269 1289 2354; baseline -0.001 -21"><span class='ocrx_word' id='word_1_116' title='bbox 148 2277 335 2350; x_wconf 72' lang='lat' dir='ltr'><strong>premerentur</strong></span> <span class='ocrx_word' id='word_1_117' title='bbox 356 2269 561 2350; x_wconf 81' lang='lat' dir='ltr'><strong>incluserint,</strong></span> <span class='ocrx_word' id='word_1_118' title='bbox 595 2269 659 2353; x_wconf 92' lang='lat' dir='ltr'><strong>ipsi</strong></span> <span class='ocrx_word' id='word_1_119' title='bbox 689 2289 797 2334; x_wconf 90' lang='lat' dir='ltr'><strong>arcem</strong></span> <span class='ocrx_word' id='word_1_120' title='bbox 824 2290 960 2354; x_wconf 88' lang='lat' dir='ltr'><strong>paruam</strong></span> <span class='ocrx_word' id='word_1_121' title='bbox 989 2277 1106 2334; x_wconf 86' lang='lat' dir='ltr'><strong>natura</strong></span> <span class='ocrx_word' id='word_1_122' title='bbox 1133 2269 1289 2333; x_wconf 91' lang='lat' dir='ltr'><strong>munitam</strong></span> 
     </span>
     <span class='ocr_line' id='line_1_16' title="bbox 120 2376 1289 2465; baseline 0.001 -24"><span class='ocrx_word' id='word_1_123' title='bbox 120 2384 140 2435; x_wconf 84' lang='lat' dir='ltr'><strong>it</strong></span> <span class='ocrx_word' id='word_1_124' title='bbox 148 2376 306 2447; x_wconf 79' lang='lat' dir='ltr'><strong>obtinentes.</strong></span> <span class='ocrx_word' id='word_1_125' title='bbox 351 2380 496 2464; x_wconf 89' lang='lat' dir='ltr'><strong>alioquin</strong></span> <span class='ocrx_word' id='word_1_126' title='bbox 518 2386 640 2445; x_wconf 86' lang='lat' dir='ltr'><strong>tautam</strong></span> <span class='ocrx_word' id='word_1_127' title='bbox 655 2380 850 2465; x_wconf 84' lang='lat' dir='ltr'><strong>paucitatem</strong></span> <span class='ocrx_word' id='word_1_128' title='bbox 877 2379 1042 2446; x_wconf 90' lang='lat' dir='ltr'><strong>hominum</strong></span> <span class='ocrx_word' id='word_1_129' title='bbox 1064 2388 1130 2445; x_wconf 88' lang='lat' dir='ltr'><strong>tuin</strong></span> <span class='ocrx_word' id='word_1_130' title='bbox 1145 2379 1289 2464; x_wconf 89' lang='lat' dir='ltr'><strong>amplum</strong></span> 
     </span>
     <span class='ocr_line' id='line_1_17' title="bbox 147 2489 1287 2576; baseline 0.003 -24"><span class='ocrx_word' id='word_1_131' title='bbox 147 2491 204 2555; x_wconf 76' lang='lat' dir='ltr'><strong>euri</strong></span> <span class='ocrx_word' id='word_1_132' title='bbox 231 2491 369 2576; x_wconf 89' lang='lat' dir='ltr'><strong>spatium</strong></span> <span class='ocrx_word' id='word_1_133' title='bbox 401 2510 467 2556; x_wconf 90' lang='lat' dir='ltr'><strong>non</strong></span> <span class='ocrx_word' id='word_1_134' title='bbox 500 2491 625 2557; x_wconf 87' lang='lat' dir='ltr'><strong>munire</strong></span> <span class='ocrx_word' id='word_1_135' title='bbox 658 2490 763 2573; x_wconf 85' lang='lat' dir='ltr'><strong>magis</strong></span> <span class='ocrx_word' id='word_1_136' title='bbox 804 2511 900 2573; x_wconf 86' lang='lat' dir='ltr'><strong>quam</strong></span> <span class='ocrx_word' id='word_1_137' title='bbox 939 2490 1075 2575; x_wconf 86' lang='lat' dir='ltr'><strong>prodere</strong></span> <span class='ocrx_word' id='word_1_138' title='bbox 1105 2489 1287 2556; x_wconf 86' lang='lat' dir='ltr'><strong>uidebatur.</strong></span> 
     </span>
     <span class='ocr_line' id='line_1_18' title="bbox 145 2595 1288 2679; baseline -0.003 -13"><span class='ocrx_word' id='word_1_139' title='bbox 145 2595 214 2679; x_wconf 73' lang='lat' dir='ltr'><strong>igitir</strong></span> <span class='ocrx_word' id='word_1_140' title='bbox 231 2602 373 2666; x_wconf 82' lang='lat' dir='ltr'><strong>conclusi</strong></span> <span class='ocrx_word' id='word_1_141' title='bbox 394 2599 452 2665; x_wconf 93' lang='lat' dir='ltr'><strong>diu</strong></span> <span class='ocrx_word' id='word_1_142' title='bbox 473 2600 663 2665; x_wconf 90' lang='lat' dir='ltr'><strong>Numantini</strong></span> <span class='ocrx_word' id='word_1_143' title='bbox 686 2606 717 2664; x_wconf 90' lang='lat' dir='ltr'><strong>et</strong></span> <span class='ocrx_word' id='word_1_144' title='bbox 738 2600 823 2666; x_wconf 89' lang='lat' dir='ltr'><strong>fame</strong></span> <span class='ocrx_word' id='word_1_145' title='bbox 844 2600 994 2666; x_wconf 91' lang='lat' dir='ltr'><strong>trucidati</strong></span> <span class='ocrx_word' id='word_1_146' title='bbox 1016 2601 1212 2667; x_wconf 88' lang='lat' dir='ltr'><strong>deditionem</strong></span> <span class='ocrx_word' id='word_1_147' title='bbox 1236 2600 1288 2666; x_wconf 84' lang='lat' dir='ltr'><strong>sui</strong></span> 
     </span>
     <span class='ocr_line' id='line_1_19' title="bbox 146 2709 1287 2794; baseline -0.002 -18"><span class='ocrx_word' id='word_1_148' title='bbox 146 2711 296 2792; x_wconf 72' lang='lat' dir='ltr'><strong>tenderunt</strong></span> <span class='ocrx_word' id='word_1_149' title='bbox 316 2709 345 2778; x_wconf 92' lang='lat' dir='ltr'><strong>si</strong></span> <span class='ocrx_word' id='word_1_150' title='bbox 367 2711 550 2776; x_wconf 86' lang='lat' dir='ltr'><strong>tolerabilia</strong></span> <span class='ocrx_word' id='word_1_151' title='bbox 570 2709 772 2793; x_wconf 85' lang='lat' dir='ltr'><strong>iuberentur,</strong></span> <span class='ocrx_word' id='word_1_152' title='bbox 796 2730 895 2794; x_wconf 88' lang='lat' dir='ltr'><strong>saepe</strong></span> <span class='ocrx_word' id='word_1_153' title='bbox 919 2712 1004 2776; x_wconf 90' lang='lat' dir='ltr'><strong>enim</strong></span> <span class='ocrx_word' id='word_1_154' title='bbox 1027 2718 1158 2776; x_wconf 87' lang='lat' dir='ltr'><strong>orantes</strong></span> <span class='ocrx_word' id='word_1_155' title='bbox 1181 2711 1287 2775; x_wconf 86' lang='lat' dir='ltr'><strong>iustae</strong></span> 
     </span>
     <span class='ocr_line' id='line_1_20' title="bbox 146 2820 1287 2903; baseline -0.002 -19"><span class='ocrx_word' id='word_1_156' title='bbox 146 2835 244 2902; x_wconf 76' lang='lat' dir='ltr'><strong>pugnae</strong></span> <span class='ocrx_word' id='word_1_157' title='bbox 275 2822 459 2886; x_wconf 81' lang='lat' dir='ltr'><strong>facultatem</strong></span> <span class='ocrx_word' id='word_1_158' title='bbox 497 2827 532 2884; x_wconf 91' lang='lat' dir='ltr'><strong>ut</strong></span> <span class='ocrx_word' id='word_1_159' title='bbox 574 2828 739 2903; x_wconf 86' lang='lat' dir='ltr'><strong>tamquam</strong></span> <span class='ocrx_word' id='word_1_160' title='bbox 774 2822 852 2886; x_wconf 85' lang='lat' dir='ltr'><strong>uiris</strong></span> <span class='ocrx_word' id='word_1_161' title='bbox 886 2822 966 2885; x_wconf 91' lang='lat' dir='ltr'><strong>mori</strong></span> <span class='ocrx_word' id='word_1_162' title='bbox 1000 2821 1120 2885; x_wconf 87' lang='lat' dir='ltr'><strong>liceret.</strong></span> <span class='ocrx_word' id='word_1_163' title='bbox 1176 2820 1287 2883; x_wconf 92' lang='lat' dir='ltr'><strong>ultime</strong></span> 
     </span>
     <span class='ocr_line' id='line_1_21' title="bbox 116 2927 1288 3015; baseline 0.003 -26"><span class='ocrx_word' id='word_1_164' title='bbox 116 2927 229 2997; x_wconf 69' lang='lat' dir='ltr'><strong>tonica</strong></span> <span class='ocrx_word' id='word_1_165' title='bbox 248 2930 374 2997; x_wconf 91' lang='lat' dir='ltr'><strong>duabus</strong></span> <span class='ocrx_word' id='word_1_166' title='bbox 397 2930 502 2996; x_wconf 91' lang='lat' dir='ltr'><strong>subito</strong></span> <span class='ocrx_word' id='word_1_167' title='bbox 525 2931 626 3015; x_wconf 89' lang='lat' dir='ltr'><strong>portis</strong></span> <span class='ocrx_word' id='word_1_168' title='bbox 649 2938 823 3014; x_wconf 88' lang='lat' dir='ltr'><strong>eruperunt</strong></span> <span class='ocrx_word' id='word_1_169' title='bbox 845 2931 937 3013; x_wconf 84' lang='lat' dir='ltr'><strong>larga</strong></span> <span class='ocrx_word' id='word_1_170' title='bbox 966 2931 1055 3015; x_wconf 89' lang='lat' dir='ltr'><strong>prius</strong></span> <span class='ocrx_word' id='word_1_171' title='bbox 1085 2931 1215 3013; x_wconf 89' lang='lat' dir='ltr'><strong>potione</strong></span> <span class='ocrx_word' id='word_1_172' title='bbox 1238 2928 1288 2993; x_wconf 91' lang='lat' dir='ltr'><strong>usi</strong></span> 
     </span>
     <span class='ocr_line' id='line_1_22' title="bbox 147 3040 1286 3124; baseline 0.006 -26"><span class='ocrx_word' id='word_1_173' title='bbox 147 3056 191 3102; x_wconf 89' lang='lat' dir='ltr'><strong>rori</strong></span> <span class='ocrx_word' id='word_1_174' title='bbox 207 3040 279 3121; x_wconf 89' lang='lat' dir='ltr'><strong>uini,</strong></span> <span class='ocrx_word' id='word_1_175' title='bbox 301 3042 393 3106; x_wconf 90' lang='lat' dir='ltr'><strong>cuius</strong></span> <span class='ocrx_word' id='word_1_176' title='bbox 415 3041 506 3106; x_wconf 82' lang='lat' dir='ltr'><strong>ferax</strong></span> <span class='ocrx_word' id='word_1_177' title='bbox 521 3040 549 3106; x_wconf 94' lang='lat' dir='ltr'><strong>is</strong></span> <span class='ocrx_word' id='word_1_178' title='bbox 564 3041 653 3106; x_wconf 91' lang='lat' dir='ltr'><strong>locus</strong></span> <span class='ocrx_word' id='word_1_179' title='bbox 669 3061 733 3105; x_wconf 92' lang='lat' dir='ltr'><strong>non</strong></span> <span class='ocrx_word' id='word_1_180' title='bbox 748 3050 807 3123; x_wconf 83' lang='lat' dir='ltr'><strong>est,</strong></span> <span class='ocrx_word' id='word_1_181' title='bbox 831 3040 890 3106; x_wconf 89' lang='lat' dir='ltr'><strong>scd</strong></span> <span class='ocrx_word' id='word_1_182' title='bbox 906 3060 982 3106; x_wconf 88' lang='lat' dir='ltr'><strong>suco</strong></span> <span class='ocrx_word' id='word_1_183' title='bbox 996 3041 1095 3105; x_wconf 91' lang='lat' dir='ltr'><strong>tritiei</strong></span> <span class='ocrx_word' id='word_1_184' title='bbox 1111 3060 1168 3124; x_wconf 90' lang='lat' dir='ltr'><strong>per</strong></span> <span class='ocrx_word' id='word_1_185' title='bbox 1184 3048 1286 3105; x_wconf 89' lang='lat' dir='ltr'><strong>artem</strong></span> 
     </span>
     <span class='ocr_line' id='line_1_23' title="bbox 146 3149 1289 3235; baseline 0.005 -26"><span class='ocrx_word' id='word_1_186' title='bbox 146 3149 265 3234; x_wconf 70' lang='lat' dir='ltr'><strong>animm,</strong></span> <span class='ocrx_word' id='word_1_187' title='bbox 289 3171 385 3235; x_wconf 86' lang='lat' dir='ltr'><strong>quein</strong></span> <span class='ocrx_word' id='word_1_188' title='bbox 400 3170 510 3218; x_wconf 88' lang='lat' dir='ltr'><strong>sucum</strong></span> <span class='ocrx_word' id='word_1_189' title='bbox 526 3171 546 3216; x_wconf 85' lang='lat' dir='ltr'><strong>a</strong></span> <span class='ocrx_word' id='word_1_190' title='bbox 561 3150 778 3216; x_wconf 89' lang='lat' dir='ltr'><strong>calefaciendo</strong></span> <span class='ocrx_word' id='word_1_191' title='bbox 793 3151 852 3216; x_wconf 93' lang='lat' dir='ltr'><strong>cel</strong></span> <span class='ocrx_word' id='word_1_192' title='bbox 864 3152 941 3216; x_wconf 89' lang='lat' dir='ltr'><strong>iam</strong></span> <span class='ocrx_word' id='word_1_193' title='bbox 957 3159 1082 3216; x_wconf 88' lang='lat' dir='ltr'><strong>nocant.</strong></span> <span class='ocrx_word' id='word_1_194' title='bbox 1114 3152 1289 3217; x_wconf 88' lang='lat' dir='ltr'><strong>suscitatur</strong></span> 
     </span>
     <span class='ocr_line' id='line_1_24' title="bbox 148 3258 1287 3344; baseline 0.005 -26"><span class='ocrx_word' id='word_1_195' title='bbox 148 3258 208 3323; x_wconf 89' lang='lat' dir='ltr'><strong>culm</strong></span> <span class='ocrx_word' id='word_1_196' title='bbox 226 3261 320 3344; x_wconf 85' lang='lat' dir='ltr'><strong>ignea</strong></span> <span class='ocrx_word' id='word_1_197' title='bbox 341 3262 399 3326; x_wconf 91' lang='lat' dir='ltr'><strong>illa</strong></span> <span class='ocrx_word' id='word_1_198' title='bbox 421 3261 471 3327; x_wconf 90' lang='lat' dir='ltr'><strong>uis</strong></span> <span class='ocrx_word' id='word_1_199' title='bbox 493 3261 647 3344; x_wconf 87' lang='lat' dir='ltr'><strong>germinis</strong></span> <span class='ocrx_word' id='word_1_200' title='bbox 671 3260 869 3326; x_wconf 82' lang='lat' dir='ltr'><strong>madefactae</strong></span> <span class='ocrx_word' id='word_1_201' title='bbox 892 3262 992 3344; x_wconf 83' lang='lat' dir='ltr'><strong>frugis</strong></span> <span class='ocrx_word' id='word_1_202' title='bbox 1026 3282 1064 3326; x_wconf 90' lang='lat' dir='ltr'><strong>ac</strong></span> <span class='ocrx_word' id='word_1_203' title='bbox 1087 3261 1206 3326; x_wconf 89' lang='lat' dir='ltr'><strong>deinde</strong></span> <span class='ocrx_word' id='word_1_204' title='bbox 1228 3262 1287 3327; x_wconf 88' lang='lat' dir='ltr'><strong>sic·</strong></span> 
     </span>
     <span class='ocr_line' id='line_1_25' title="bbox 147 3371 1290 3457; baseline 0.003 -27"><span class='ocrx_word' id='word_1_205' title='bbox 147 3375 211 3434; x_wconf 83' lang='lat' dir='ltr'><strong>tatur</strong></span> <span class='ocrx_word' id='word_1_206' title='bbox 228 3380 257 3436; x_wconf 92' lang='lat' dir='ltr'><strong>et</strong></span> <span class='ocrx_word' id='word_1_207' title='bbox 278 3378 353 3457; x_wconf 91' lang='lat' dir='ltr'><strong>post</strong></span> <span class='ocrx_word' id='word_1_208' title='bbox 373 3371 408 3436; x_wconf 94' lang='lat' dir='ltr'><strong>in</strong></span> <span class='ocrx_word' id='word_1_209' title='bbox 429 3371 534 3437; x_wconf 88' lang='lat' dir='ltr'><strong>farina</strong></span> <span class='ocrx_word' id='word_1_210' title='bbox 557 3371 688 3438; x_wconf 88' lang='lat' dir='ltr'><strong>redacta</strong></span> <span class='ocrx_word' id='word_1_211' title='bbox 711 3372 799 3437; x_wconf 89' lang='lat' dir='ltr'><strong>molli</strong></span> <span class='ocrx_word' id='word_1_212' title='bbox 823 3392 899 3438; x_wconf 88' lang='lat' dir='ltr'><strong>suco</strong></span> <span class='ocrx_word' id='word_1_213' title='bbox 922 3372 1127 3449; x_wconf 85' lang='lat' dir='ltr'><strong>admiscetur,</strong></span> <span class='ocrx_word' id='word_1_214' title='bbox 1152 3390 1214 3453; x_wconf 89' lang='lat' dir='ltr'><strong>quo</strong></span> <span class='ocrx_word' id='word_1_215' title='bbox 1230 3371 1290 3434; x_wconf 92' lang='lat' dir='ltr'><strong>fer·</strong></span> 
     </span>
     <span class='ocr_line' id='line_1_26' title="bbox 118 3475 1290 3567; baseline 0.004 -29"><span class='ocrx_word' id='word_1_216' title='bbox 118 3475 226 3545; x_wconf 53' lang='lat' dir='ltr'><strong>&amp;neoto</strong></span> <span class='ocrx_word' id='word_1_217' title='bbox 245 3503 341 3567; x_wconf 89' lang='lat' dir='ltr'><strong>sapor</strong></span> <span class='ocrx_word' id='word_1_218' title='bbox 362 3482 560 3548; x_wconf 85' lang='lat' dir='ltr'><strong>austeritatis</strong></span> <span class='ocrx_word' id='word_1_219' title='bbox 583 3489 614 3546; x_wconf 88' lang='lat' dir='ltr'><strong>et</strong></span> <span class='ocrx_word' id='word_1_220' title='bbox 635 3482 724 3546; x_wconf 90' lang='lat' dir='ltr'><strong>calor</strong></span> <span class='ocrx_word' id='word_1_221' title='bbox 739 3481 906 3548; x_wconf 87' lang='lat' dir='ltr'><strong>ebrietatis</strong></span> <span class='ocrx_word' id='word_1_222' title='bbox 923 3481 1070 3547; x_wconf 87' lang='lat' dir='ltr'><strong>adicitur.</strong></span> <span class='ocrx_word' id='word_1_223' title='bbox 1115 3481 1177 3545; x_wconf 87' lang='lat' dir='ltr'><strong>liae</strong></span> <span class='ocrx_word' id='word_1_224' title='bbox 1192 3479 1290 3563; x_wconf 85' lang='lat' dir='ltr'><strong>igitur</strong></span> 
     </span>
     <span class='ocr_line' id='line_1_27' title="bbox 149 3589 1290 3677; baseline 0.004 -26"><span class='ocrx_word' id='word_1_225' title='bbox 149 3589 247 3666; x_wconf 88' lang='lat' dir='ltr'><strong>potione</strong></span> <span class='ocrx_word' id='word_1_226' title='bbox 268 3601 342 3677; x_wconf 87' lang='lat' dir='ltr'><strong>post</strong></span> <span class='ocrx_word' id='word_1_227' title='bbox 362 3593 493 3675; x_wconf 81' lang='lat' dir='ltr'><strong>longam</strong></span> <span class='ocrx_word' id='word_1_228' title='bbox 507 3593 624 3657; x_wconf 90' lang='lat' dir='ltr'><strong>famem</strong></span> <span class='ocrx_word' id='word_1_229' title='bbox 640 3593 873 3658; x_wconf 88' lang='lat' dir='ltr'><strong>recalescentes</strong></span> <span class='ocrx_word' id='word_1_230' title='bbox 890 3591 973 3657; x_wconf 89' lang='lat' dir='ltr'><strong>bello</strong></span> <span class='ocrx_word' id='word_1_231' title='bbox 989 3612 1062 3659; x_wconf 84' lang='lat' dir='ltr'><strong>sese</strong></span> <span class='ocrx_word' id='word_1_232' title='bbox 1077 3589 1290 3677; x_wconf 88' lang='lat' dir='ltr'><strong>optulerunt.)</strong></span> 
     </span>
     <span class='ocr_line' id='line_1_28' title="bbox 148 3701 1288 3786; baseline 0.003 -23"><span class='ocrx_word' id='word_1_233' title='bbox 148 3704 213 3765; x_wconf 80' lang='lat' dir='ltr'><strong>itroi</strong></span> <span class='ocrx_word' id='word_1_234' title='bbox 236 3702 291 3767; x_wconf 91' lang='lat' dir='ltr'><strong>diu</strong></span> <span class='ocrx_word' id='word_1_235' title='bbox 319 3708 483 3768; x_wconf 87' lang='lat' dir='ltr'><strong>certamen</strong></span> <span class='ocrx_word' id='word_1_236' title='bbox 511 3710 544 3768; x_wconf 91' lang='lat' dir='ltr'><strong>et</strong></span> <span class='ocrx_word' id='word_1_237' title='bbox 572 3721 675 3786; x_wconf 88' lang='lat' dir='ltr'><strong>usque</strong></span> <span class='ocrx_word' id='word_1_238' title='bbox 704 3701 746 3766; x_wconf 89' lang='lat' dir='ltr'><strong>ad</strong></span> <span class='ocrx_word' id='word_1_239' title='bbox 775 3703 950 3786; x_wconf 89' lang='lat' dir='ltr'><strong>perieulum</strong></span> <span class='ocrx_word' id='word_1_240' title='bbox 973 3704 1190 3768; x_wconf 86' lang='lat' dir='ltr'><strong>Romanorum</strong></span> <span class='ocrx_word' id='word_1_241' title='bbox 1219 3701 1288 3766; x_wconf 90' lang='lat' dir='ltr'><strong>fuit.</strong></span> 
     </span>
     <span class='ocr_line' id='line_1_29' title="bbox 149 3803 1287 3897; baseline 0.007 -27"><span class='ocrx_word' id='word_1_242' title='bbox 149 3803 293 3896; x_wconf 85' lang='lat' dir='ltr'><strong>iterumque</strong></span> <span class='ocrx_word' id='word_1_243' title='bbox 314 3813 450 3878; x_wconf 88' lang='lat' dir='ltr'><strong>Romani</strong></span> <span class='ocrx_word' id='word_1_244' title='bbox 472 3833 619 3897; x_wconf 82' lang='lat' dir='ltr'><strong>pugnare</strong></span> <span class='ocrx_word' id='word_1_245' title='bbox 642 3833 678 3879; x_wconf 93' lang='lat' dir='ltr'><strong>se</strong></span> <span class='ocrx_word' id='word_1_246' title='bbox 700 3811 873 3878; x_wconf 91' lang='lat' dir='ltr'><strong>aduersum</strong></span> <span class='ocrx_word' id='word_1_247' title='bbox 896 3813 1110 3880; x_wconf 88' lang='lat' dir='ltr'><strong>Numantinos</strong></span> <span class='ocrx_word' id='word_1_248' title='bbox 1133 3812 1287 3895; x_wconf 85' lang='lat' dir='ltr'><strong>fugiendo</strong></span> 
     </span>
     <span class='ocr_line' id='line_1_30' title="bbox 148 3917 1290 4008; baseline 0.006 -29"><span class='ocrx_word' id='word_1_249' title='bbox 148 3917 341 3994; x_wconf 80' lang='lat' dir='ltr'><strong>probauissent</strong></span> <span class='ocrx_word' id='word_1_250' title='bbox 370 3922 435 3988; x_wconf 91' lang='lat' dir='ltr'><strong>nisi</strong></span> <span class='ocrx_word' id='word_1_251' title='bbox 463 3922 523 3988; x_wconf 89' lang='lat' dir='ltr'><strong>sub</strong></span> <span class='ocrx_word' id='word_1_252' title='bbox 547 3922 699 4008; x_wconf 83' lang='lat' dir='ltr'><strong>Scipione</strong></span> <span class='ocrx_word' id='word_1_253' title='bbox 727 3928 937 4006; x_wconf 84' lang='lat' dir='ltr'><strong>pugnassent.</strong></span> <span class='ocrx_word' id='word_1_254' title='bbox 981 3924 1171 3988; x_wconf 92' lang='lat' dir='ltr'><strong>Numantini</strong></span> <span class='ocrx_word' id='word_1_255' title='bbox 1194 3923 1290 3987; x_wconf 91' lang='lat' dir='ltr'><strong>inter-</strong></span> 
     </span>
    </p>
   </div>
   <div class='ocr_carea' id='block_1_4' title="bbox 150 4109 421 4128">
    <p class='ocr_par' dir='ltr' id='par_1_4' title="bbox 150 4109 421 4128">
     <span class='ocr_line' id='line_1_31' title="bbox 150 4109 421 4128; baseline 0 0"><span class='ocrx_word' id='word_1_256' title='bbox 150 4109 421 4128; x_wconf 33' lang='lat' dir='ltr'><strong>x—</strong></span> 
     </span>
    </p>
   </div>
   <div class='ocr_carea' id='block_1_5' title="bbox 147 4265 1293 4886">
    <p class='ocr_par' dir='ltr' id='par_1_5' title="bbox 147 4265 1293 4886">
     <span class='ocr_line' id='line_1_32' title="bbox 195 4265 1292 4335; baseline 0.003 -19"><span class='ocrx_word' id='word_1_257' title='bbox 195 4265 517 4335; x_wconf 59' lang='lat' dir='ltr'><strong>ipo-ieiunum</strong></span> <span class='ocrx_word' id='word_1_258' title='bbox 619 4266 768 4320; x_wconf 76' lang='lat' dir='ltr'><strong>bbedoB</strong></span> <span class='ocrx_word' id='word_1_259' title='bbox 825 4265 996 4322; x_wconf 86' lang='lat' dir='ltr'><strong>aduerfulB</strong></span> <span class='ocrx_word' id='word_1_260' title='bbox 1100 4265 1292 4335; x_wconf 69' lang='lat'><strong>6-2609:</strong></span> 
     </span>
     <span class='ocr_line' id='line_1_33' title="bbox 148 4350 1291 4428; baseline 0.004 -21"><span class='ocrx_word' id='word_1_261' title='bbox 148 4350 199 4407; x_wconf 71' lang='lat' dir='ltr'><strong>ltllo</strong></span> <span class='ocrx_word' id='word_1_262' title='bbox 212 4358 382 4414; x_wconf 75' lang='lat' dir='ltr'><strong>circumdedit</strong></span> <span class='ocrx_word' id='word_1_263' title='bbox 410 4359 422 4427; x_wconf 85' lang='grc' dir='ltr'>Η</span> <span class='ocrx_word' id='word_1_264' title='bbox 443 4374 558 4428; x_wconf 86' lang='lat' dir='ltr'><strong>eumque</strong></span> <span class='ocrx_word' id='word_1_265' title='bbox 573 4358 620 4413; x_wconf 91' lang='lat' dir='ltr'><strong>diu</strong></span> <span class='ocrx_word' id='word_1_266' title='bbox 638 4360 756 4414; x_wconf 88' lang='lat' dir='ltr'><strong>concluli</strong></span> <span class='ocrx_word' id='word_1_267' title='bbox 773 4359 844 4415; x_wconf 88' lang='lat' dir='ltr'><strong>fame</strong></span> <span class='ocrx_word' id='word_1_268' title='bbox 861 4362 1017 4415; x_wconf 87' lang='lat' dir='ltr'><strong>laborarent</strong></span> <span class='ocrx_word' id='word_1_269' title='bbox 1033 4370 1036 4424; x_wconf 80' lang='lat' dir='ltr'><strong>i</strong></span> <span class='ocrx_word' id='word_1_270' title='bbox 1051 4374 1192 4428; x_wconf 78' lang='lat' dir='ltr'><strong>pugneque</strong></span> <span class='ocrx_word' id='word_1_271' title='bbox 1204 4357 1291 4412; x_wconf 89' lang='lat' dir='ltr'><strong>facul-</strong></span> 
     </span>
     <span class='ocr_line' id='line_1_34' title="bbox 149 4446 1290 4523; baseline 0.001 -20"><span class='ocrx_word' id='word_1_272' title='bbox 149 4446 209 4503; x_wconf 72' lang='lat' dir='ltr'><strong>lttcci</strong></span> <span class='ocrx_word' id='word_1_273' title='bbox 221 4455 390 4521; x_wconf 80' lang='lat' dir='ltr'><strong>exposcerent</strong></span> <span class='ocrx_word' id='word_1_274' title='bbox 407 4477 412 4487; x_wconf 95' lang='lat'>·</span> <span class='ocrx_word' id='word_1_275' title='bbox 432 4458 461 4506; x_wconf 90' lang='lat' dir='ltr'><strong>ut</strong></span> <span class='ocrx_word' id='word_1_276' title='bbox 478 4468 546 4506; x_wconf 90' lang='lat' dir='ltr'><strong>niori</strong></span> <span class='ocrx_word' id='word_1_277' title='bbox 561 4452 566 4521; x_wconf 84' lang='grc' dir='ltr'>Ι</span> <span class='ocrx_word' id='word_1_278' title='bbox 581 4453 621 4508; x_wconf 88' lang='lat' dir='ltr'><strong>eil</strong></span> <span class='ocrx_word' id='word_1_279' title='bbox 636 4454 712 4523; x_wconf 82' lang='lat' dir='ltr'><strong>quali</strong></span> <span class='ocrx_word' id='word_1_280' title='bbox 728 4454 794 4508; x_wconf 82' lang='lat' dir='ltr'><strong>uini</strong></span> <span class='ocrx_word' id='word_1_281' title='bbox 809 4454 902 4509; x_wconf 86' lang='lat' dir='ltr'><strong>liceret</strong></span> <span class='ocrx_word' id='word_1_282' title='bbox 922 4479 926 4489; x_wconf 93' lang='lat'><em>·</em></span> <span class='ocrx_word' id='word_1_283' title='bbox 944 4454 1084 4507; x_wconf 79' lang='lat' dir='ltr'><strong>nouissime</strong></span> <span class='ocrx_word' id='word_1_284' title='bbox 1101 4453 1176 4522; x_wconf 82' lang='lat' dir='ltr'><strong>larga</strong></span> <span class='ocrx_word' id='word_1_285' title='bbox 1194 4453 1268 4520; x_wconf 80' lang='lat' dir='ltr'><strong>prius</strong></span> <span class='ocrx_word' id='word_1_286' title='bbox 1285 4453 1290 4521; x_wconf 80' lang='grc' dir='ltr'>Ι</span> 
     </span>
     <span class='ocr_line' id='line_1_35' title="bbox 150 4544 1290 4616; baseline 0 -15"><span class='ocrx_word' id='word_1_287' title='bbox 150 4544 231 4601; x_wconf 67' lang='lat' dir='ltr'><strong>intrem</strong></span> <span class='ocrx_word' id='word_1_288' title='bbox 252 4545 375 4600; x_wconf 84' lang='lat' dir='ltr'><strong>calefacti</strong></span> <span class='ocrx_word' id='word_1_289' title='bbox 402 4557 455 4614; x_wconf 79' lang='lat' dir='ltr'><strong>que</strong></span> <span class='ocrx_word' id='word_1_290' title='bbox 479 4545 637 4600; x_wconf 79' lang='lat' dir='ltr'><strong>madefactis</strong></span> <span class='ocrx_word' id='word_1_291' title='bbox 658 4546 798 4616; x_wconf 78' lang='lat' dir='ltr'><strong>frugibus}</strong></span> <span class='ocrx_word' id='word_1_292' title='bbox 814 4547 911 4601; x_wconf 85' lang='lat' dir='ltr'><strong>confici</strong></span> <span class='ocrx_word' id='word_1_293' title='bbox 936 4546 997 4601; x_wconf 78' lang='lat' dir='ltr'><strong>tol&amp;</strong></span> <span class='ocrx_word' id='word_1_294' title='bbox 1016 4573 1020 4582; x_wconf 94' lang='lat'>·</span> <span class='ocrx_word' id='word_1_295' title='bbox 1038 4547 1125 4600; x_wconf 76' lang='lat' dir='ltr'><strong>subito</strong></span> <span class='ocrx_word' id='word_1_296' title='bbox 1153 4547 1230 4614; x_wconf 86' lang='lat' dir='ltr'><strong>luper</strong></span> <span class='ocrx_word' id='word_1_297' title='bbox 1247 4560 1290 4601; x_wconf 90' lang='lat' dir='ltr'><strong>ro·</strong></span> 
     </span>
     <span class='ocr_line' id='line_1_36' title="bbox 148 4637 1290 4709; baseline 0.007 -24"><span class='ocrx_word' id='word_1_298' title='bbox 148 4637 215 4688; x_wconf 73' lang='lat' dir='ltr'><strong>uuor</strong></span> <span class='ocrx_word' id='word_1_299' title='bbox 227 4654 349 4709; x_wconf 85' lang='lat' dir='ltr'><strong>inrupere</strong></span> <span class='ocrx_word' id='word_1_300' title='bbox 364 4642 368 4707; x_wconf 87' lang='grc' dir='ltr'>Ι</span> <span class='ocrx_word' id='word_1_301' title='bbox 385 4639 412 4694; x_wconf 87' lang='grc' dir='ltr'><em>Β</em></span> <span class='ocrx_word' id='word_1_302' title='bbox 491 4639 843 4709; x_wconf 59' lang='lat' dir='ltr'><strong>recommemorando</strong></span> <span class='ocrx_word' id='word_1_303' title='bbox 918 4638 1107 4695; x_wconf 80' lang='lat'>2311101111)</span> <span class='ocrx_word' id='word_1_304' title='bbox 1182 4644 1214 4693; x_wconf 76' lang='lat' dir='ltr'><strong>tt</strong></span> <span class='ocrx_word' id='word_1_305' title='bbox 1233 4655 1290 4693; x_wconf 90' lang='lat' dir='ltr'><strong>ani·</strong></span> 
     </span>
     <span class='ocr_line' id='line_1_37' title="bbox 149 4724 1293 4802; baseline 0.002 -18"><span class='ocrx_word' id='word_1_306' title='bbox 149 4724 287 4788; x_wconf 70' lang='lat' dir='ltr'><strong>uranii</strong></span> <span class='ocrx_word' id='word_1_307' title='bbox 388 4737 421 4787; x_wconf 78' lang='lat'><strong>25</strong></span> <span class='ocrx_word' id='word_1_308' title='bbox 439 4733 511 4788; x_wconf 73' lang='lat' dir='ltr'><strong>hanc</strong></span> <span class='ocrx_word' id='word_1_309' title='bbox 528 4732 555 4786; x_wconf 81' lang='lat' dir='ltr'><em>D</em></span> <span class='ocrx_word' id='word_1_310' title='bbox 658 4738 689 4787; x_wconf 79' lang='lat' dir='ltr'><strong>ii</strong></span> <span class='ocrx_word' id='word_1_311' title='bbox 715 4741 811 4788; x_wconf 88' lang='lat' dir='ltr'><strong>etom.</strong></span> <span class='ocrx_word' id='word_1_312' title='bbox 838 4732 865 4786; x_wconf 89' lang='lat' dir='ltr'><em>B</em></span> <span class='ocrx_word' id='word_1_313' title='bbox 933 4733 967 4786; x_wconf 93' lang='lat' dir='ltr'><strong>ad</strong></span> <span class='ocrx_word' id='word_1_314' title='bbox 991 4732 1141 4802; x_wconf 89' lang='lat' dir='ltr'><strong>periculum</strong></span> <span class='ocrx_word' id='word_1_315' title='bbox 1165 4735 1247 4800; x_wconf 89' lang='lat' dir='ltr'><strong>nfque</strong></span> <span class='ocrx_word' id='word_1_316' title='bbox 1266 4733 1293 4786; x_wconf 89' lang='lat' dir='ltr'><em>B</em></span> 
     </span>
     <span class='ocr_line' id='line_1_38' title="bbox 147 4813 366 4886; baseline 0.018 -9"><span class='ocrx_word' id='word_1_317' title='bbox 147 4813 320 4886; x_wconf 73' lang='lat' dir='ltr'><strong>2lorobutfent</strong></span> <span class='ocrx_word' id='word_1_318' title='bbox 338 4826 366 4881; x_wconf 88' lang='lat' dir='ltr'><em>B</em></span> 
     </span>
    </p>
   </div>
   <div class='ocr_carea' id='block_1_6' title="bbox 0 0 1422 5394">
    <p class='ocr_par' dir='ltr' id='par_1_6' title="bbox 0 0 1422 5394">
     <span class='ocr_line' id='line_1_39' title="bbox 0 0 1422 5394; baseline 0 0"><span class='ocrx_word' id='word_1_319' title='bbox 0 0 1422 5394; x_wconf 95' lang='lat' dir='ltr'><strong> </strong></span> 
     </span>
    </p>
   </div>
  </div>
 </body>
</html>
