2834 5394
102 213 164 275 586
604 229 696 276 nmm
719 229 787 277 xxv

26 388 34 444 ἰ
48 382 128 448 XVI
186 382 281 446 Anno
304 380 432 464 imperii
447 381 585 446 Eirenae
608 381 720 465 quinto
735 381 847 448 Aetius
868 379 1031 466 patricius
1055 381 1151 448 liber
1167 401 1191 447 a
1208 383 1301 448 Stau-

101 491 188 556 raeio
217 491 319 556 factus
348 496 378 554 et
406 489 480 556 ideo
509 491 679 557 securitate
708 491 827 575 potitus
862 491 1043 575 imperium
1082 491 1135 557 ad
1166 493 1299 557 matrem

102 601 264 687 proprium
287 598 462 665 transferre
485 599 664 684 satagebat,
687 621 784 684 quem
805 608 838 666 st
858 608 1154 684 monostrategum
1173 603 1255 666 feeit
1269 602 1300 665 in

101 710 227 777 Thrace
264 710 359 776 simul
396 714 429 774 et
456 709 648 774 Macedonia
680 711 751 795 ipsc
780 710 931 776 ulteriora
967 711 1129 777 themata
1170 718 1299 793 tenens,

102 822 275 887 orientales
298 819 419 886 scilicet
442 825 474 885 et
488 818 630 886 Obsicin.
676 839 746 885 cum
770 840 846 905 ergo
868 821 1011 885 elatione
1025 821 1184 888 refertus
1202 828 1326 900 esset⁵

102 951 159 997 eos
181 931 344 1014 principes
366 931 421 1012 qui
444 928 647 996 sublimiores
669 937 762 996 erant
783 929 1003 997 dehonestans
1028 950 1092 1014 pro
1119 930 1238 996 nihilo
1254 951 1300 996 re

102 1040 246 1124 putabat,
276 1039 331 1122 qui
354 1046 386 1103 et
409 1039 505 1105 ualde
527 1039 642 1106 maesti
664 1039 823 1106 aduersus
846 1059 901 1105 eoa
929 1039 1037 1104 effecti
1080 1041 1301 1108 simultatem

102 1161 213 1212 contra
236 1148 471 1232 imperatricem
494 1149 696 1230 meditantes,
719 1148 804 1214 hanc
826 1150 859 1214 in
881 1169 961 1234 opus
983 1148 1175 1216 duxerunt.
1226 1172 1301 1237 per·

100 1264 258 1323 uenerunt
279 1264 385 1323 autom
408 1259 598 1342 apocrisarii
621 1258 777 1325 aKarolo
800 1268 832 1325 et
853 1260 961 1324 Leone
983 1279 1078 1344 papa
1100 1260 1236 1327 directi
1259 1261 1301 1326 ad

102 1368 242 1434 Eirenen
264 1368 444 1453 piissimam
466 1370 667 1453 postulantes
688 1374 723 1433 ut
745 1369 931 1452 iungeretur
951 1369 1000 1433 illi
1022 1370 1069 1434 ad
1093 1372 1247 1456 nuptias
1269 1379 1300 1438 et
1317 1382 1335 1430 n·

100 1480 206 1545 uniret
227 1480 296 1543 an
318 1485 350 1544 et
370 1478 539 1563 Hesperia,
577 1498 661 1562 quae
689 1480 830 1565 profecto
858 1476 1047 1545 obaudisset
1076 1480 1151 1546 nisi
1177 1483 1300 1549 Aetius

100 1590 161 1657 iste
189 1590 244 1674 qui
274 1608 372 1673 saepe
395 1586 499 1655 dictus
527 1588 723 1655 inhibuisset
748 1590 943 1673 praeualens
980 1594 1013 1653 et
1040 1586 1235 1674 imperium
1266 1593 1299 1657 in

103 1700 266 1785 proprium
290 1699 371 1764 sicut
392 1696 591 1783 praedictum
614 1705 664 1764 est
685 1699 815 1764 fratrem
838 1717 1008 1782 usurpans.

0 1819 2 1867 ῑ
27 1817 35 1870 1
60 1809 146 1875 VII
190 1808 344 1890 Sequenti
366 1813 473 1872 autem
496 1827 582 1873 anno
604 1808 659 1892 qui
681 1815 731 1875 est
751 1809 875 1893 primus
896 1828 1001 1874 annus
1015 1806 1210 1891 Nicephori
1227 1811 1296 1895 pri·

99 1919 154 1983 die
182 1916 344 1982 kalendas
366 1917 560 1984 Nouembris
588 1916 773 1984 indictionis
801 1918 991 1984 undecimae
1019 1925 1141 2000 quarta
1179 1921 1292 1987 noctis
1312 1926 1335 1977 ¹⁵

102 2028 192 2108 hora,
216 2044 299 2110 quae
322 2026 401 2091 teria
423 2025 566 2092 secunda
587 2027 728 2111 lucescit,
752 2028 836 2094 idem
853 2026 1055 2111 Nicephorus
1078 2045 1155 2092 cum
1183 2031 1291 2115 patri·

101 2139 170 2204 cios
193 2142 281 2202 esset
302 2141 335 2201 et
355 2134 520 2217 logotheta
533 2138 706 2221 generalis,
729 2137 933 2223 tyrannidem
955 2135 1116 2203 aduersus
1133 2138 1289 2206 Eirencn

100 2248 281 2335 piissimam
311 2245 484 2311 concitauit
511 2244 573 2311 deo
603 2246 733 2332 quidem
763 2247 983 2314 ineffabilibus
1020 2247 1061 2311 ob
1090 2251 1288 2314 nostrorum

102 2357 337 2425 multitudinem
359 2362 564 2443 peccatomm
592 2357 719 2425 iudiciis
741 2356 944 2441 indulgente,
972 2357 1233 2442 cooperantibus
1256 2358 1286 2424 ei

101 2470 217 2534 Niceta
247 2469 382 2555 patricio
415 2487 453 2533 ao
485 2466 661 2533 domestico
693 2467 875 2534 scholarum
909 2474 941 2532 et
962 2465 1107 2532 Sisinnio
1140 2468 1286 2551 patricio
1301 2477 1331 2528 aa

102 2579 202 2644 fratre
232 2579 344 2661 ipsius,
382 2577 461 2643 uiris
488 2577 626 2661 periuris
657 2583 689 2642 et
710 2575 923 2642 fraudulentis
946 2575 1136 2660 Triphyliis.
1184 2583 1283 2643 erant

103 2693 212 2752 autem
240 2687 403 2752 cumillis
432 2694 465 2752 et
484 2687 552 2752 Leo
579 2686 733 2771 patricius
762 2685 1015 2771 Serantapiohus
1045 2693 1076 2750 et
1098 2684 1284 2769 Gregorius

103 2797 258 2883 patricius
279 2797 451 2863 Musulacii
473 2804 505 2861 ct
526 2796 731 2863 Theoctistus
752 2796 905 2880 patricius
933 2802 965 2860 et
993 2801 1145 2879 quaestor
1179 2802 1283 2880 atquc

102 2908 217 2973 Petrus
239 2906 394 2990 patricius
417 2905 605 2972 seducentes
628 2905 784 2989 quosdam
814 2926 835 2970 a
861 2905 990 2990 populo,
1028 2904 1083 2988 qui
1112 2911 1209 2968 erant
1240 2924 1282 2970 ex

99 3015 288 3097 ordinibus,
312 3034 447 3099 cumque
469 3015 636 3080 uenissent
657 3014 700 3079 ad
721 3025 847 3099 portam
870 3035 953 3099 quae
975 3014 1062 3079 dicta
1077 3020 1126 3080 est
1141 3013 1278 3096 Chalae,
1295 3028 1324 3079 25

103 3122 317 3207 custodesque
340 3123 421 3188 falso
449 3142 487 3187 ac
516 3122 622 3189 subito
650 3122 865 3208 decepissent,
902 3130 1135 3211 persuaserunt
1163 3125 1212 3189 eis
1245 3130 1281 3188 nt

103 3232 270 3297 crederent
291 3231 376 3316 quod
399 3231 440 3296 ab
462 3231 536 3315 ipsa
557 3231 675 3296 luerint
696 3232 858 3316 destinati,
882 3241 1041 3318 quatenus
1064 3231 1202 3299 eundem
1219 3234 1280 3298 im·

103 3348 284 3428 peratorem
312 3340 530 3425 Nicephomm
565 3343 770 3427 appellarent
796 3363 835 3408 eo
864 3344 950 3428 quod
977 3345 1090 3409 Aetius
1119 3343 1280 3426 patricius

104 3454 167 3519 sibi
189 3454 256 3518 uim
279 3451 409 3517 inferret
430 3451 687 3517 annuntiandum
702 3454 843 3518 Leonem
866 3454 996 3519 fratrem
1020 3472 1111 3519 suum
1133 3452 1279 3534 impera·

104 3570 214 3644 torem,
238 3562 291 3645 qui
313 3560 483 3626 mendacio
505 3569 596 3628 tanto
617 3562 787 3629 credentes
809 3562 1034 3646 imperatorem
1056 3560 1178 3644 pariter
1201 3580 1279 3645 pro·
1297 3572 1327 3624 ao

104 3674 333 3738 nuntiauerant
354 3690 426 3735 eum
449 3671 504 3754 qui
526 3679 595 3737 erat
615 3678 782 3758 tyrannus.

177 3879 359 3951 lherrenell
429 3885 487 3934 tet
505 3885 532 3935 ll
554 3885 631 3935 ΜΒ
649 3880 761 3936 attolli
828 3878 1003 3934 sunnon
1073 3882 1103 3932 lo
1120 3877 1232 3931 beurene
1250 3876 1279 3931 D

108 3980 134 4028 ll
158 3974 233 4029 coll
303 3979 333 4028 16
350 3973 507 4027 lucatur-m
525 3973 607 4028 eltD
686 3977 714 4025 17
733 3970 903 4027 horrerent)
975 3955 1172 4027 teloniario
1243 3973 1275 4023 21

105 4066 219 4136 periuris
251 4081 283 4120 ac
316 4064 492 4121 iratrdulentis
525 4065 669 4136 Triphyliis
700 4064 910 4136 Bonparscbnns
937 4069 963 4116 et
986 4063 1148 4118 Anastasius
1174 4066 1201 4114 et
1227 4063 1278 4117 ‘stc

105 4158 175 4227 scre*
194 4157 233 4212 P.-
259 4159 368 4227 perunit
383 4173 415 4212 ac
432 4157 609 4213 fraudulentrl
627 4183 632 4193 ·
649 4161 677 4210 et
693 4163 782 4210 nrceta
797 4153 932 4223 tnphrlus;
951 4154 977 4208 1>
993 4159 1020 4209 ct
1035 4154 1134 4209 similia
1148 4171 1171 4224 p
1243 4160 1277 4210 22

106 4248 316 4319 Serantaprchul
331 4248 394 4315 ΒΡ,
414 4251 591 4316 Anastasius,
611 4247 802 4321 Theophanes:
820 4245 1119 4317 Tesseracontopeehns
1138 4245 1279 4302 ‘Pithoeu-

106 4355 170 4393 nnm
189 4342 339 4414 exemplar*
358 4341 423 4404 (reid.
442 4341 480 4396 ad
490 4358 523 4415 p.
541 4346 600 4427 titt,
620 4345 662 4408 Π)
731 4344 764 4398 23
780 4335 915 4395 musulani
933 4338 960 4396 D
