2834 5394
500 758 574 807 css.
596 757 842 806 xxvi-xxvnn
1204 742 1267 808 523

178 908 273 975 Anno
287 927 365 974 uero
380 908 508 994 imperii
522 910 641 977 Leonis
664 916 777 994 quarto
798 908 934 991 decimo,
958 909 1018 976 hoc
1039 929 1125 977 anuo
1146 909 1247 976 mouit
1268 910 1365 978 XXV

93 1021 270 1087 Masalmas
308 1019 482 1085 exercitum
515 1027 628 1086 contra
655 1019 846 1087 Romaniam
882 1026 914 1087 ct
945 1039 1018 1086 cum
1054 1020 1200 1088 uenisset
1232 1019 1268 1087 in

95 1129 336 1216 Cappadociam
357 1128 434 1195 dolo
456 1130 542 1216 cepit
563 1129 812 1197 Chartasianum
834 1137 985 1198 castrum.

180 1240 274 1306 Anno
296 1240 425 1323 imperii
446 1240 566 1307 Leonis
588 1241 699 1323 quinto
728 1240 853 1308 decimo
874 1239 1052 1309 Mesalum
1073 1247 1182 1308 castra
1202 1260 1268 1306 mo·

61 1362 80 1411 s
96 1351 143 1416 uit
164 1349 322 1417 aduersus
336 1350 487 1416 Turciam
510 1356 542 1415 et
562 1370 634 1417 cum
655 1351 859 1437 peruenisset
873 1370 976 1436 usque
991 1349 1130 1437 Caspias
1144 1356 1265 1434 portas,

96 1467 242 1528 metuens
264 1459 341 1526 inde
361 1479 512 1526 reuersus
533 1467 593 1528 est.

178 1569 274 1636 Anno
296 1570 424 1655 imperii
447 1570 498 1637 sui
519 1576 613 1637 sexto
634 1569 760 1638 decimo
781 1572 849 1638 Leo
870 1571 1047 1657 imperator
1068 1569 1168 1636 filiam
1184 1569 1268 1636 Cha·

94 1680 162 1746 iani
185 1680 378 1766 Scytharum
399 1680 512 1746 arbitri
533 1680 600 1746 tilio
623 1701 681 1749 suo
704 1681 919 1749 Constantino
940 1701 1012 1747 cum
1034 1681 1119 1748 hanc
1134 1679 1269 1748 christi·

95 1811 191 1856 anam
224 1791 364 1874 fecisset,
400 1791 605 1856 matrimonio
638 1790 773 1858 sociauit
804 1792 979 1858 nominans
1010 1811 1083 1858 eam
1112 1791 1268 1859 Eireneu.
1298 1864 1301 1871 ,

48 1920 179 1985 roquos
201 1920 274 1966 cum
296 1920 407 1968 sacras
429 1901 553 1968 litteras
575 1899 753 1984 didicisset,
775 1902 889 1987 pietati
904 1901 988 1968 dans
1003 1919 1136 1984 operam
1152 1899 1268 1967 claruit

95 2011 155 2078 hos
177 2010 353 2095 impietatis
374 2009 584 2095 redarguens.

180 2120 350 2188 lluhauias
364 2139 442 2187 uero
456 2121 542 2188 filius
556 2120 686 2187 Eluelid
700 2120 804 2188 aciem
819 2120 938 2188 direxit
951 2129 1064 2188 eontra
1077 2120 1269 2186 Romaniam

96 2238 128 2298 et
149 2231 285 2298 ueniens
317 2250 420 2316 usquc
441 2231 476 2297 in
497 2230 753 2315 Paphlagoniam
790 2230 887 2298 rediit
914 2251 985 2297 cum
1012 2230 1137 2317 pracda
1157 2230 1268 2297 multa

95 2350 147 2409 ast
174 2342 349 2425 imperator
377 2348 491 2408 contra
518 2360 638 2427 papam
666 2348 742 2407 aute
763 2361 925 2409 recessum
947 2342 1069 2408 Romae
1090 2360 1129 2406 ac
1151 2340 1268 2408 Italiae

49 2468 79 2518 15
96 2451 263 2519 saeuiebat
283 2458 562 2535 constructumque
584 2452 700 2519 stolum
724 2472 874 2537 magnum
899 2450 1018 2518 direxit
1032 2450 1190 2518 aduersus
1210 2469 1268 2518 cos

94 2563 213 2628 Manen
244 2568 425 2648 praetorem
460 2562 739 2647 Cybireotensium
775 2568 872 2648 caput
907 2562 941 2627 in
979 2563 1026 2629 eis
1059 2562 1268 2629 constituens.

93 2679 169 2737 tuno
191 2672 396 2757 impugnator
417 2670 470 2737 dei
492 2673 691 2758 peramplius
722 2673 873 2740 saeuiens
903 2690 975 2737 cum
997 2671 1137 2738 Arabico
1166 2691 1267 2739 sensu

93 2787 258 2848 teneretur
279 2781 399 2847 tributa
420 2782 574 2866 capitalia
595 2782 709 2849 tertiae
738 2783 823 2865 parti
853 2782 985 2847 Siciliae
1014 2801 1072 2848 seu
1096 2780 1270 2847 Calabriae

95 2891 225 2974 populis
247 2890 507 2975 superimposuit,
545 2911 585 2957 ea
605 2910 682 2957 uero
705 2910 788 2975 quae
810 2890 958 2956 dicuntur
979 2890 1176 2973 patrimonia
1197 2909 1270 2957 san·

47 3020 78 3071 20
95 3007 217 3065 otorum
238 3000 420 3085 principum
442 3002 670 3086 apostolorum,
693 3019 776 3084 quae
798 2999 840 3065 ab
862 2999 940 3063 olim
962 2999 1108 3066 ecclesiis
1130 2998 1201 3065 auri
1223 2998 1270 3064 di·

95 3109 229 3174 midium
258 3116 291 3176 et
317 3111 380 3176 tria
402 3111 611 3177 conterebant
637 3111 771 3194 talenta,
808 3108 959 3194 publicae
990 3109 1107 3176 rationi
1142 3109 1269 3176 exsolui

94 3221 278 3305 praecepit:
301 3220 507 3288 considerare
528 3221 626 3288 etiam
648 3240 688 3286 ac
709 3219 894 3288 describere
915 3227 1009 3288 natos
1032 3239 1139 3287 mares
1154 3219 1270 3287 iubens

95 3338 130 3396 ut
151 3330 279 3396 Pharao
301 3330 464 3416 quondam
486 3351 543 3399 cos
566 3333 621 3416 qui
643 3337 735 3398 erant
757 3351 798 3398 ex
820 3329 988 3407 Hebraeis,
1018 3331 1104 3415 quod
1126 3349 1185 3396 neo
1205 3329 1272 3415 ipsi

94 3442 240 3525 magistri
263 3441 334 3508 eius
349 3441 474 3509 Arabes
495 3441 530 3506 in
545 3440 748 3508 Christianos
772 3442 827 3526 qui
849 3440 883 3506 in
906 3441 953 3507 eis
975 3448 1050 3508 sunt
1072 3440 1137 3507 oris
1154 3439 1270 3506 iecisse

48 3571 79 3620 ts
96 3559 280 3618 noscuntur.

180 3662 275 3727 Anno
297 3661 424 3746 imperii
440 3662 558 3728 Leonis
581 3660 862 3745 septimodecimo
885 3661 970 3727 lacta
992 3667 1043 3728 est
1063 3661 1243 3730 mortalitas
1264 3665 1330 3733 XX

96 3773 131 3837 iu
153 3771 250 3856 Syria
271 3771 427 3855 multique
448 3771 623 3857 perierunt.

181 3882 275 3946 Anno
304 3881 432 3965 imperii
459 3882 578 3948 Leonis
606 3888 720 3947 octauo
747 3879 873 3947 docimo
902 3881 1077 3948 Zacharias
1106 3883 1272 3948 Romanus

97 3991 227 4076 praesul
271 3990 418 4057 habetur.
490 3990 668 4076 codemque
717 4010 802 4059 auno
839 3990 1030 4056 Theodorus
1067 3990 1201 4056 Mansur
1237 3990 1270 4054 in

48 4117 81 4167 so
97 4100 228 4166 erilium
257 4101 375 4167 missus
403 4106 454 4167 cst
481 4101 568 4185 apud
597 4101 728 4167 climata
756 4101 855 4166 ercmi
879 4100 1049 4165 etinctum
1072 4100 1270 4183 estsignum

96 4212 127 4276 in
145 4212 234 4276 caelo
250 4211 380 4294 igneum
395 4211 608 4295 resplendens
624 4219 656 4277 et
670 4210 840 4277 Muhauias
855 4210 968 4276 Asiam
984 4208 1197 4294 depopulatus
1213 4216 1271 4276 cst.

168 4620 295 4684 tquarto
313 4645 346 4654 -
364 4619 448 4669 mouit
465 4615 493 4669 ia
511 4630 565 4668 ras.
584 4614 656 4669 inl)
717 4593 883 4684 stcyphari
900 4611 1060 4667 arbitrul'll
1153 4616 1183 4666 tt
1201 4612 1274 4667 eluc-

97 4705 133 4759 lrd
155 4706 208 4760 ΒΡ
230 4707 294 4769 (scd
318 4706 345 4761 P
369 4712 396 4761 ‘a
422 4723 505 4761 mauu
529 4706 753 4769 emerrdatricc'):
779 4706 882 4760 Hisami
904 4706 1067 4760 Anastasius
1092 4709 1120 4760 et
1144 4703 1274 4777 Boupor-

97 4800 192 4853 sieaus
263 4804 293 4854 1³
319 4816 354 4854 rm
377 4784 606 4872 pephlagomdl)
712 4804 742 4854 lo
769 4781 1032 4870 cybiregiotenlu'rl)
1120 4803 1151 4853 ts
1168 4798 1274 4868 populis

96 4893 212 4964 scripsi.-
229 4892 366 4962 popuer
435 4898 468 4947 30
484 4892 629 4950 heremrli
