2834 5394
562 747 635 796 oar.
657 749 853 798 xvr-xvrm
1217 744 1281 806 517

103 904 207 970 uitute
226 900 310 966 liber
331 899 464 965 effeetus
485 918 557 964 oum
578 900 723 968 uenisset
744 901 787 967 ad
803 902 1047 988 rempublicam
1063 907 1278 974 Romanorum
1312 912 1317 921 '

105 1015 146 1080 ob
174 1011 272 1078 robur
299 1008 444 1095 corporis
472 1015 504 1074 θῖ
532 1028 724 1078 consensum
759 1030 882 1096 prauae
911 1013 1072 1097 opinionis
1086 1032 1090 1043 ·
1103 1016 1279 1087 honoratus

103 1132 153 1192 est
175 1123 216 1188 ab
239 1119 353 1188 eodem
374 1119 484 1184 Leone
512 1120 567 1203 qui
595 1128 627 1186 θῖ
648 1121 835 1206 imperatori
857 1123 963 1188 fautor
989 1123 1024 1190 in
1049 1127 1159 1211 magni
1181 1127 1278 1196 huius

103 1234 181 1300 mali
208 1232 335 1316 piaculo
365 1231 467 1297 lactus
495 1236 555 1296 est.
599 1230 816 1298 concordabat
843 1239 951 1298 autem
986 1234 1016 1300 ei
1045 1242 1077 1301 et
1105 1238 1278 1324 episcopus

72 1344 273 1422 tNaooliae‚
310 1341 365 1424 qui
405 1339 694 1426 indisciplinationi
733 1341 802 1409 eius
837 1361 970 1428 operam
997 1344 1081 1412 dans
1119 1347 1279 1415 consimili

105 1456 173 1520 uita
195 1451 327 1518 uiuebat
348 1469 421 1516 oum
443 1450 525 1535 ipso.

185 1564 280 1628 Anno
302 1580 380 1627 uero
402 1560 529 1646 imperii
551 1560 671 1627 Leonis
693 1569 808 1628 octauo
845 1568 988 1631 mortuus
1011 1572 1060 1632 est
1083 1565 1179 1632 Gizid
1200 1568 1278 1633 Ara·
1301 1558 1334 1623 X
1392 1564 1417 1618 ¹¹

100 1675 176 1740 bum
199 1673 266 1739 dux
295 1672 351 1754 qui
373 1671 516 1738 succedit
536 1670 665 1737 Eluelid
693 1671 789 1739 huius
817 1671 902 1739 filins
923 1680 956 1739 et
977 1674 1083 1759 eoepit
1104 1675 1277 1744 aedificare

100 1805 159 1870 per
181 1784 328 1849 ciuitates
351 1792 383 1847 et
405 1780 554 1864 regiones
576 1782 700 1866 palatia
721 1788 753 1847 et
775 1782 911 1849 nouales
930 1784 1036 1849 laoere
1058 1791 1090 1851 θῖ
1104 1786 1277 1870 paradisos
1305 1872 1308 1878 Ι

53 1903 85 1954 ro
103 1902 135 1961 et
157 1914 260 1976 aquas
282 1891 427 1960 educere.
472 1891 573 1956 mouit
594 1892 693 1958 etiam
715 1893 819 1958 aciem
848 1897 960 1958 eontm
980 1895 1171 1961 Romaniam
1199 1898 1278 1964 mul-

102 2005 208 2088 tisque
229 2023 338 2069 eorum
361 2002 416 2087 qui
439 2020 547 2069 secum
569 2009 663 2068 erant
684 2002 815 2070 amissis
837 2023 988 2071 reuersus
1011 2011 1071 2071 est.

184 2113 279 2179 Anno
306 2111 433 2198 imperii
456 2112 507 2179 sui
535 2132 621 2178 nono
653 2112 758 2196 coepit
785 2113 905 2198 impius
935 2114 1111 2198 imperator
1132 2115 1200 2182 Leo
1222 2116 1276 2183 de·

99 2225 271 2311 positionis
294 2230 406 2290 contra
426 2230 556 2290 sanctas
570 2229 602 2288 et
613 2224 819 2290 uenerabiles
831 2223 991 2307 imagines
1008 2225 1115 2291 lacere
1129 2225 1276 2292 uerbum.

100 2335 278 2420 quodcum
300 2333 467 2401 didicisset
480 2332 656 2416 Gregorius
678 2353 767 2418 papa
785 2335 951 2401 Romanus
973 2334 1095 2401 tributa
1107 2337 1276 2403 Romanae

52 2446 187 2512 tombis
209 2443 374 2530 prohibuit
392 2449 425 2510 et
436 2443 552 2509 Italiae
570 2443 716 2511 scribens
730 2442 773 2509 ad
787 2444 929 2511 Leonem
950 2445 1124 2529 epistulam
1145 2445 1277 2531 dogma·

97 2556 193 2622 ticam
216 2575 281 2621 non
303 2560 451 2640 oportere
471 2553 698 2639 imperatorem
720 2553 762 2620 de
782 2554 845 2621 fide
867 2555 973 2621 lacere
993 2555 1129 2622 uerbum
1158 2563 1191 2622 et
1219 2576 1278 2623 no·

99 2667 201 2731 nitate
235 2667 359 2730 uiolare
389 2663 522 2746 antiqua
555 2662 710 2747 dogmata
739 2665 895 2731 ecclesiae
923 2664 1102 2733 catholicae
1138 2685 1222 2749 quae
1255 2686 1277 2733 a

99 2776 220 2842 sanctis
242 2773 389 2857 patribus
412 2778 488 2839 sunt
509 2772 707 2856 praedicata.

183 2884 278 2949 Anno
306 2881 433 2966 imperii
461 2881 581 2947 Leonis
609 2881 734 2948 decimo
764 2883 864 2948 mouit
895 2884 1070 2949 exereitum
1098 2884 1276 2951 Masalmas

50 3006 83 3057 20
99 3001 211 3059 contra
237 2992 427 3058 Romaniam
457 2997 490 3055 et
517 2989 713 3057 Caesaream
742 2992 969 3078 Cappadociae
1006 3000 1038 3058 et
1074 2995 1160 3077 oepit
1192 3012 1274 3061 eam.

97 3102 270 3169 hluhauias
291 3121 369 3168 uero
392 3100 478 3166 filius
498 3100 625 3166 Eluelid
649 3102 751 3167 aciem
773 3103 873 3168 mouit
895 3110 1007 3169 contra
1028 3104 1221 3170 Romaniam
1243 3111 1275 3173 et

96 3234 167 3280 oum
190 3212 432 3279 deambulasset
453 3229 608 3278 reuersus
630 3218 690 3278 est.

180 3324 219 3389 ln
240 3323 312 3407 ipso
333 3341 420 3415 anno
441 3320 568 3387 aestiuo
590 3325 734 3406 tempore
764 3342 866 3407 uapor
892 3330 927 3388 ut
961 3342 1003 3389 ex
1030 3324 1157 3389 camino
1186 3325 1273 3408 ignis
1296 3329 1408 3396 XVIII

95 3435 186 3501 uisus
209 3439 259 3500 est
280 3432 416 3498 ebullire
438 3431 523 3495 inter
544 3430 685 3497 Theram
708 3439 740 3497 et
761 3431 954 3498 Therasiam
978 3433 1102 3500 insulas
1131 3453 1172 3500 ex
1201 3455 1273 3519 pro

48 3560 80 3610 as
96 3543 195 3609 tundo
216 3543 316 3608 maris
338 3562 397 3626 per
418 3541 541 3623 aliquot
563 3540 649 3623 dies,
673 3560 736 3624 quo
758 3542 915 3627 paulatim
937 3543 1117 3610 incrassato
1139 3551 1171 3609 ot
1194 3544 1273 3610 dila

95 3660 162 3719 tato
191 3652 284 3736 igniti
315 3657 425 3718 aestus
451 3650 603 3717 incendio
632 3657 718 3718 totus
746 3653 851 3720 fumus
878 3653 994 3737 igneus
1022 3654 1272 3722 monstrabatur.

96 3783 191 3848 porro
213 3761 428 3827 crassitudine
449 3768 597 3827 terrenae
621 3762 822 3828 substantiae
844 3763 988 3848 petrinos
1010 3763 1155 3849 pumices
1176 3784 1273 3848 gran-

95 3873 154 3939 des
177 3878 210 3937 ut
232 3870 376 3937 cumulos
398 3869 555 3952 quosdam
576 3872 755 3939 transmisit
776 3892 835 3958 per
856 3879 956 3938 totam
978 3872 1135 3939 minorem
1157 3874 1271 3940 Asiam

95 3989 126 4048 et
146 3983 286 4048 Lesbum
308 3980 459 4073 Abydum
481 3987 514 4047 et
535 3981 696 4048 maritima
717 3980 927 4048 Macedoniae
948 3983 995 4048 ita
1016 3989 1050 4049 ut
1072 3989 1139 4048 tota
1161 4002 1273 4066 super·

46 4108 78 4159 oo
95 4093 184 4159 ficies
208 4091 306 4158 maris
328 4090 424 4156 huius
446 4091 626 4176 pumicibus
649 4091 936 4176 supernatantibus
957 4098 1044 4158 esset
1065 4093 1198 4177 repleta.
1236 4092 1271 4159 in

94 4202 200 4268 medio
223 4208 329 4266 autem
351 4200 433 4265 tanti
456 4199 541 4282 ignis
563 4201 670 4267 insula
693 4222 733 4266 ex
750 4208 856 4268 terrae
871 4200 1021 4287 congerie
1036 4202 1120 4267 facta
1143 4201 1270 4269 insulae

94 4394 145 4400 ---
153 4391 279 4399 ..ψ-...-
287 4390 394 4398 ·.——--

162 4502 172 4549 1
193 4481 378 4564 rhpublrcal)
480 4497 495 4546 2
514 4493 642 4547 contentu
660 4492 686 4547 Ι)
777 4497 889 4563 anagn
915 4492 942 4549 J>
1028 4494 1158 4549 §eluelid
1173 4496 1177 4563 Ι
1192 4495 1274 4550 hurut

91 4586 166 4641 hbui
181 4587 239 4659 Dp:
256 4587 347 4641 lblam
365 4584 445 4640 hunul
460 4585 545 4640 frater
562 4585 589 4640 P
672 4591 743 4654 cepit
760 4585 786 4640 Ι)
891 4592 921 4640 10
938 4586 1037 4642 nulmr
1058 4575 1123 4644 eorh
1140 4586 1167 4643 Ι)
1237 4592 1268 4643 12

93 4679 208 4747 ceprtD
289 4685 318 4734 14
336 4694 448 4734 romana
464 4678 491 4733 D
589 4683 618 4732 15
637 4678 772 4748 eplamI)
859 4683 889 4733 18
907 4679 1025 4750 pathnb;
1050 4679 1077 4736 Ι)
1161 4684 1194 4735 20
1212 4679 1269 4736 Ro·

91 4786 207 4824 mansam
224 4772 248 4824 ds
264 4789 315 4827 om.
334 4773 360 4828 I)
426 4772 588 4843 cappadotre
607 4771 633 4828 D
731 4774 764 4825 21
782 4772 873 4826 therei
888 4771 912 4826 da
928 4773 1058 4827 therasius
1073 4774 1100 4828 1>
1176 4777 1208 4827 25
1227 4790 1267 4828 m·

93 4864 225 4922 crassatur
241 4863 268 4918 D
343 4870 375 4920 27
393 4865 555 4935 petrmail)
628 4868 661 4919 29
680 4864 789 4920 abidum
807 4864 833 4919 I)
901 4871 932 4920 21
952 4865 1036 4922 insule
1054 4880 1086 4921 ex
1101 4866 1128 4921 1)
