2834 5394
461 691 570 738 mnnx
593 690 831 739 cnrlrvnoswr

52 842 204 899 antistitem
222 839 279 894 adit
294 839 503 910 supplicansque
514 855 542 894 se
553 854 617 909 pae-

56 935 187 990 nitentiae
210 933 295 987 offert.

90 1032 104 1079 t
140 1026 276 1080 Ambrosii
299 1026 335 1080 ad
352 1027 539 1096 imperatorem
557 1040 618 1080 ora-

55 1120 103 1183 tio,
122 1118 250 1188 quidnam
267 1118 358 1173 lacere
376 1119 491 1183 deberet
511 1125 541 1172 ut
554 1133 618 1188 pae-

56 1214 143 1268 nitere
160 1212 226 1266 laoti
244 1211 362 1266 crudelis
380 1228 440 1266 eum
458 1218 618 1280 appareret:

58 1305 258 1373 Theodosiique
270 1305 432 1359 obedientia.
450 1305 493 1359 lex
506 1304 619 1358 aTheo-

56 1398 132 1453 dosio
151 1398 258 1466 publice
275 1399 388 1451 sancita.

91 1495 106 1545 8
141 1490 309 1544 Theodosius
333 1491 360 1543 in
387 1491 527 1544 ecclesiam
551 1490 618 1544 roci-

55 1585 129 1654 pitur
154 1591 181 1638 et
204 1583 312 1651 publice
337 1599 414 1637 suam
442 1583 548 1652 eulpam
572 1583 618 1638 de-

55 1677 152 1746 plorat.
188 1692 203 1730 e
221 1676 348 1730 cancellis
369 1673 458 1744 egredi
476 1676 564 1731 iussus
582 1677 617 1730 ab

56 1769 208 1831 Ambrosio,
234 1769 306 1836 quod
332 1769 380 1822 illa
402 1768 530 1823 interiora
557 1770 619 1824 loca

56 1862 163 1916 scilicet
188 1860 373 1915 sacerdotibus
397 1861 492 1915 saltem
519 1877 617 1917 conue-

56 1955 153 2009 nirent.

91 2052 107 2100 9
135 2045 318 2107 Theodosius
357 2046 617 2117 Constantinopolim

56 2155 189 2203 reuersus,
216 2141 355 2208 praecepti
373 2140 546 2195 Ambrosiani
563 2158 618 2197 me-

57 2248 123 2297 mor,
141 2248 190 2286 nec
198 2233 237 2286 ibi
252 2233 323 2286 intra
332 2233 467 2288 cancellos
475 2235 619 2301 persistere

58 2326 151 2380 uoluit.
177 2327 295 2380 coniunx
313 2325 370 2379 eius
387 2326 434 2394 pia
450 2326 504 2395 ipsi
520 2327 556 2383 ad
571 2329 618 2397 pia

56 2434 139 2488 opera
156 2419 320 2473 incentiuum
338 2419 455 2486 insuper.

92 2517 123 2564 10
157 2509 303 2566 Theodosii
322 2511 444 2579 coniugis
472 2531 538 2571 cura
556 2529 618 2584 erga

57 2602 177 2666 claudos,
195 2603 310 2670 debiles3
330 2604 390 2671 ipsa
408 2601 489 2655 etiam
506 2615 554 2669 per
571 2615 617 2654 xe·

57 2695 192 2749 nodochio
209 2694 362 2749 discurrens
386 2701 413 2748 et
437 2693 550 2747 infirmis
568 2693 616 2747 mi-

57 2789 184 2852 nistrans,
211 2788 239 2840 iu
266 2788 312 2841 illa
338 2788 461 2856 quamuis
488 2786 619 2853 dignitate

58 2881 212 2933 constituta.
237 2881 294 2934 eins
311 2880 348 2948 pii
367 2880 401 2934 ad
412 2879 552 2947 coniugem
568 2878 617 2931 im·

56 2979 208 3040 potatorem
225 2988 368 3027 sermones.

94 3072 120 3119 ll
158 3065 296 3134 Eugenius
321 3082 353 3120 ex
370 3064 544 3134 grammatico
569 3077 618 3117 an-

56 3158 196 3226 tigraphus
213 3158 397 3213 Valentiniani
415 3156 556 3225 adsumpto
566 3157 617 3208 Ar-

56 3251 168 3318 hogaste
192 3252 271 3306 Gallo
301 3252 417 3306 barbaro
443 3249 551 3304 homine
583 3247 618 3301 ad

55 3344 225 3414 tyrannidem
260 3344 385 3399 declinat.
434 3341 618 3397 Valentiniani

57 3453 148 3491 eorum
175 3438 282 3492 insidiis
300 3438 374 3492 lacta
391 3436 494 3492 caedes.
529 3434 617 3488 Arbo-

56 3538 145 3597 gastes
162 3531 312 3598 Eugenium
335 3531 524 3597 imperatorem
544 3532 619 3581 creat

58 3629 197 3676 contracto
215 3638 311 3691 magno
329 3622 458 3676 exercitu.

93 3720 123 3766 12
159 3714 340 3777 Theodosius,
358 3714 478 3768 Honorio
496 3712 552 3767 lilio
569 3713 618 3766 im-

58 3813 183 3874 peratore
202 3806 355 3873 designato,
379 3806 535 3875 priusquam
554 3819 618 3859 con-

58 3897 129 3951 sulto
142 3899 243 3952 Ioanne
261 3899 391 3952 monacho
411 3897 520 3952 debelii
537 3912 617 3952 euen-

56 3997 96 4054 tu,
114 3997 209 4044 contra
226 3991 379 4059 Eugenium
403 3990 591 4060 proficiscitur.

94 4088 121 4136 13
157 4083 305 4138 Theodosii
339 4085 367 4137 in
391 4084 491 4138 somnis
526 4081 620 4137 diuina

55 4177 134 4241 nisio,
154 4193 209 4246 qua
226 4177 261 4232 ad
278 4176 378 4231 bellum
396 4175 577 4231 confirmatus.

93 4274 121 4322 ll
157 4269 304 4324 Theodosii
322 4285 383 4324 cunr
400 4269 522 4338 tyrannis
540 4285 617 4338 proe-

56 4361 126 4415 lium.

91 4460 121 4508 15
156 4456 236 4510 Venti
264 4456 424 4510 miraculose
454 4472 504 4525 pro
530 4457 618 4512 Theo·

56 4543 131 4600 dosio
159 4556 255 4603 contra
277 4549 369 4603 hostes
396 4556 526 4617 pugnant.
561 4550 618 4605 Eu-

54 4637 127 4704 genii
143 4645 170 4692 et
186 4641 345 4709 Arbogastis
369 4642 504 4697 interitus.
540 4642 619 4698 Clau·

56 4728 152 4784 dianm
173 4737 262 4799 poeta.

106 4824 220 4866 Hrsroau
233 4836 352 4869 nraosnnr

1176 678 1235 740 ott

707 843 736 893 ts
762 838 914 892 Monstrum
938 839 1015 907 pueri
1033 839 1169 894 Emaunte
1186 856 1236 897 na-

670 937 734 986 tum.
777 931 914 985 Honorius
949 930 1053 986 Romae
1087 932 1236 1002 imperator

669 1025 818 1080 ordinatus.
853 1023 999 1079 Theodosii
1017 1024 1117 1079 obitus.

707 1123 735 1171 li
772 1116 918 1171 Theodosii
936 1117 1058 1185 elogium.

708 1214 738 1263 18
772 1210 852 1278 plura
869 1209 903 1264 de
920 1210 1067 1265 Theodosii
1088 1211 1237 1266 uirtutibus

671 1308 699 1358 et
716 1302 828 1371 egregiis
845 1302 973 1357 moribus.
1008 1304 1066 1358 eius
1087 1306 1236 1373 sepultura.

671 1395 762 1450 Rufini
794 1395 925 1464 praelecti
955 1395 987 1450 de
1020 1397 1163 1466 tyrannide
1190 1413 1235 1453 su·

670 1489 758 1557 specti
775 1488 907 1542 interitus.

707 1586 736 1635 tu
763 1581 897 1635 Arcadius
914 1581 1105 1650 imperatorin
1123 1583 1235 1649 oriente,

669 1674 805 1728 Honorius
823 1674 851 1727 iu
860 1673 1009 1738 occidente,
1022 1674 1164 1729 XXXXVI
1174 1677 1234 1732 loco

669 1767 704 1819 ab
730 1768 861 1834 Augusto.
903 1782 987 1821 causa
1020 1783 1074 1836 qua
1098 1776 1235 1838 permotus

669 1859 805 1914 Honorius
823 1858 915 1913 ludum
931 1858 1122 1928 gladiatorium
1132 1860 1235 1918 Rornae

668 1953 820 2007 remouerit.
855 1952 1016 2007 Hunnorum
1054 1953 1170 2023 irruptio
1204 1963 1231 2010 et

669 2045 825 2099 Isaurorum
841 2055 1019 2112 grassaturas.

702 2141 735 2191 20
770 2137 909 2191 Stiliconis
925 2139 1085 2206 auctoritas,
1114 2142 1234 2209 magistri

668 2244 802 2284 armorum
820 2230 1058 2298 apudHonorium.
1083 2233 1233 2287 contractis

668 2323 815 2377 inimicitiis
833 2339 894 2378 cum
909 2324 1020 2379 Arcadii
1037 2324 1152 2380 ducibus
1169 2341 1234 2381 con·

668 2422 712 2470 tra
730 2431 776 2470 eos
794 2416 892 2470 bellum
910 2418 1063 2474 meditatur.
1093 2419 1234 2474 Alaricum

668 2524 756 2577 regem
775 2509 925 2564 Gothorum
943 2512 1101 2580 magistrum
1117 2512 1231 2567 militum

669 2602 819 2657 constituit.
846 2603 938 2671 ingens
956 2610 1045 2659 terrae
1062 2610 1151 2659 motus
1161 2604 1230 2660 Con·

667 2695 851 2763 stautinopoli.

704 2792 733 2841 21
772 2787 905 2842 Arcadius
931 2789 960 2842 in
977 2789 1057 2843 domo
1076 2789 1179 2859 Caryae
1203 2791 1232 2843 in

669 2881 789 2934 oratorio
807 2880 932 2948 precibus
951 2894 1065 2944 uacans,
1095 2893 1126 2935 ut
1143 2881 1232 2949 egredi

670 2971 763 3036 uoluit,
789 2987 820 3024 ea
838 2972 928 3026 subito
955 2979 1013 3026 tota
1031 2980 1125 3027 ruente
1151 2975 1231 3028 mira-

669 3064 760 3119 biliter
778 3079 796 3118 a
813 3064 862 3118 deo
881 3072 1013 3118 seruatus.

703 3160 736 3210 22
771 3156 893 3211 Gildonis
928 3158 956 3210 iu
987 3156 1081 3213 Africa
1114 3159 1235 3214 rebellio.

670 3256 767 3304 contra
784 3265 844 3304 eum
871 3250 968 3304 missus
993 3251 1051 3305 eius
1068 3250 1155 3305 frater
1172 3253 1231 3306 llla-

670 3342 750 3407 cezil,
781 3343 827 3412 qui
845 3343 873 3395 in
891 3341 943 3396 tide
959 3343 1119 3411 permansit,
1145 3346 1232 3400 uicto·

668 3435 737 3490 riam
763 3435 856 3489 diuino
884 3435 985 3490 auxilio
1015 3443 1145 3491 meretur:
1173 3436 1231 3491 Gil-

670 3529 800 3596 donisque
817 3528 950 3582 interitus.

703 3625 735 3675 23
762 3621 879 3675 Macezil
895 3637 984 3676 rerum
1002 3621 1179 3677 secundarum
1189 3623 1231 3678 in·

669 3715 785 3769 selentia
815 3715 902 3768 elatus
927 3720 1012 3768 tumet
1038 3715 1232 3785 ecclesiamque

669 3807 713 3861 dei
738 3808 792 3862 iam
815 3812 946 3861 temerare
976 3807 1064 3861 audet.
1107 3809 1154 3862 sed
1178 3824 1232 3862 non

668 3901 786 3969 impune,
805 3916 867 3953 mox
885 3908 912 3953 et
929 3901 1018 3968 ipsum
1031 3916 1119 3969 poena
1131 3909 1232 3954 secuta.

704 3997 736 4047 24
755 3993 888 4046 Arcadius
899 3992 982 4045 lilium
991 3993 1134 4060 paruulum
1145 3993 1231 4047 Theo·

669 4085 776 4140 dosium
802 4085 988 4154 imperatorem
1014 4086 1164 4148 constituit,
1189 4091 1232 4139 tu·

669 4183 728 4232 tore
753 4194 801 4247 per
828 4183 1018 4232 testamentum
1045 4176 1118 4232 dicto
1141 4176 1232 4231 ilisdi·

668 4271 749 4340 gorde
774 4285 835 4339 rege
861 4271 1004 4325 Persarum
1039 4270 1086 4339 qui
1121 4269 1233 4325 tutelam

671 4365 790 4434 suscepit
808 4363 903 4418 liberis.
937 4378 992 4433 pax
1009 4364 1079 4417 inter
1094 4362 1233 4417 Romanos

672 4463 698 4511 et
714 4457 813 4511 Persas
844 4455 1093 4525 Christianismique
1120 4456 1149 4510 in
1165 4456 1231 4510 Per·

670 4550 729 4604 side
746 4549 878 4603 dilatatio.
913 4546 1025 4602 Arcadii
1042 4549 1140 4602 obitus.

706 4647 737 4695 25
773 4641 912 4696 Stiliconis
936 4656 999 4709 erga
1015 4641 1167 4695 Honorinnr
1190 4641 1233 4694 in·

671 4733 807 4802 gratitudo
833 4740 861 4787 et
886 4733 1015 4802 perfidia,
1041 4749 1152 4803 regum
1175 4733 1232 4789 iiiia

994 4840 1024 4889 il
