2834 5394
538 714 611 763 cnr.
634 714 835 762 nxm-nxvr
1198 699 1255 761 461

87 888 159 932 eum
183 866 323 951 plurima
352 874 440 933 esset
461 865 603 932 Arabum
632 866 736 951 copia.
780 866 870 931 uenit
896 885 972 950 ergo
995 866 1190 932 Sacellarius
1218 864 1262 930 ad

88 977 246 1042 Bahanen
268 977 323 1061 qui
345 977 478 1061 protecti
501 976 543 1042 ab
565 977 705 1043 Hemesa
726 984 932 1042 occurrerunt
953 976 1113 1043 Arabibns
1135 983 1168 1043 et
1189 995 1262 1042 con·

90 1088 163 1155 silio
185 1088 268 1153 facto
290 1088 395 1171 prima
416 1086 469 1152 die
492 1106 575 1170 quae
596 1086 692 1151 tertia
713 1087 794 1153 teria
816 1085 1029 1153 hebdomadis
1050 1094 1120 1153 erat
1141 1087 1262 1154 mensis

90 1197 237 1282 Augusti,
265 1196 318 1262 die
340 1197 495 1264 uicesima
521 1197 617 1262 tertia
645 1202 838 1281 superantur
866 1195 901 1260 hi
930 1197 985 1281 qui
1014 1197 1100 1262 circa
1122 1197 1263 1264 Sacella-

56 1309 174 1378 crium
197 1316 272 1374 sunt
294 1308 427 1373 inuenti.
472 1308 634 1373 simultate
662 1314 769 1372 autem
792 1307 877 1372 tacta
899 1304 933 1371 hi
956 1307 1009 1391 qui
1032 1326 1103 1371 oum
1127 1307 1262 1373 Bahane

90 1425 191 1500 erant,
214 1417 371 1483 Bahanen
394 1417 577 1502 p1·0uehunt
598 1417 824 1500 imperatorem
847 1417 1074 1483 etHeraclium
1096 1425 1262 1503 respuunt.

89 1539 164 1593 tune
197 1525 231 1593 hi
265 1528 319 1612 qui
353 1548 425 1592 cum
448 1528 624 1594 Sacellario
658 1535 760 1609 erant,
799 1527 1018 1595 discesserunt
1047 1536 1080 1594 et
1107 1529 1263 1595 Saraceni

91 1637 181 1703 aditu
215 1645 342 1722 reperto
376 1638 494 1703 bellurn
528 1640 649 1704 ineunt.
694 1638 777 1702 inter
808 1637 889 1702 hacc
920 1643 1016 1704 uento
1047 1645 1122 1705 noto
1152 1645 1264 1704 contra

90 1750 253 1814 Romanos
283 1749 427 1832 spirante
456 1769 521 1812 non
550 1749 695 1814 ualentes
724 1748 863 1814 inimicis
891 1749 925 1813 in
954 1749 1068 1814 taciem
1097 1768 1263 1814 occurrere

43 1878 73 1928 tc
92 1866 222 1944 propter
244 1859 409 1943 puluerem
427 1868 621 1943 superantur
635 1864 667 1923 et
683 1865 784 1923 semet
799 1859 887 1943 ipsos
902 1857 1110 1925 immittentes
1124 1859 1159 1924 in
1173 1856 1272 1925 artas

93 1969 163 2035 uias
186 1968 441 2033 Hiermuchthan
463 1967 603 2034 fluminis
626 1968 691 2032 illic
713 1968 843 2052 penitus
872 1969 1046 2052 perierunt.
1090 1976 1183 2034 erant
1208 1988 1265 2034 au·

91 2087 155 2144 tem
191 2080 356 2162 utriusque
393 2079 552 2163 praetoris
590 2079 680 2143 milia
716 2078 942 2162 quadraginta.
995 2086 1072 2144 tunc
1108 2079 1264 2145 Saraceni

92 2188 263 2273 splendide
285 2187 521 2273 triumphantes
544 2195 655 2252 contra
675 2189 871 2254 Damascum
893 2188 1028 2254 ueniunt
1055 2195 1087 2255 et
1108 2189 1192 2254 hane
1213 2208 1265 2255 ca·

93 2299 185 2384 piunt
207 2305 239 2363 et
260 2299 409 2382 regiones
432 2296 611 2363 Phoenices
640 2305 672 2363 et
700 2297 847 2364 habitant
876 2298 943 2362 illic
971 2299 1058 2364 etin
1079 2300 1265 2384 Aegyptum

45 2434 75 2484 15
92 2409 194 2474 aciem
217 2407 369 2491 dirigunt.

177 2517 281 2602 Cyrus
303 2525 410 2583 autem
426 2517 665 2585 Alexandrinus
688 2518 859 2603 episcopus
881 2538 954 2583 cum
976 2518 1089 2583 horum
1111 2520 1265 2605 impetum
1287 2517 1393 2584 LXVI

93 2629 308 2712 cognouisset‚
337 2647 482 2713 operam·
497 2627 587 2693 dedit
618 2637 650 2694 et
672 2630 776 2712 pactis
799 2630 934 2696 firmatis
957 2630 1127 2713 pollicetur
1147 2631 1265 2696 timens

94 2739 264 2804 auaritiam
288 2758 397 2803 corum
420 2738 559 2803 ducenta
580 2739 671 2803 milia
693 2738 899 2804 denariorum
921 2759 978 2823 per
1001 2739 1147 2822 singulos
1162 2759 1266 2805 annos

94 2850 283 2914 collaturam
306 2848 372 2914 illis
394 2848 577 2933 Aegyptum
601 2848 659 2915 sed
689 2857 720 2913 ct
748 2849 957 2913 diffinitarum
987 2849 1035 2915 cis
1064 2848 1266 2913 induciarum

43 2983 77 3034 20
96 2961 163 3025 tore
186 2979 298 3023 aurum
321 2959 503 3024 missurum.
548 2959 664 3042 quibus
687 2959 851 3042 praestitis
873 2977 931 3043 per·
954 2965 1020 3025 tres
1035 2978 1139 3024 annos
1161 2958 1266 3042 Aegy·

94 3078 184 3154 ptum
206 3069 344 3134 liberam
367 3070 408 3133 ab
432 3070 621 3134 exterminio
650 3069 772 3133 statuit.
817 3075 987 3135 accusatur
1015 3069 1140 3134 interca
1162 3067 1266 3149 Cyrus

94 3179 180 3264 allud
214 3180 438 3263 imperatorem
473 3179 558 3263 quod
590 3199 703 3243 aurum
732 3180 871 3263 Aegypti
905 3179 1076 3245 Saracenis
1109 3178 1266 3262 tribuerit,

95 3291 148 3373 qui
186 3308 257 3353 cum
294 3289 395 3354 iratus
433 3289 589 3372 misisset,
628 3289 712 3353 hunc
748 3288 928 3353 accersiuit.
978 3289 1160 3355 Manuelem
1189 3310 1266 3356 nero

94 3397 255 3482 quendam
271 3399 458 3463 Armenium
479 3419 599 3482 genere
614 3398 790 3464 destinauit
804 3399 1025 3482 Augustalcm.
1070 3420 1142 3463 cum
1159 3408 1266 3465 autem

44 3531 77 3579 25
94 3530 198 3574 annus
221 3508 417 3592 adimpletus
440 3516 535 3585 esset,
570 3509 802 3574 Saracenorum
827 3517 951 3574 actores
973 3518 1132 3574 uenerunt
1153 3530 1267 3576 aurum

95 3620 252 3702 accipere.
297 3626 348 3684 ast
375 3619 505 3684 lllanuel
535 3619 718 3685 inefficaces
749 3640 804 3685 eos
834 3619 968 3704 expellit
996 3627 1077 3685 ‘non
1101 3621 1190 3687 sum'
1219 3622 1266 3687 in·

96 3729 211 3810 quiens
235 3726 348 3811 ‘Cyrus
370 3729 502 3794 inermis
532 3737 565 3792 nt
594 3730 714 3794 tributa
743 3730 834 3795 nobis
857 3730 1033 3815 praebeam
1056 3731 1114 3797 sed
1137 3751 1196 3816 ego
1219 3753 1268 3798 ar·

95 3845 200 3903 nratus
217 3837 305 3903 snm!
348 3859 483 3923 cumque
498 3841 551 3905 isti
568 3839 721 3919 abissent,
746 3840 913 3905 confestim
933 3849 1098 3905 armantur
1114 3841 1268 3906 Saraceni

95 3948 269 4014 aduersum
285 3949 467 4033 Aegyptum
491 3958 523 4014 et
537 3950 679 4014 lllanneli
701 3950 786 4014 bello
810 3951 898 4014 illato
922 3950 1007 4015 hunc
1029 3951 1173 4033 abigunt.
1196 3954 1268 4036 ipse

45 4080 170 4130 sonoro
194 4079 266 4123 cum
290 4061 402 4142 paucis
425 4060 617 4143 quibusdam
633 4060 852 4124 Alexandriae
875 4061 986 4125 saluus
1009 4059 1171 4144 recipitur.
1194 4068 1269 4127 tunc

97 4169 252 4234 Saraceni
276 4169 458 4253 Aegyptum
482 4171 541 4234 sub
565 4170 683 4234 tributo
706 4169 888 4235 reddidere,
932 4175 984 4235 ast
1012 4168 1186 4254 imperator
1215 4192 1269 4236 au·

97 4278 173 4344 ditis
198 4285 398 4361 quaegesta
420 4287 502 4362 sunt,
541 4279 637 4344 mittit
659 4278 777 4363 Cyrum
808 4280 849 4345 ad
873 4278 1132 4364 persuadendum
1156 4281 1204 4347 eis
1227 4281 1269 4346 ab

143 4458 321 4466 .-..-...—--
351 4457 401 4464 .—-.

166 4582 176 4629 t
198 4575 411 4629 saccellarrutl)
480 4581 495 4629 3
514 4576 670 4630 ebdomadrl
685 4584 763 4630 erant
781 4580 854 4632 meni
870 4566 923 4647 any}
942 4576 967 4630 D
1041 4581 1056 4630 4
1076 4555 1229 4631 saccellarni
1250 4577 1272 4631 0

96 4670 231 4722 abaham
249 4667 276 4722 D
344 4666 578 4725 isaccellarroI)
650 4674 680 4722 lt
698 4670 860 4738 phemcril)
912 4676 942 4725 16
961 4669 1074 4725 crrnlD
1134 4675 1164 4724 ta
1182 4670 1271 4736 midu-

95 4752 165 4816 trani
184 4761 210 4815 I)
279 4764 311 4814 23
330 4749 477 4817 manuhelir
495 4764 522 4818 I]
589 4767 621 4817 25
640 4765 745 4818 actores
759 4762 799 4818 P:
816 4764 941 4818 auctores
958 4764 1001 4834 Dp
1055 4767 1088 4816 26
1105 4763 1271 4819 manuhelD

97 4861 130 4910 29
149 4852 336 4909 manuheloI)
386 4854 460 4909 rllata
480 4856 513 4911 θ’
581 4861 611 4911 31
631 4856 787 4912 reddereD
