2834 5394
520 732 592 780 cnr.
615 733 830 780 xxv-xxvm
1187 719 1248 781 543

76 888 205 954 milibus
228 895 260 953 et
282 887 417 953 ueniens
445 887 479 952 in
503 885 742 972 Cappadociam
771 885 896 951 audiuit
917 885 1163 951 Constantinum
1192 884 1249 951 ad·

76 1020 190 1066 uersus
213 1018 248 1064 se
270 998 453 1063 uenientem
482 1006 639 1063 armatum
674 1004 706 1062 et
738 997 867 1063 territus
900 996 1049 1062 inefficax
1082 995 1250 1080 repedabit

76 1110 159 1176 nihil
182 1109 397 1194 depopulatus
419 1110 483 1176 nisi
507 1109 592 1193 quod
615 1108 728 1194 paucis
750 1107 910 1174 Armeniis
940 1109 981 1172 ad
1004 1128 1039 1175 se
1062 1106 1248 1172 confluenti-

75 1223 135 1288 bus
158 1220 338 1304 adsumptis
360 1239 509 1286 reuersus
531 1227 590 1286 est.

44 1341 59 1390 5
161 1332 255 1396 Anno
284 1330 412 1414 imperii
435 1330 638 1396 Constantini
673 1329 797 1394 decimo
827 1331 964 1414 septimo
986 1327 1166 1394 Babdallas
1195 1327 1249 1391 tri-

77 1442 223 1506 butorum
257 1441 413 1505 rationem
442 1439 638 1507 Christianis
671 1441 842 1526 ampliauit
869 1440 951 1506 adeo
980 1446 1015 1505 ut
1047 1456 1157 1503 omnes
1185 1456 1248 1500 mo·

76 1552 198 1618 naahas
213 1560 245 1618 et
259 1551 423 1617 inclausos
438 1557 534 1635 atque
552 1550 707 1633 Cionitas,
735 1552 790 1637 qui
811 1551 871 1616 deo
886 1552 1013 1635 plaeere
1035 1550 1120 1615 bene
1141 1565 1251 1612 nosce-

76 1661 209 1744 bantur,
233 1663 294 1729 sub
315 1661 444 1727 tributis
473 1661 642 1744 redigeret.
686 1662 829 1746 signauit
859 1668 965 1727 autem
989 1665 1021 1725 et
1042 1657 1250 1724 ecclesiarum

77 1771 289 1837 cimiliarchia
327 1779 359 1836 et
398 1770 534 1836 adduxit
566 1771 730 1838 Hebraeos
763 1771 806 1837 ad
837 1769 1090 1837 uenundandum
1126 1767 1185 1832 illa
1220 1774 1251 1831 et
1300 1850 1303 1856 Ι

31 1888 59 1936 10
76 1889 223 1947 emerunt
239 1862 285 1945 'ea
304 1881 421 1946 liberti.

159 1991 254 2056 Anno
283 1991 410 2076 imperii
439 1992 489 2056 sui
511 1998 624 2056 octauo
647 1991 771 2057 decimo
795 1990 1025 2058 Constantinus
1053 1988 1224 2055 Selauinas
1253 1971 1403 2040 XXVIII

77 2121 177 2186 penes
199 2101 421 2167 Macedoniam
443 2102 567 2185 positas
589 2103 766 2186 captiuauit
789 2109 821 2167 et
842 2102 982 2185 reliquos
1005 2097 1201 2183 subiugauit.

162 2212 284 2278 Eodem
316 2234 394 2278 uero
427 2233 513 2278 anno
547 2212 678 2296 quidam
708 2233 747 2278 ex
780 2211 1003 2297 llaurophoris
1036 2208 1144 2275 Persis
1178 2226 1250 2271 cum

77 2324 222 2406 magicae
244 2322 412 2405 religionis
435 2329 546 2389 essent
567 2322 757 2408 deceptione
773 2320 894 2388 detenti
909 2321 1040 2402 diaboli,
1064 2317 1251 2385 uenumdata

32 2436 60 2485 ¹5
78 2434 260 2501 substantia
288 2454 348 2499 sua
376 2430 454 2497 nudi
483 2454 581 2518 supra
609 2454 716 2500 muros
744 2432 957 2500 ascendentes
978 2431 1180 2516 proiciebant
1202 2447 1250 2493 se·

78 2553 142 2610 met
170 2546 260 2628 ipsos
288 2543 334 2607 ita
366 2549 400 2607 ut
422 2562 457 2609 se
482 2545 593 2609 uolare
614 2545 649 2610 in
671 2545 795 2610 caelum
818 2544 1067 2624 arbitrarentur,
1090 2539 1146 2624 qui
1169 2537 1250 2603 nihil

76 2657 200 2719 ratione
222 2653 356 2736 dignum
380 2653 475 2719 sortis
498 2653 585 2720 illius
607 2654 765 2720 hahentes
787 2661 876 2720 artus
896 2651 1106 2719 conterebant
1128 2648 1170 2714 ad
1186 2649 1251 2712 ima

77 2764 226 2843 demersi,
251 2782 385 2846 quorum
409 2763 550 2827 sedecim
573 2782 628 2829 eos
650 2764 817 2829 dumtaxat
846 2766 899 2848 qui
930 2763 962 2826 in
986 2779 1093 2827 errore
1115 2757 1251 2842 praemi-

77 2875 198 2938 nebant
219 2870 399 2936 Habdallas
422 2890 479 2955 per
502 2873 602 2937 Salim
632 2874 790 2938 interfecit
818 2875 852 2937 in
880 2874 1004 2937 Beroea
1027 2878 1058 2937 et
1080 2867 1245 2933 Chalcide.

29 2994 60 3044 20
161 2983 256 3046 Anno
279 2981 406 3065 imperii
430 2980 631 3047 Constantini
653 3002 737 3047 nono
760 2982 884 3048 decimo
907 2981 1032 3047 inuidia
1047 2978 1249 3044 Christianos

76 3091 309 3177 prohibuerunt
318 3090 443 3156 Arabes
459 3112 479 3155 a
493 3092 632 3176 publicis
643 3092 867 3159 chartothesiis
883 3091 924 3157 ad
937 3090 1095 3157 modicum
1112 3095 1248 3171 tempus.

77 3202 134 3268 sed
156 3223 267 3268 rursus
290 3203 391 3266 coacti
414 3201 614 3266 committunt
629 3203 676 3268 eis
699 3202 811 3268 eadem
834 3204 904 3282 ipsa
927 3223 964 3268 eo
987 3201 1072 3286 quod
1094 3220 1158 3265 non
1174 3217 1249 3282 pos·

77 3314 141 3379 sint
169 3313 233 3397 ipsi
262 3313 402 3378 scribere
436 3314 665 3379 calculationes
695 3314 847 3398 aciesque
870 3313 1054 3379 direxerunt
1075 3311 1193 3375 multas
1216 3314 1248 3373 et

76 3424 222 3488 Paullum
245 3430 425 3506 praetorem
447 3424 709 3489 Armeniacorum
732 3426 850 3491 bellum
873 3431 1008 3508 agentes
1030 3421 1117 3507 apud
1132 3421 1248 3485 Melam

29 3548 59 3598 25
78 3538 281 3616 peremerunt
303 3553 374 3598 cum
397 3535 555 3601 exercitus
578 3535 782 3608 multitudine
810 3556 870 3601 neo
892 3555 957 3599 non
979 3540 1012 3600 et
1033 3531 1249 3617 quadraginta

77 3641 158 3706 duos
181 3642 325 3724 insignes
348 3644 434 3710 uiros
457 3645 582 3712 uinctos
604 3646 764 3712 duxerunt
786 3653 818 3712 et
839 3646 948 3730 capita
969 3646 1079 3710 multa.
1113 3644 1249 3728 impera-

77 3760 126 3816 tor
149 3759 256 3816 autem
279 3754 453 3817 exercitum
476 3757 576 3821 mouit
604 3757 637 3822 in
660 3757 846 3841 Bulgariam
877 3764 908 3821 et
930 3756 1072 3822 uenienti
1097 3755 1130 3819 in
1152 3755 1249 3818 Vere·

77 3864 185 3945 gabon
209 3862 251 3926 ad
280 3863 440 3928 clusuram
471 3864 600 3931 obuiam
624 3868 653 3932 ei
675 3868 831 3951 Bulgares
854 3866 1056 3932 aduenerant
1078 3873 1109 3929 et
1131 3863 1248 3928 multos

76 3973 235 4037 exercitus
259 3971 328 4037 eius
351 3973 600 4059 trucidauerunt,
623 3977 657 4041 in
680 3978 795 4060 quibus
816 3985 847 4043 ot
861 3978 1003 4042 Leonem
1026 3974 1193 4059 patricium
1217 3977 1250 4038 et

28 4104 58 4153 30
75 4091 256 4168 praetorem
269 4082 516 4150 Thracesiorum
529 4094 561 4152 et
575 4088 673 4152 alium
684 4088 824 4153 Leonem
837 4087 1031 4170 logothetam
1043 4092 1102 4148 τοῦ
1120 4081 1248 4168 δρόμου

73 4268 192 4275 ——-
234 4266 375 4272 ——-—

141 4402 157 4449 4
184 4368 284 4463 atdptrt
305 4395 331 4449 D
460 4401 474 4449 ‘l
503 4397 617 4452 cionitas
644 4413 703 4453 esse
733 4398 868 4455 inclausos
903 4399 948 4468 qui
984 4398 1138 4452 habitarent
1173 4397 1248 4451 inco·

72 4489 172 4559 lumnie
208 4488 347 4544 ‘additam
386 4488 531 4544 Polatino’
656 4496 686 4545 lb
714 4497 833 4546 emerent
860 4492 885 4547 Ι)
1008 4496 1036 4544 11
1066 4491 1193 4545 telamma
1221 4488 1248 4545 D

74 4589 106 4637 16
135 4583 240 4636 uolaret
268 4583 294 4638 Ι)
401 4587 430 4636 19
456 4563 541 4637 adl)
643 4585 852 4655 2tpuphc1i1)
953 4589 985 4638 23
1005 4582 1248 4650 calculationrbdl

72 4675 214 4731 multotD
282 4680 313 4730 11
333 4654 460 4746 pauldl)
537 4681 568 4731 27
587 4662 752 4748 uulgamdll
803 4677 954 4732 nementD
1031 4681 1063 4731 18
1081 4674 1249 4745 uulgaretl)

73 4776 105 4826 29
130 4749 267 4838 pathrrcrd
284 4768 311 4824 Ι)
362 4776 394 4825 31)
412 4749 557 4826 tracesiord
575 4771 602 4826 1>
670 4777 719 4825 tot:
738 4768 843 4842 δρόμοι·
862 4770 1052 4843 Theophanes:
1069 4772 1195 4827 tudromn
1214 4769 1247 4833 D,

72 4865 197 4921 todromn
215 4859 242 4914 P
