2834 5394
550 719 623 767 car.
646 720 828 768 xxm-xxv
1204 709 1263 770 501

92 869 182 937 misit
203 875 331 937 miratos
353 871 557 937 arthemate
579 870 710 938 Obsicio
732 879 766 938 et
787 870 875 958 apud
897 871 1046 938 Rhodum
1069 893 1180 941 omnes
1203 875 1265 940 col-

93 980 152 1064 ligi
183 979 279 1047 iussit
310 981 562 1067 praeposuitque
594 988 784 1069 praetorem·
809 984 859 1049 eis
891 988 925 1049 et
957 989 1053 1067 caput
1085 983 1265 1050 Iohannem

93 1110 232 1174 magnae
254 1091 435 1158 ministrum
457 1092 624 1174 ecclesiae,
662 1093 716 1176 qni
746 1092 914 1160 dicebatur
942 1113 1031 1178 papa
1059 1093 1264 1178 iohannaois,

95 1201 215 1287 quique
242 1201 406 1284 generalis
434 1210 504 1269 erat
530 1209 606 1269 tuuc
632 1202 807 1289 logotheta.
851 1202 880 1270 is
909 1222 986 1288 ergo
1015 1223 1088 1268 cum
1116 1202 1265 1271 Rhodum

63 1311 232 1379 tadiisset
252 1319 285 1377 et
312 1311 447 1396 nauigia
472 1314 687 1394 conuenisset,
723 1313 949 1399 alloquebatur
975 1313 1140 1399 principes
1169 1334 1266 1400 super

94 1423 272 1488 munitione
299 1441 338 1487 ac
365 1422 481 1490 itinere
508 1423 652 1509 ipsorum
680 1425 715 1490 in
736 1423 930 1491 Phoenicem
957 1423 1000 1490 ad
1027 1423 1265 1490 incendendum

92 1533 259 1618 lignamen
296 1539 328 1599 et
364 1534 646 1618 praeparationem
681 1554 765 1619 quae
801 1527 1012 1600 inueniretur
1022 1534 1262 1617 Agarenorum.

94 1663 229 1728 cumque
252 1663 364 1711 omnes
386 1645 537 1711 alacriter
557 1642 776 1727 obaudissent,
810 1644 845 1709 hi
868 1643 923 1728 qui
945 1650 1038 1710 erant
1060 1643 1183 1711 Obsioii
1205 1644 1266 1710 hoc

93 1754 278 1821 nullatenus
300 1752 502 1821 admiserunt
529 1761 561 1821 et
587 1743 814 1840 imperatorem
845 1753 975 1839 quidem
1008 1753 1158 1821 detestati
1180 1761 1279 1836 sunt,-

47 1872 77 1922 10
94 1862 264 1930 diaconum
287 1884 363 1931 uero
378 1863 556 1931 Iohannem
577 1865 708 1932 frameis
723 1867 964 1931 interemerunt.
1008 1863 1084 1930 hinc
1098 1884 1176 1949 ergo
1192 1866 1266 1931 stoli

93 1973 189 2040 diuisi
211 1974 254 2041 ad
276 1995 336 2041 sua
357 1975 594 2060 nauigauerunt
614 1976 696 2056 loca,
729 1975 776 2042 illi
805 1994 882 2041 uero
909 1994 1048 2059 nequam
1077 1979 1265 2060 operatores

93 2090 205 2150 contra
238 2084 360 2168 regiam
393 2083 608 2152 ascenderunt
639 2086 760 2152 urbem.
805 2105 876 2151 cum
910 2091 1018 2152 antem
1044 2083 1265 2151 adramizium

93 2194 240 2262 adissent
261 2203 437 2280 essentque
459 2196 530 2263 sine
552 2197 667 2282 capite,
705 2196 897 2262 inuenerunt
924 2195 1011 2261 illinc
1032 2193 1195 2261 hominem
1218 2196 1265 2261 in-

93 2304 243 2389 digenam
266 2304 483 2373 Theodosium
506 2306 644 2391 nomine,
684 2306 739 2391 qui
761 2306 962 2392 publicorum
983 2312 1053 2371 erat
1074 2304 1265 2372 tributorum

41 2423 70 2473 ¹⁵
94 2422 245 2501 exceptor
267 2416 355 2483 iners
378 2435 417 2482 ac
438 2415 539 2482 idiota
561 2424 593 2483 et
614 2415 732 2483 hortati
755 2423 829 2485 sunt
851 2436 924 2483 eum
946 2416 1117 2501 imperare.
1162 2416 1266 2482 atille

93 2527 170 2610 fuga
191 2547 270 2592 usus
292 2527 326 2591 in
348 2532 456 2592 monte
477 2526 609 2593 latebat.
654 2546 750 2612 quem
776 2526 944 2594 inuentum
973 2532 1008 2593 ut
1035 2526 1265 2611 imperatorem

95 2635 249 2702 laudibus
271 2637 454 2702 extulerunt
476 2636 510 2701 ui
531 2644 682 2720 cogentes
704 2656 787 2702 eum.

179 2744 303 2822 Quibus
326 2744 488 2811 Artemius
511 2745 647 2828 cognitis
669 2746 824 2831 praefecit
850 2744 924 2811 urbi
946 2744 1140 2811 domesticos
1161 2743 1264 2810 homi·
1286 2741 1383 2810 XXV

94 2874 153 2920 nes
183 2874 259 2921 suos
287 2853 451 2939 principes
480 2875 545 2920 una
573 2875 644 2919 cum
674 2856 755 2920 stolo
778 2874 872 2938 quem
896 2854 966 2940 ipse
988 2859 1214 2921 construxerat
1235 2862 1268 2921 et

46 2972 77 3023 20
96 2964 230 3030 armatis
257 2964 304 3030 eis
327 2964 398 3047 ipse
419 2964 574 3028 Nicaeam
600 2965 766 3048 ingressus
795 2947 875 3029 abiit
902 2964 936 3028 in
957 2962 1070 3030 urbem
1093 2971 1125 3029 et
1145 2963 1265 3030 ibidem

94 3094 130 3141 se
153 3074 263 3139 munit.
308 3074 445 3140 rebelles
468 3079 575 3140 autem
598 3073 810 3141 ascendentes
826 3080 857 3139 et
873 3081 1029 3139 commoto
1045 3080 1110 3139 toto
1125 3075 1266 3141 themate

93 3184 215 3251 Obsioii
237 3190 268 3249 et
290 3184 522 3268 Gothograeois
544 3184 847 3270 comprehensisque
869 3183 978 3250 multis
999 3184 1125 3269 pusillis
1148 3191 1181 3250 et
1201 3205 1267 3250 ma-

92 3295 167 3378 gnis
189 3295 410 3378 negotiatoriis
432 3292 562 3379 scaphis
584 3314 643 3379 per
664 3300 782 3360 terram
798 3313 919 3379 perque
934 3313 1023 3359 mare
1039 3293 1264 3380 Chrysopolim
1362 3325 1366 3333 ·

93 3413 232 3470 currunt.
277 3425 349 3470 oum
381 3411 487 3471 autem
519 3405 609 3471 urhis
641 3404 756 3471 classis
789 3404 823 3470 in
854 3411 948 3489 portu
981 3411 1112 3472 sanctae
1140 3405 1267 3470 Mamae

45 3523 76 3573 ²5
95 3517 267 3581 stationem
297 3515 422 3582 fixisset
450 3515 586 3598 singulis
614 3515 795 3599 quibusque
824 3512 939 3582 diebus
967 3534 1026 3601 per
1054 3534 1112 3581 sex
1134 3535 1264 3582 menses

93 3625 127 3690 in
155 3625 257 3690 uicem
287 3631 563 3710 expugnauerunt.
607 3644 679 3689 cum
713 3645 790 3690 uero
822 3625 912 3692 urbis
946 3625 1046 3692 stolus
1078 3624 1120 3690 ad
1153 3625 1265 3692 Neorii

95 3734 183 3800 urbis
205 3741 330 3818 portum
353 3735 515 3820 profectus
537 3736 680 3802 stetisset
701 3735 863 3802 transiens
886 3734 1089 3803 Theodosius
1104 3735 1266 3801 Thracen·

94 3865 147 3911 sen
171 3844 308 3928 optinuit
329 3851 449 3930 partes.
494 3844 674 3929 proditione
696 3866 773 3912 uero
796 3846 882 3912 facta
902 3865 962 3930 per
982 3852 1106 3930 portam
1123 3846 1265 3929 singula-

93 3956 137 4022 ris
161 3955 242 4019 muri
262 3953 513 4020 Blachernarum
536 3956 648 4021 urbem
669 3957 763 4042 cepit.
808 3962 860 4022 ast
887 3955 991 4038 iniqui
1010 3954 1132 4020 Obsioii
1154 3955 1265 4041 populi

44 4070 76 4121 30
93 4085 159 4131 una
181 4085 253 4130 cum
276 4063 507 4149 Gothograccis
536 4073 631 4131 noctu
663 4086 722 4151 per
753 4064 866 4132 domos
898 4065 1015 4130 ciuium
1049 4064 1265 4131 discurrentes

93 4175 267 4242 maximum
304 4175 385 4240 nulli
421 4182 592 4260 parcentes
628 4175 786 4242 excidium
818 4175 942 4261 operati
972 4180 1055 4241 sunt.
1099 4173 1263 4259 principes

93 4294 199 4353 autem
223 4286 333 4367 quiin
357 4305 396 4350 ea
418 4292 511 4351 erant
531 4286 665 4351 Artemii
694 4305 852 4351 unacum
876 4285 1038 4352 Germano
1061 4284 1264 4351 sanctissimo

100 4517 397 4526 η*-

160 4665 326 4735 tcapudD
412 4666 593 4720 amrmitrum
610 4681 661 4718 om.
681 4667 706 4716 11
809 4661 1018 4734 dphenrcenD
1068 4637 1265 4719 mcrdendbD

92 4762 124 4811 20
143 4743 229 4827 nrtoed
245 4747 312 4818 urbe
330 4760 368 4814 eit
385 4759 524 4828 repetiui-
546 4758 612 4812 ahnt
638 4747 784 4826 rbrdch)
885 4761 917 4812 23
937 4756 1113 4826 chraiopohm
1132 4754 1158 4812 Ι)
1226 4760 1259 4811 24

93 4839 129 4908 ici
146 4869 232 4907 mame
249 4853 276 4908 Ι)
345 4858 377 4908 tt
396 4852 546 4909 thranheni
561 4852 588 4907 Ι)
