2834 5394
513 648 586 697 ess.
610 646 772 696 err-urus
1173 640 1231 701 lt'tl

65 801 211 881 triremes,
234 800 408 867 uelocitate
428 801 596 868 liburnicis
619 821 725 887 pares,
749 808 781 867 et
803 809 873 866 octo
896 803 1039 885 legiones
1057 805 1154 869 classi
1178 826 1230 869 su-

78 911 237 996 perpositae
267 912 392 996 absque
419 912 604 978 cohortibus
635 911 778 996 quinque
805 913 987 997 praetoriis.
1031 914 1147 979 classis
1169 916 1231 979 Au·

85 1020 144 1087 tonii
159 1028 283 1087 eentum
305 1024 514 1108 septuaginta
535 1022 667 1088 nauium
690 1022 749 1086 luit
781 1030 935 1106 quantum
958 1044 1091 1090 numero
1113 1024 1231 1091 cedens

90 1136 179 1197 butum
199 1133 424 1216 magnitudine
444 1134 656 1218 praecellens.
686 1152 762 1198 narn
785 1133 1037 1218 decempedam
1060 1135 1230 1201 altitudine

72 1243 175 1307 tamari
194 1242 339 1309 aberant.
369 1244 527 1310 famosum
549 1249 581 1308 et
602 1262 754 1327 maguum
777 1244 838 1309 hoc
859 1245 979 1310 bellurn
1001 1245 1089 1330 apud
1104 1247 1228 1311 Aetium

92 1350 145 1435 luit)
161 1353 213 1437 qui
234 1354 325 1421 locus
347 1354 381 1419 in
402 1354 502 1439 Epiro
524 1360 574 1421 est
601 1351 671 1438 <ab
693 1354 775 1419 hora
796 1355 910 1438 quinta
936 1376 1039 1440 rusque
1061 1357 1095 1421 iu
1117 1357 1230 1421 horam

91 1464 222 1549 apinam
250 1464 376 1530 incerta
401 1463 555 1530 uincendi
583 1482 642 1549 spe
675 1464 889 1547 grauissimae
920 1467 1080 1550 utrimque
1112 1465 1229 1532 caedes

89 1580 160 1641 miae.
192 1574 351 1659 reliquum
373 1574 439 1640 diei
461 1594 532 1639 cum
555 1574 771 1658 subsequente
793 1582 886 1640 nocto
909 1576 940 1641 in
963 1577 1131 1668 uictoriam
1151 1577 1230 1644 Cae·

22 1744 25 1751 .
90 1685 148 1750 uris
165 1684 347 1751 declinauit.
390 1686 479 1771 prior
507 1685 622 1769 regina
643 1683 817 1771 Cleopatra
844 1704 915 1750 cunr
946 1689 1116 1770 sexaginta
1144 1690 1230 1754 uelo-

58 1801 80 1851 u
88 1793 194 1862 cissimis
215 1796 356 1862 nauibus
377 1796 468 1880 fugit.
498 1795 658 1862 Antonius
681 1815 808 1880 quoque
830 1797 973 1860 detracto
995 1797 1116 1881 insigni
1139 1818 1230 1882 prae-
1326 1808 1329 1814 '

87 1904 161 1971 briae
173 1907 265 1971 nauis
288 1906 462 1989 lugientem
478 1913 607 1973 secutus
621 1912 753 1971 uxorem
770 1912 828 1973 est.
864 1907 1081 1972 inlucescente
1097 1908 1161 1971 iarn
1177 1907 1230 1972 dio

87 2014 220 2081 udoriarn
243 2015 368 2082 Caesar
389 2017 633 2083 eonsumnrauit.
667 2036 708 2082 ex
729 2017 825 2083 uictis
847 2016 1015 2081 duodecim
1038 2018 1130 2083 milia
1151 2019 1231 2084 oeci·

87 2122 150 2192 lisa
178 2127 374 2209 reseruntur,
404 2147 462 2194 sex
497 2127 589 2192 milia
619 2128 790 2193 uulnerata
827 2134 918 2208 sunt,
948 2147 966 2192 e
997 2128 1113 2211 quibus
1142 2129 1229 2194 mille

87 2232 147 2300 iuter
172 2237 347 2303 curandum
383 2237 579 2303 (deiecerunt.
623 2238 783 2304 Antonius
817 2244 850 2302 et
883 2236 1057 2323 Cleopatra
1089 2257 1226 2304 cosumu-

58 2347 129 2412 ltues
143 2346 253 2415 liberos
275 2367 347 2414 cum
369 2354 461 2433 parte
483 2349 594 2431 regiae
615 2367 718 2431 gazae
751 2345 793 2411 ad
817 2347 946 2412 rubrum
969 2367 1059 2415 mare
1080 2350 1229 2434 praemit-

87 2455 405 2538 tendos-censuerunt,
439 2459 504 2544 ipsi
530 2457 705 2543 praesidiis
736 2457 822 2522 circa
850 2457 913 2522 duo
941 2458 1081 2544 Aegypti
1109 2479 1229 2525 cornua

87 2562 215 2634 Pelusium
237 2569 530 2652 Paraetoniumque
552 2566 721 2653 dispositis
754 2568 890 2634 classem
920 2575 952 2633 et
974 2571 1085 2654 copias
1107 2572 1228 2636 instau-

87 2676 159 2742 nudo
176 2679 260 2745 bello
282 2684 489 2764 parauerunt.
520 2677 643 2744 Caesar
665 2684 755 2743 sexto
778 2679 953 2762 imperator
975 2686 1024 2744 ost
1046 2681 1228 2764 appellatus

88 2792 253 2869 commum
274 2791 346 2875 ipse
369 2808 441 2853 eum
463 2790 570 2853 Marco
585 2789 710 2854 Licinio
726 2788 845 2854 Crasso
866 2790 998 2854 consule
1020 2789 1227 2854 Brundisium

58 2896 157 2962 tusus.
196 2899 242 2965 ibi
273 2899 362 2965 orbis
390 2906 546 2964 terrarum
570 2898 736 2983 praesidia
758 2898 873 2964 (diuisis
896 2898 1079 2982 legionibus
1101 2918 1226 2984 compo·

87 3005 137 3072 suit.
172 3008 247 3075 iude
281 3011 314 3074 in
337 3009 464 3094 Syriam
499 3010 659 3094 proiectus
694 3029 768 3074 mox
791 3010 954 3074 Pelusium
984 3008 1065 3074 acliit
1101 3009 1155 3074 ubi
1186 3011 1227 3076 ab

84 3115 243 3186 lotouiauis
264 3119 440 3205 praesidiis
463 3121 544 3185 ultro
567 3126 736 3204 susceptus
759 3127 816 3185 est.

141 3229 262 3296 Interea
289 3229 458 3296 Cornelius
485 3230 600 3295 Callus
629 3229 829 3313 praemissus
858 3248 878 3293 a
906 3228 1046 3295 Caesare
1074 3236 1224 3313 qruattuor
1252 3220 1344 3287 1ΊῙΠ

81 3333 211 3419 legiones,
246 3361 328 3424 quas
350 3341 508 3407 Antonius
538 3340 624 3424 apud
655 3340 800 3424 Cyrenas
828 3338 986 3424 praesidii
1014 3341 1083 3404 loco
1113 3342 1227 3406 eonsti-

51 3450 167 3530 ruent
199 3451 340 3537 suscepit
367 3451 400 3515 in
423 3449 518 3516 fidem
543 3457 640 3535 atque
662 3449 738 3515 indo
760 3451 986 3515 Paraetonium
1009 3451 1146 3535 primam
1168 3451 1228 3516 Ac·

79 3560 153 3644 gypti
172 3581 192 3627 a
213 3560 339 3646 Libyae
366 3569 459 3647 parte
481 3561 643 3626 ciuitatem
673 3563 757 3625 uicto
786 3561 872 3645 cepit
893 3560 1034 3625 Antonio
1056 3562 1226 3646 ipsumque

10 3752 12 3771 Ι
73 3671 202 3735 contiuuo
227 3670 315 3757 apud
331 3672 470 3737 Pharum
494 3672 579 3737 uicit.
610 3671 770 3736 Antonius
793 3678 942 3754 equestre
964 3670 1134 3737 aduersum
1149 3671 1227 3738 Cae-

69 3796 159 3845 sarem
180 3781 300 3847 bellum
323 3781 410 3866 iniit,
440 3783 474 3846 in
504 3802 543 3847 eo
566 3801 693 3866 quoque
716 3781 945 3847 miserabiliter
967 3782 1070 3846 uicturs
1094 3783 1225 3864 aufugit.

65 3886 201 3959 kalendis
223 3891 403 3959 Sextilibus
429 3892 535 3977 prima
562 3893 633 3957 luce
655 3892 815 3957 Antonius
843 3910 914 3956 cum
940 3890 983 3956 ad
1006 3890 1226 3955 instruendam

20 4008 50 4060 ³⁰
63 3999 190 4067 classem
211 4002 246 4066 iu
267 4009 394 4087 portum
416 4001 637 4098 descenderet,
660 4002 766 4068 subito
781 4002 954 4068 uniuersae
972 4021 1074 4066 naues
1090 3999 1131 4065 ad
1148 4000 1226 4066 Cae·

118 4328 135 4377 6
151 4339 232 4394 epyro
251 4322 279 4379 B
344 4327 455 4383 6--170,
474 4326 489 4375 5
508 4320 541 4391 <>
559 4320 601 4376 D:
620 4337 653 4376 ex
671 4337 724 4392 qua
741 4322 810 4390 fuget
825 4325 829 4389 1
843 4340 872 4377 m
890 4319 1065 4391 egyptum&
1082 4319 1228 4389 desperatus

51 4416 142 4472 rebul-
154 4432 215 4472 cum
233 4415 307 4485 o'rirll
323 4431 358 4469 an
377 4416 516 4484 augulturn
534 4415 677 4468 tranlrrent
689 4417 758 4485 ·rple
776 4418 820 4476 lle
838 4416 900 4469 (1(111.
920 4416 951 4473 111
969 4420 1117 4468 1uteremrt·
1131 4413 1157 4466 Β
1210 4417 1225 4465 6

48 4510 168 4567 oramD
235 4509 313 4565 eder
330 4508 371 4564 θ’
443 4513 472 4562 12
492 4507 703 4563 eoniumaurtl)
778 4514 809 4562 lo
829 4508 1028 4564 lenlrreruutl)
1099 4512 1127 4558 11
1147 4521 1224 4575 pare-

47 4605 125 4659 tlrour
140 4607 144 4672 Ι
159 4620 229 4674 umq.
255 4602 282 4658 l)
401 4607 431 4656 19
464 4601 658 4657 contulatull
769 4606 801 4656 al
828 4599 1003 4671 cyreneail)
1088 4604 1120 4652 25
1145 4609 1225 4667 pare·

44 4699 141 4753 tbouui
157 4697 185 4754 D
267 4700 309 4752 25.
328 4701 361 4751 26
385 4701 466 4766 egiptr
488 4710 521 4750 se
544 4696 607 4766 lubre
630 4694 753 4764 parteD
839 4699 922 4750 26.·2'l
948 4701 1021 4748 urcta
1045 4699 1116 4762 ceput
1140 4694 1223 4762 uptam

44 4802 188 4846 sntomum
208 4795 337 4846 continuo
356 4789 383 4845 l)
