2834 5394
170 298 233 361 354
679 311 771 358 urnnr
792 310 864 357 xvn

173 465 224 531 xis
246 464 431 548 baptizatus
453 463 567 545 fuerat,
606 463 661 544 qui
684 460 886 546 recipiebant
907 460 1085 526 concilium.
1131 479 1266 543 cumque
1290 459 1347 525 Se·

170 575 239 641 ueri
261 574 406 659 episcopi
428 573 615 640 subuertere
636 573 816 657 principem
838 592 859 636 a
879 591 956 636 uero
980 571 1130 654 dogmate
1146 570 1348 651 festinarent,

172 685 364 753 mirabiliter
385 703 442 749 eos
471 683 577 766 arguit
598 681 839 748 alamundarus
869 681 1004 748 huiusce
1026 680 1112 745 modi
1136 679 1254 745 fabula.
1301 680 1349 744 ait

173 796 259 863 enim
289 794 333 859 ad
354 794 428 859 illos
452 791 594 859 ‘litteras
615 792 724 875 accepi
754 791 851 858 hodie
874 793 951 875 quia
972 791 1110 856 Michael
1132 790 1349 873 archangelus

172 913 317 971 mortuus
346 904 413 971 est'
457 904 522 969 illis
550 921 627 968 uero
656 902 838 969 dicentibus
867 902 928 966 hoc
955 902 1159 986 impossibile
1187 902 1263 979 iore,
1302 900 1381 964 aits

172 1016 324 1101 princeps
348 1017 389 1078 ‘ct
403 1012 574 1097 quomodo
589 1012 857 1078 deussecundum
879 1034 938 1079 uos
960 1011 1066 1078 nudus
1088 1011 1172 1076 cruci
1196 1011 1280 1076 fixus
1298 1017 1348 1076 est

84 1108 88 1115 ’
175 1126 238 1191 nisi
260 1131 446 1189 naturarum
469 1130 555 1189 esset
577 1122 711 1187 duarum
736 1122 884 1189 Christus
907 1121 1036 1207 quando
1059 1121 1188 1205 quidem
1211 1139 1271 1185 uec
1292 1141 1348 1185 an·

173 1237 265 1319 gelus
294 1242 343 1300 est
371 1233 574 1299 moriturusl'
618 1241 650 1298 et
677 1234 723 1298 ita
751 1253 822 1299 cum
851 1232 1039 1300 contusione
1062 1232 1175 1298 Seueri
1204 1248 1348 1296 recesse-

174 1352 249 1411 runt
276 1344 430 1429 episcopi.
473 1343 571 1428 igitur
599 1343 792 1424 Vitalianus,
830 1363 924 1428 quem
953 1343 1091 1427 populus
1121 1344 1347 1426 imperatorem

174 1455 376 1542 cnpetiuerat
406 1459 540 1538 accepta
572 1459 640 1518 tota
667 1452 793 1519 Thrace
822 1454 957 1539 Scythia
989 1462 1021 1518 ct
1050 1453 1157 1536 Mysia
1189 1451 1348 1534 Bulgares
1368 1461 1398 1511 re

174 1564 300 1632 habens
325 1584 434 1632 secum
457 1572 489 1629 et
510 1563 749 1628 multitudinem
771 1564 959 1629 Hunnorum
990 1565 1074 1647 cepit
1095 1561 1289 1626 Anchialum
1317 1567 1349 1626 et

175 1674 414 1761 Odyssopolim.
462 1672 705 1757 comprehendit
725 1681 832 1740 autem
855 1680 888 1740 et
903 1674 1057 1759 (lyrillum
1080 1673 1269 1755 magistrum
1292 1671 1349 1735 mi·

173 1785 265 1851 litum
288 1785 415 1849 Thrace
436 1793 468 1849 et
489 1784 638 1868 peruenit
653 1783 793 1867 praedas
807 1784 949 1868 gerendo
964 1783 1165 1869 Byzantium.
1209 1800 1348 1866 parcens

175 1915 251 1961 uero
274 1894 396 1959 ciuitati
419 1892 507 1978 apud
530 1894 713 1960 Scstenium
736 1901 1002 1960 castrametatus
1026 1901 1084 1959 est,

59 1992 152 2059 'XIII
258 2004 453 2070 Anastasius
477 2008 584 2068 autem
607 2003 833 2089 desperatione
856 2011 1079 2071 consternatus
1110 2003 1207 2068 mittit
1234 2022 1275 2067 ex
1298 2022 1346 2067 se·
1367 2009 1396 2059 ¹5

173 2121 252 2179 natu
274 2112 431 2198 quosdam
453 2132 572 2195 rogans
595 2132 667 2178 eum
690 2115 810 2199 pacisci
834 2122 866 2179 et
888 2117 994 2181 iurare
1022 2134 1087 2178 una
1116 2134 1188 2178 cum
1218 2118 1344 2192 senatu,

173 2224 260 2309 quod
287 2223 329 2289 ab
357 2223 454 2289 exilio
483 2223 652 2308 episcopos
686 2232 854 2290 reuocaret
887 2224 974 2310 apud
1001 2225 1185 2289 Heracliam
1208 2221 1345 2287 Thrace.

174 2354 269 2421 porro
292 2333 475 2400 Vitalianus
497 2333 624 2399 addidit
652 2341 687 2399 ut
716 2342 748 2400 et
776 2335 939 2421 principes
961 2338 1057 2401 unius
1079 2335 1234 2417 cuiusque
1257 2330 1348 2399 scho

173 2445 227 2511 lae
247 2445 354 2510 iurent
375 2443 471 2524 istud,
502 2443 559 2511 sed
582 2452 615 2510 ct
636 2444 845 2512 Macedonius
868 2453 900 2511 et
921 2447 1099 2511 Flauianus
1122 2445 1177 2528 qui
1198 2443 1348 2526 nequiter

176 2556 265 2642 pulsi
287 2556 423 2635 lucrant,
448 2576 523 2622 suos
546 2556 726 2641 reciperent
747 2535 881 2623 thronos
896 2557 1044 2623 similiter
1059 2563 1091 2621 ct
1104 2554 1220 2639 reliqui
1236 2570 1348 2618 omnes
1364 2562 1399 2613 tc

175 2665 321 2749 episcopi
353 2672 385 2730 ct
413 2666 460 2729 ita
488 2666 705 2732 celebraretur
727 2666 880 2751 synodus,
903 2668 1048 2732 Romano
1077 2672 1109 2730 ct
1137 2665 1261 2730 cunctis
1283 2663 1349 2748 epi-

176 2775 283 2858 scopis
305 2775 573 2841 conuenientibus
602 2782 634 2840 et
661 2777 821 2841 communi
849 2775 966 2841 iudicio
995 2776 1243 2860 reprobarentur
1265 2792 1349 2858 quae

175 2882 333 2950 aduersus
362 2882 557 2950 orthodoxos
586 2892 661 2951 sunt
689 2894 907 2970 praesumpta.
951 2889 1060 2970 itaque
1088 2906 1158 2950 cum
1189 2884 1270 2950 haec
1292 2884 1349 2948 im·

174 3000 306 3078 perator
330 3001 461 3060 senatus
483 3000 516 3058 et
537 2994 653 3077 reliqui
675 2996 838 3081 principes
860 2998 1035 3081 populique
1051 2998 1213 3062 iurassent
1227 3001 1260 3059 et
1273 3013 1349 3059 con·

173 3103 360 3170 firmassent
392 3104 439 3167 ita
472 3103 623 3186 tiendum,
659 3105 743 3170 iacta
774 3113 824 3172 est
855 3127 921 3190 pax
954 3115 984 3172 et
1017 3105 1059 3172 ad
1080 3106 1213 3191 propria
1240 3103 1347 3169 rediit.
1365 3112 1400 3162 25

174 3210 351 3276 Hormisda
373 3231 451 3277 uero
467 3213 631 3279 Romanus
654 3215 825 3300 episcopus
847 3217 1005 3283 molestiis
1027 3218 1180 3300 fatigatus
1203 3235 1223 3280 a
1244 3214 1349 3280 Theo

172 3318 283 3386 derico
306 3320 469 3386 Vitaliano
493 3323 621 3389 fauente
642 3324 826 3391 Ennodium
848 3328 1034 3412 episcopum
1059 3327 1146 3392 misit
1168 3333 1200 3392 et
1214 3324 1350 3389 Vitalia-

173 3451 250 3496 num
273 3430 535 3497 archidiaconum
560 3430 602 3496 ad
625 3434 783 3519 synodum
800 3437 1027 3502 celebrandam
1050 3436 1137 3521 apud
1152 3435 1346 3500 Heracliam.

173 3546 333 3607 uenerunt
355 3548 461 3608 autem
485 3548 518 3609 et
539 3543 685 3628 episcopi
708 3564 749 3610 ex
771 3545 908 3614 diuersis
930 3548 1014 3613 locis
1036 3548 1103 3613 lere
1125 3544 1264 3624 ducenti,
1293 3543 1347 3628 qui

172 3651 261 3718 illusi
283 3651 324 3716 ab
347 3651 458 3737 iniquo
481 3654 675 3738 imperatore
697 3674 736 3721 ac
757 3656 926 3723 Timotheo
948 3658 1100 3742 episcopo
1123 3654 1348 3722 Constantino·
1365 3667 1399 3718 30

173 3761 316 3845 politano
339 3771 543 3830 recesserunt
563 3764 756 3832 inefficaces.
801 3768 920 3852 impius
943 3768 1063 3852 quippe
1091 3768 1265 3850 imperator
1293 3783 1348 3847 pa·

173 3876 225 3936 cta
247 3872 491 3956 transgrediens
523 3876 606 3939 clam
638 3877 801 3943 intimauit
821 3879 966 3943 Romano
999 3897 1105 3963 papae
1139 3896 1180 3942 ne
1213 3874 1347 3941 ueniret.

240 4156 375 4210 dhttcrai
397 4143 438 4210 eni
464 4158 490 4212 Ι)
589 4160 767 4217 michaheli)
892 4163 970 4215 sest
993 4168 1056 4216 urite
1079 4161 1224 4218 moriturus
1251 4175 1302 4213 om.
1322 4159 1349 4213 D

171 4247 388 4304 conscilloncll
495 4256 524 4305 10
542 4252 667 4319 uulgaret
682 4253 709 4306 Ι)
822 4258 851 4307 12
876 4255 1019 4323 odrilopoli
1035 4254 1062 4309 Ι)
1173 4258 1204 4310 1³
1227 4253 1348 4306 bizantii]

172 4345 202 4399 (u
225 4342 450 4407 cmr.eaea)1)
511 4345 734 4439 aisicoleI)
859 4344 1057 4402 netemP
1176 4342 1351 4402 acredutlt

171 4431 361 4486 thadal?
429 4436 600 4502 dipaetaD
