2834 5394
167 217 229 279 576
643 227 733 274 mum
756 226 827 273 xxv

49 382 149 450 XXV
255 383 354 446 Porro
393 380 504 465 quinto
535 378 608 444 idus
644 379 812 445 Februarii
855 377 985 444 odibilis
1018 377 1123 443 faetus
1159 385 1217 444 est
1255 385 1363 444 terrac

169 500 273 559 motus
296 493 342 556 ita
365 497 482 555 utnon
507 489 642 555 auderet
664 490 834 573 quisquam
857 488 943 552 domi
972 487 1114 554 dormire
1145 487 1212 555 sed
1245 509 1363 556 omnes

168 605 202 669 in
223 602 326 668 hortis
349 609 380 667 et
402 601 461 667 sub
484 600 559 665 diuo
582 598 799 664 tabernaculis
822 599 915 664 factis
938 607 970 663 et
998 599 1151 664 tentoriis
1184 607 1362 666 extensum

169 712 339 797 degebant.
384 718 436 777 ast
469 710 654 796 imperatrix
688 730 753 774 uua
785 728 857 772 eum
889 709 955 772 tilio
987 728 1046 773 suo
1075 729 1221 792 egressa
1243 718 1300 776 est
1321 710 1362 774 ad

171 829 318 889 sanctum
341 822 491 886 blainum.
536 841 606 885 emu
629 828 736 883 auteur
760 819 927 884 Stauracio
950 819 1098 883 nuntiata
1120 820 1245 885 luisset
1269 833 1387 905 praet

171 934 299 1018 signata
322 952 384 1009 res,
415 939 593 994 commouet
615 930 793 1012 Augustam
816 936 927 993 contra
949 928 1058 1009 lilium,
1096 950 1186 1012 quae
1210 950 1361 1016 compre·

173 1043 293 1107 hensos
324 1040 469 1106 homines
498 1039 702 1126 imperatoris
732 1059 843 1105 omnes
865 1039 980 1104 cecidit
1002 1047 1098 1122 atque
1121 1040 1271 1106 totondit
1295 1063 1358 1107 uua

173 1173 244 1216 curn
266 1149 412 1214 Iohanne
434 1149 694 1235 protospathario
717 1156 748 1215 ct
770 1149 878 1213 baiulo
902 1150 1004 1232 ipsius
1026 1158 1058 1213 et
1073 1150 1174 1214 exilio
1192 1153 1357 1234 relegauit

170 1262 203 1327 in
227 1259 433 1326 inferioribus
455 1260 601 1344 partibus
624 1280 724 1343 usque
747 1260 781 1323 iu
803 1259 956 1339 Siciliam,
995 1260 1122 1324 Petrum
1145 1280 1230 1325 nero
1254 1264 1356 1345 magi-

172 1379 273 1440 suum
296 1370 617 1436 dehonestationibus
640 1369 832 1435 submittens
862 1369 895 1433 iu
918 1369 1012 1433 doure
1036 1390 1094 1435 sua
1118 1370 1240 1436 sedere
1263 1393 1356 1457 prae
1371 1382 1394 1430 11

170 1482 265 1568 cepit,
301 1481 448 1547 similiter
484 1488 516 1545 ct
551 1479 755 1544 Theodorum
792 1479 971 1564 patricium.
1016 1500 1111 1564 porro
1148 1481 1357 1548 Damianum

170 1593 340 1679 patricium
363 1612 492 1655 caesum
516 1599 548 1656 et
569 1597 696 1656 tonsum
720 1590 753 1654 in
775 1598 915 1655 castrum
931 1589 1206 1674 Appolloniatium
1224 1594 1357 1658 exulem

171 1705 239 1768 fore
262 1701 441 1782 constituit,
471 1701 656 1785 percutiens
685 1706 790 1764 auteur
820 1700 973 1764 etlilium
997 1701 1220 1784 conuiciisque
1244 1704 1356 1768 multis

171 1815 336 1878 lacessens
380 1812 447 1893 egit
479 1831 520 1875 ue
549 1810 736 1896 procederet
764 1829 822 1893 per
854 1810 925 1876 dies
962 1831 1025 1874 non
1055 1830 1191 1894 paucas.
1246 1814 1356 1899 eoepit

171 1929 278 1987 autem
307 1920 540 1985 adiurameutis
569 1920 755 1984 submittere
789 1921 895 1985 iurare
925 1921 1069 1984 militiam
1104 1921 1151 1985 ita
1185 1921 1355 1989 dicentem
1374 1929 1397 1978 ¹⁵

172 2032 258 2114 ‘quia
280 2050 343 2113 quo
358 2048 460 2112 usquc
475 2036 508 2092 tu
524 2029 609 2093 uiuis
625 2049 689 2093 nou
704 2031 925 2114 permittemus
947 2031 1106 2114 imperare
1121 2031 1228 2095 tilium
1246 2034 1356 2097 tuum.²

171 2147 203 2206 et
224 2139 376 2205 iurabant
399 2158 510 2204 omncs
533 2139 579 2203 sic
601 2140 729 2204 nemine
752 2139 972 2204 contradicere
995 2161 1091 2224 super
1114 2141 1175 2204 hoc
1198 2142 1356 2208 audente.

54 2244 169 2313 XXVI
254 2251 382 2315 Interea
403 2249 518 2314 classis
541 2249 682 2313 Arabum
711 2250 745 2314 in
776 2248 917 2335 Cyprum
948 2252 1057 2314 exiuit.
1102 2250 1189 2334 quod
1218 2273 1357 2336 praeeo-

168 2381 329 2447 guosceus
345 2358 531 2445 imperatrix
552 2361 757 2425 coaceruauit
777 2367 809 2424 et
829 2361 902 2444 ipsa
923 2361 1032 2424 onmia
1046 2362 1193 2424 Romana
1216 2363 1356 2446 nauigia

171 2480 203 2538 et
223 2472 310 2538 misit
332 2470 489 2536 aduersus
512 2489 578 2536 eos.
609 2490 679 2535 cum
702 2478 809 2535 autem
832 2489 932 2553 usque
955 2471 1045 2554 llyra
1067 2477 1202 2553 uterque
1219 2479 1356 2554 praetor
1370 2481 1397 2532 u

171 2584 330 2660 uenisset,
361 2580 499 2645 clcuertit
528 2600 549 2644 a
575 2581 794 2664 promuntorio
822 2578 1084 2644 Chelidoniarum
1117 2587 1149 2644 ct
1178 2581 1354 2662 ingressus

171 2699 219 2758 est
241 2692 275 2755 in
296 2690 435 2755 rittaliac
459 2690 574 2755 sinum.

255 2802 296 2865 At
319 2821 394 2865 uero
417 2801 542 2866 Arabes
566 2801 642 2865 moti
671 2821 691 2864 a
713 2799 820 2884 Cypro
844 2820 915 2864 eum
939 2801 1095 2865 serenitas
1118 2819 1174 2864 eos
1196 2802 1353 2885 cepisset,

170 2912 474 2977 circumferebantur
496 2911 529 2976 in
551 2912 677 2995 pelago,
701 2930 835 2994 utrmque
851 2917 956 2975 terrae
971 2909 1109 2994 proximi
1132 2921 1353 2990 cernerentur,

170 3022 319 3086 uiderunt
342 3041 398 3086 eos
422 3026 587 3104 praetores
617 3028 648 3084 ct
677 3019 746 3084 acie
769 3019 891 3084 directa
914 3021 1099 3104 praeparati
1122 3020 1264 3085 suntad
1288 3022 1354 3085 bel·
1369 3035 1396 3086 25

172 3130 313 3194 landum.
344 3129 543 3213 Theophilus
566 3137 672 3194 autem
697 3129 929 3194 Cibireotorum
951 3138 1080 3215 praetor
1102 3150 1172 3193 eum
1195 3130 1247 3192 uir
1265 3140 1354 3198 esset

173 3239 321 3304 robustus
344 3245 441 3320 atque
462 3240 666 3318 fortissimus,
689 3239 768 3305 tisus
791 3247 823 3305 et
844 3247 919 3304 aute
943 3260 1054 3305 omnes
1075 3259 1226 3322 egressus
1241 3247 1353 3308 tentus

172 3357 222 3416 est
244 3349 286 3414 ab
310 3350 367 3414 eis.
412 3354 560 3433 quicum
583 3349 695 3415 duetus
718 3349 761 3413 ad
783 3349 892 3415 Aaron
914 3351 1038 3432 luisset,
1062 3351 1102 3414 ab
1126 3370 1163 3413 eo
1185 3350 1352 3418 uidendus

172 3459 361 3526 adhortatus
384 3465 433 3526 est
455 3467 489 3524 ut
509 3459 653 3544 proditor
676 3460 766 3525 fieret
787 3467 818 3524 et
839 3461 1031 3544 temporalia
1053 3460 1138 3524 dona
1161 3461 1351 3544 susciperet.

172 3571 226 3656 qui
248 3591 319 3635 cum
341 3571 402 3635 hoc
424 3572 607 3637 nullatenus
637 3571 821 3636 admisisset
850 3571 1113 3655 perampliusque
1143 3578 1273 3635 coaetus
1297 3592 1352 3636 ne·
1370 3585 1398 3636 so

172 3701 331 3766 quaquam
361 3682 528 3764 cessisset,
558 3681 659 3765 gladii
688 3679 1003 3747 animaduersionem
1034 3680 1197 3746 sustinens
1228 3688 1353 3766 martyr

172 3792 310 3876 optimus
334 3797 383 3856 est
405 3799 563 3858 ostensus.

20 3891 150 3961 XXVII
256 3902 350 3966 Anno
373 3901 414 3965 ab
437 3901 659 3966 incarnatione
688 3900 809 3966 domini
837 3900 1124 3984 septingentesimo
1153 3901 1352 3983 octogesimo

174 4073 478 4080 ——---—--—-——

245 4183 253 4230 1
274 4177 301 4231 ul
318 4178 389 4232 febr·
404 4178 429 4233 D
532 4184 546 4231 3
572 4178 636 4233 ertit
653 4176 679 4232 D
784 4185 814 4237 tu
833 4157 1010 4232 ldmrttentll
1105 4182 1134 4230 14
1161 4176 1308 4247 procedere
1330 4179 1356 4234 D

173 4271 287 4338 ceprtll
359 4277 388 4324 15
409 4250 587 4326 thmrtterell
655 4254 852 4326 dieenteuthll
954 4273 986 4323 20
1004 4284 1072 4322 mua
1091 4269 1116 4323 1>
1202 4275 1231 4323 21
1254 4271 1356 4326 cohdo-

176 4342 253 4415 mord
271 4363 297 4416 I)
365 4369 398 4417 26
416 4351 585 4434 cibyreotord
604 4363 630 4418 D
697 4367 729 4418 28
747 4363 833 4418 haren
858 4363 884 4417 0
