<?xml version="1.0" encoding="UTF-8"?>
<!DOCTYPE html PUBLIC "-//W3C//DTD XHTML 1.0 Transitional//EN"
    "http://www.w3.org/TR/xhtml1/DTD/xhtml1-transitional.dtd">
<html xmlns="http://www.w3.org/1999/xhtml" xml:lang="en" lang="en">
 <head>
  <title>
</title>
<meta http-equiv="Content-Type" content="text/html;charset=utf-8" />
  <meta name='ocr-system' content='tesseract 3.04.00' />
  <meta name='ocr-capabilities' content='ocr_page ocr_carea ocr_par ocr_line ocrx_word'/>
</head>
<body>
  <div class='ocr_page' id='page_1' title='image "./historiamiscell00sagagoog_0191.png"; bbox 0 0 2834 5394; ppageno 0'>
   <div class='ocr_carea' id='block_1_1' title="bbox 560 600 1280 660">
    <p class='ocr_par' dir='ltr' id='par_1_1' title="bbox 560 600 1280 660">
     <span class='ocr_line' id='line_1_1' title="bbox 560 600 1280 660; baseline 0.003 -2"><span class='ocrx_word' id='word_1_1' title='bbox 560 609 634 658; x_wconf 76' lang='lat' dir='ltr'><strong>cnr.</strong></span> <span class='ocrx_word' id='word_1_2' title='bbox 658 611 840 659; x_wconf 80' lang='lat' dir='ltr'><strong>xvi-num</strong></span> <span class='ocrx_word' id='word_1_3' title='bbox 1221 600 1280 660; x_wconf 83' lang='lat'><strong>177</strong></span> 
     </span>
    </p>
   </div>
   <div class='ocr_carea' id='block_1_2' title="bbox 117 759 1417 4257">
    <p class='ocr_par' dir='ltr' id='par_1_2' title="bbox 162 759 1291 846">
     <span class='ocr_line' id='line_1_2' title="bbox 162 759 1291 846; baseline 0.005 -23"><span class='ocrx_word' id='word_1_4' title='bbox 162 759 234 828; x_wconf 87' lang='lat' dir='ltr'><strong>oculis</strong></span> <span class='ocrx_word' id='word_1_5' title='bbox 253 761 363 846; x_wconf 78' lang='lat' dir='ltr'><strong>magis,</strong></span> <span class='ocrx_word' id='word_1_6' title='bbox 392 781 527 846; x_wconf 87' lang='lat' dir='ltr'><strong>quornm</strong></span> <span class='ocrx_word' id='word_1_7' title='bbox 555 763 644 829; x_wconf 87' lang='lat' dir='ltr'><strong>acies</strong></span> <span class='ocrx_word' id='word_1_8' title='bbox 673 763 927 829; x_wconf 85' lang='lat' dir='ltr'><strong>clarissimorum</strong></span> <span class='ocrx_word' id='word_1_9' title='bbox 956 762 1099 830; x_wconf 89' lang='lat' dir='ltr'><strong>siderum</strong></span> <span class='ocrx_word' id='word_1_10' title='bbox 1127 762 1222 831; x_wconf 91' lang='lat' dir='ltr'><strong>modo</strong></span> <span class='ocrx_word' id='word_1_11' title='bbox 1246 765 1291 829; x_wconf 92' lang='lat' dir='ltr'><strong>ui-</strong></span> 
     </span>
    </p>

    <p class='ocr_par' dir='ltr' id='par_1_3' title="bbox 159 869 1290 957">
     <span class='ocr_line' id='line_1_3' title="bbox 159 869 1290 957; baseline 0.008 -24"><span class='ocrx_word' id='word_1_12' title='bbox 159 869 228 937; x_wconf 86' lang='lat' dir='ltr'><strong>bram</strong></span> <span class='ocrx_word' id='word_1_13' title='bbox 247 871 381 937; x_wconf 84' lang='lat' dir='ltr'><strong>libenter</strong></span> <span class='ocrx_word' id='word_1_14' title='bbox 409 872 555 957; x_wconf 88' lang='lat' dir='ltr'><strong>acciepat</strong></span> <span class='ocrx_word' id='word_1_15' title='bbox 583 872 654 938; x_wconf 90' lang='lat' dir='ltr'><strong>cedi</strong></span> <span class='ocrx_word' id='word_1_16' title='bbox 684 873 726 939; x_wconf 91' lang='lat' dir='ltr'><strong>ab</strong></span> <span class='ocrx_word' id='word_1_17' title='bbox 748 872 990 940; x_wconf 83' lang='lat' dir='ltr'><strong>intendentibus</strong></span> <span class='ocrx_word' id='word_1_18' title='bbox 1024 882 1189 957; x_wconf 80' lang='lat' dir='ltr'><strong>tamquam</strong></span> <span class='ocrx_word' id='word_1_19' title='bbox 1211 873 1290 942; x_wconf 86' lang='lat' dir='ltr'><strong>solis</strong></span> 
     </span>
    </p>

    <p class='ocr_par' dir='ltr' id='par_1_4' title="bbox 156 979 1290 1066">
     <span class='ocr_line' id='line_1_4' title="bbox 156 979 1290 1066; baseline 0.001 -18"><span class='ocrx_word' id='word_1_20' title='bbox 156 979 226 1048; x_wconf 66' lang='lat' dir='ltr'><strong>radiis</strong></span> <span class='ocrx_word' id='word_1_21' title='bbox 242 981 386 1066; x_wconf 83' lang='lat' dir='ltr'><strong>aspectui</strong></span> <span class='ocrx_word' id='word_1_22' title='bbox 407 1003 476 1049; x_wconf 88' lang='lat' dir='ltr'><strong>suo.</strong></span> <span class='ocrx_word' id='word_1_23' title='bbox 521 983 654 1049; x_wconf 89' lang='lat' dir='ltr'><strong>acuius</strong></span> <span class='ocrx_word' id='word_1_24' title='bbox 675 984 745 1048; x_wconf 88' lang='lat' dir='ltr'><strong>acie</strong></span> <span class='ocrx_word' id='word_1_25' title='bbox 766 982 842 1048; x_wconf 87' lang='lat' dir='ltr'><strong>dnm</strong></span> <span class='ocrx_word' id='word_1_26' title='bbox 866 983 998 1066; x_wconf 89' lang='lat' dir='ltr'><strong>quidam</strong></span> <span class='ocrx_word' id='word_1_27' title='bbox 1021 985 1113 1051; x_wconf 89' lang='lat' dir='ltr'><strong>miles</strong></span> <span class='ocrx_word' id='word_1_28' title='bbox 1128 991 1290 1050; x_wconf 88' lang='lat' dir='ltr'><strong>auerteret</strong></span> 
     </span>
    </p>

    <p class='ocr_par' dir='ltr' id='par_1_5' title="bbox 128 1092 1290 1288">
     <span class='ocr_line' id='line_1_5' title="bbox 155 1092 1290 1179; baseline 0.002 -23"><span class='ocrx_word' id='word_1_29' title='bbox 155 1092 231 1158; x_wconf 80' lang='lat' dir='ltr'><strong>ordor</strong></span> <span class='ocrx_word' id='word_1_30' title='bbox 249 1097 280 1159; x_wconf 89' lang='lat' dir='ltr'><strong>et</strong></span> <span class='ocrx_word' id='word_1_31' title='bbox 300 1093 553 1176; x_wconf 77' lang='lat' dir='ltr'><strong>interrogaretur</strong></span> <span class='ocrx_word' id='word_1_32' title='bbox 573 1093 616 1158; x_wconf 86' lang='lat' dir='ltr'><strong>ab</strong></span> <span class='ocrx_word' id='word_1_33' title='bbox 638 1111 677 1159; x_wconf 92' lang='lat' dir='ltr'><strong>co</strong></span> <span class='ocrx_word' id='word_1_34' title='bbox 699 1112 755 1158; x_wconf 88' lang='lat' dir='ltr'><strong>our</strong></span> <span class='ocrx_word' id='word_1_35' title='bbox 775 1094 822 1159; x_wconf 91' lang='lat' dir='ltr'><strong>ita</strong></span> <span class='ocrx_word' id='word_1_36' title='bbox 849 1094 979 1176; x_wconf 85' lang='lat' dir='ltr'><strong>taceret,</strong></span> <span class='ocrx_word' id='word_1_37' title='bbox 1008 1093 1175 1179; x_wconf 87' lang='lat' dir='ltr'><strong>respondit</strong></span> <span class='ocrx_word' id='word_1_38' title='bbox 1203 1094 1290 1179; x_wconf 88' lang='lat' dir='ltr'><strong>‘quia</strong></span> 
     </span>
     <span class='ocr_line' id='line_1_6' title="bbox 128 1199 923 1288; baseline 0.006 -25"><span class='ocrx_word' id='word_1_39' title='bbox 128 1199 229 1267; x_wconf 69' lang='lat' dir='ltr'><strong>almon</strong></span> <span class='ocrx_word' id='word_1_40' title='bbox 247 1200 412 1268; x_wconf 87' lang='lat' dir='ltr'><strong>oculorum</strong></span> <span class='ocrx_word' id='word_1_41' title='bbox 433 1209 559 1268; x_wconf 90' lang='lat' dir='ltr'><strong>tuorum</strong></span> <span class='ocrx_word' id='word_1_42' title='bbox 581 1203 665 1269; x_wconf 86' lang='lat' dir='ltr'><strong>terre</strong></span> <span class='ocrx_word' id='word_1_43' title='bbox 686 1224 752 1269; x_wconf 91' lang='lat' dir='ltr'><strong>non</strong></span> <span class='ocrx_word' id='word_1_44' title='bbox 773 1204 923 1288; x_wconf 90' lang='lat' dir='ltr'><strong>possum&#39;.</strong></span> 
     </span>
    </p>

    <p class='ocr_par' dir='ltr' id='par_1_6' title="bbox 147 1305 1417 1728">
     <span class='ocr_line' id='line_1_7' title="bbox 205 1305 1417 1399; baseline -0.002 -22"><span class='ocrx_word' id='word_1_45' title='bbox 205 1312 267 1377; x_wconf 77' lang='lat' dir='ltr'><strong>Nec</strong></span> <span class='ocrx_word' id='word_1_46' title='bbox 293 1321 403 1379; x_wconf 88' lang='lat' dir='ltr'><strong>tamen</strong></span> <span class='ocrx_word' id='word_1_47' title='bbox 431 1312 482 1378; x_wconf 88' lang='lat' dir='ltr'><strong>uir</strong></span> <span class='ocrx_word' id='word_1_48' title='bbox 508 1320 618 1379; x_wconf 88' lang='lat' dir='ltr'><strong>tantus</strong></span> <span class='ocrx_word' id='word_1_49' title='bbox 646 1312 734 1379; x_wconf 92' lang='lat' dir='ltr'><strong>uitiis</strong></span> <span class='ocrx_word' id='word_1_50' title='bbox 762 1313 873 1378; x_wconf 89' lang='lat' dir='ltr'><strong>caruit.</strong></span> <span class='ocrx_word' id='word_1_51' title='bbox 918 1313 979 1379; x_wconf 81' lang='lat' dir='ltr'><strong>fnit</strong></span> <span class='ocrx_word' id='word_1_52' title='bbox 1005 1314 1092 1380; x_wconf 91' lang='lat' dir='ltr'><strong>enim</strong></span> <span class='ocrx_word' id='word_1_53' title='bbox 1119 1315 1285 1399; x_wconf 87' lang='lat' dir='ltr'><strong>paululum</strong></span> <span class='ocrx_word' id='word_1_54' title='bbox 1311 1305 1417 1377; x_wconf 74' lang='lat' dir='ltr'>xv11÷</span> 
     </span>
     <span class='ocr_line' id='line_1_8' title="bbox 148 1419 1285 1509; baseline 0.006 -25"><span class='ocrx_word' id='word_1_55' title='bbox 148 1419 287 1505; x_wconf 84' lang='lat' dir='ltr'><strong>inpatiens,</strong></span> <span class='ocrx_word' id='word_1_56' title='bbox 310 1423 427 1489; x_wconf 89' lang='lat' dir='ltr'><strong>leniter</strong></span> <span class='ocrx_word' id='word_1_57' title='bbox 448 1422 633 1503; x_wconf 90' lang='lat' dir='ltr'><strong>iracundus,</strong></span> <span class='ocrx_word' id='word_1_58' title='bbox 664 1424 786 1489; x_wconf 83' lang='lat' dir='ltr'><strong>occulte</strong></span> <span class='ocrx_word' id='word_1_59' title='bbox 809 1422 951 1506; x_wconf 84' lang='lat' dir='ltr'><strong>inuidos,</strong></span> <span class='ocrx_word' id='word_1_60' title='bbox 982 1425 1091 1509; x_wconf 88' lang='lat' dir='ltr'><strong>palam</strong></span> <span class='ocrx_word' id='word_1_61' title='bbox 1121 1424 1285 1492; x_wconf 80' lang='lat' dir='ltr'><strong>factiosus.</strong></span> 
     </span>
     <span class='ocr_line' id='line_1_9' title="bbox 147 1532 1288 1620; baseline 0.004 -23"><span class='ocrx_word' id='word_1_62' title='bbox 147 1539 341 1614; x_wconf 77' lang='lat' dir='ltr'><strong>parcentem</strong></span> <span class='ocrx_word' id='word_1_63' title='bbox 363 1532 553 1599; x_wconf 91' lang='lat' dir='ltr'><strong>dominandi</strong></span> <span class='ocrx_word' id='word_1_64' title='bbox 574 1553 674 1618; x_wconf 89' lang='lat' dir='ltr'><strong>supra</strong></span> <span class='ocrx_word' id='word_1_65' title='bbox 696 1553 791 1617; x_wconf 85' lang='lat' dir='ltr'><strong>quam</strong></span> <span class='ocrx_word' id='word_1_66' title='bbox 820 1534 986 1600; x_wconf 88' lang='lat' dir='ltr'><strong>aestimari</strong></span> <span class='ocrx_word' id='word_1_67' title='bbox 1013 1541 1121 1618; x_wconf 88' lang='lat' dir='ltr'><strong>potest</strong></span> <span class='ocrx_word' id='word_1_68' title='bbox 1149 1535 1288 1620; x_wconf 88' lang='lat' dir='ltr'><strong>cupidis·</strong></span> 
     </span>
     <span class='ocr_line' id='line_1_10' title="bbox 148 1639 1287 1728; baseline 0.005 -23"><span class='ocrx_word' id='word_1_69' title='bbox 148 1639 230 1726; x_wconf 86' lang='lat' dir='ltr'><strong>riuus,</strong></span> <span class='ocrx_word' id='word_1_70' title='bbox 250 1642 416 1710; x_wconf 85' lang='lat' dir='ltr'><strong>studiosus</strong></span> <span class='ocrx_word' id='word_1_71' title='bbox 437 1644 530 1708; x_wconf 88' lang='lat' dir='ltr'><strong>aleae</strong></span> <span class='ocrx_word' id='word_1_72' title='bbox 550 1644 649 1710; x_wconf 92' lang='lat' dir='ltr'><strong>lusor.</strong></span> <span class='ocrx_word' id='word_1_73' title='bbox 695 1662 831 1728; x_wconf 88' lang='lat' dir='ltr'><strong>cumque</strong></span> <span class='ocrx_word' id='word_1_74' title='bbox 859 1651 946 1710; x_wconf 87' lang='lat' dir='ltr'><strong>esset</strong></span> <span class='ocrx_word' id='word_1_75' title='bbox 973 1644 1037 1708; x_wconf 91' lang='lat' dir='ltr'><strong>cibi</strong></span> <span class='ocrx_word' id='word_1_76' title='bbox 1058 1664 1097 1710; x_wconf 88' lang='lat' dir='ltr'><strong>ac</strong></span> <span class='ocrx_word' id='word_1_77' title='bbox 1118 1644 1186 1710; x_wconf 80' lang='lat' dir='ltr'><strong>vini</strong></span> <span class='ocrx_word' id='word_1_78' title='bbox 1209 1648 1287 1711; x_wconf 89' lang='lat' dir='ltr'><strong>mul·</strong></span> 
     </span>
    </p>

    <p class='ocr_par' dir='ltr' id='par_1_7' title="bbox 117 1743 1288 2277">
     <span class='ocr_line' id='line_1_11' title="bbox 117 1743 1288 1837; baseline 0.008 -24"><span class='ocrx_word' id='word_1_79' title='bbox 117 1755 200 1834; x_wconf 76' lang='lat' dir='ltr'><strong>toton,</strong></span> <span class='ocrx_word' id='word_1_80' title='bbox 219 1751 421 1837; x_wconf 84' lang='lat' dir='ltr'><strong>aliquatenus</strong></span> <span class='ocrx_word' id='word_1_81' title='bbox 443 1773 520 1819; x_wconf 90' lang='lat' dir='ltr'><strong>uero</strong></span> <span class='ocrx_word' id='word_1_82' title='bbox 542 1754 648 1820; x_wconf 87' lang='lat' dir='ltr'><strong>somni</strong></span> <span class='ocrx_word' id='word_1_83' title='bbox 676 1753 856 1836; x_wconf 86' lang='lat' dir='ltr'><strong>abstinens,</strong></span> <span class='ocrx_word' id='word_1_84' title='bbox 886 1754 1050 1820; x_wconf 86' lang='lat' dir='ltr'><strong>seruiebat</strong></span> <span class='ocrx_word' id='word_1_85' title='bbox 1079 1763 1189 1821; x_wconf 72' lang='lat' dir='ltr'><strong>tamm</strong></span> <span class='ocrx_word' id='word_1_86' title='bbox 1217 1743 1288 1822; x_wconf 90' lang='lat' dir='ltr'><strong>libi-</strong></span> 
     </span>
     <span class='ocr_line' id='line_1_12' title="bbox 147 1857 1287 1948; baseline 0.004 -22"><span class='ocrx_word' id='word_1_87' title='bbox 147 1857 194 1926; x_wconf 83' lang='lat' dir='ltr'><strong>dini</strong></span> <span class='ocrx_word' id='word_1_88' title='bbox 216 1882 315 1946; x_wconf 86' lang='lat' dir='ltr'><strong>usque</strong></span> <span class='ocrx_word' id='word_1_89' title='bbox 344 1862 387 1929; x_wconf 89' lang='lat' dir='ltr'><strong>ad</strong></span> <span class='ocrx_word' id='word_1_90' title='bbox 415 1862 567 1947; x_wconf 85' lang='lat' dir='ltr'><strong>probrum</strong></span> <span class='ocrx_word' id='word_1_91' title='bbox 589 1864 733 1948; x_wconf 85' lang='lat' dir='ltr'><strong>uulgaris</strong></span> <span class='ocrx_word' id='word_1_92' title='bbox 756 1864 871 1928; x_wconf 84' lang='lat' dir='ltr'><strong>lamae.</strong></span> <span class='ocrx_word' id='word_1_93' title='bbox 915 1883 991 1927; x_wconf 88' lang='lat' dir='ltr'><strong>nam</strong></span> <span class='ocrx_word' id='word_1_94' title='bbox 1012 1864 1097 1929; x_wconf 88' lang='lat' dir='ltr'><strong>inter</strong></span> <span class='ocrx_word' id='word_1_95' title='bbox 1118 1864 1287 1931; x_wconf 81' lang='lat' dir='ltr'><strong>duodecim</strong></span> 
     </span>
     <span class='ocr_line' id='line_1_13' title="bbox 146 1972 1288 2059; baseline 0.005 -24"><span class='ocrx_word' id='word_1_96' title='bbox 146 1973 282 2040; x_wconf 77' lang='lat' dir='ltr'><strong>atanitos</strong></span> <span class='ocrx_word' id='word_1_97' title='bbox 313 1972 512 2057; x_wconf 90' lang='lat' dir='ltr'><strong>totidemque</strong></span> <span class='ocrx_word' id='word_1_98' title='bbox 543 1974 670 2059; x_wconf 89' lang='lat' dir='ltr'><strong>puellas</strong></span> <span class='ocrx_word' id='word_1_99' title='bbox 701 1974 860 2039; x_wconf 86' lang='lat' dir='ltr'><strong>accubare</strong></span> <span class='ocrx_word' id='word_1_100' title='bbox 892 1974 1005 2039; x_wconf 87' lang='lat' dir='ltr'><strong>solitus</strong></span> <span class='ocrx_word' id='word_1_101' title='bbox 1038 1982 1117 2040; x_wconf 89' lang='lat' dir='ltr'><strong>erat.</strong></span> <span class='ocrx_word' id='word_1_102' title='bbox 1161 1975 1288 2041; x_wconf 90' lang='lat' dir='ltr'><strong>abiecta</strong></span> 
     </span>
     <span class='ocr_line' id='line_1_14' title="bbox 147 2083 1287 2169; baseline 0.005 -25"><span class='ocrx_word' id='word_1_103' title='bbox 147 2099 242 2166; x_wconf 85' lang='lat' dir='ltr'><strong>quoque</strong></span> <span class='ocrx_word' id='word_1_104' title='bbox 262 2103 363 2150; x_wconf 81' lang='lat' dir='ltr'><strong>uxore</strong></span> <span class='ocrx_word' id='word_1_105' title='bbox 386 2083 556 2150; x_wconf 88' lang='lat' dir='ltr'><strong>Scribonia</strong></span> <span class='ocrx_word' id='word_1_106' title='bbox 577 2103 686 2150; x_wconf 89' lang='lat' dir='ltr'><strong>amore</strong></span> <span class='ocrx_word' id='word_1_107' title='bbox 708 2085 837 2150; x_wconf 89' lang='lat' dir='ltr'><strong>alienae</strong></span> <span class='ocrx_word' id='word_1_108' title='bbox 864 2084 1011 2167; x_wconf 82' lang='lat' dir='ltr'><strong>coniugis</strong></span> <span class='ocrx_word' id='word_1_109' title='bbox 1040 2105 1213 2169; x_wconf 86' lang='lat' dir='ltr'><strong>possessus</strong></span> <span class='ocrx_word' id='word_1_110' title='bbox 1235 2086 1287 2151; x_wconf 90' lang='lat' dir='ltr'><strong>Li-</strong></span> 
     </span>
     <span class='ocr_line' id='line_1_15' title="bbox 147 2188 1286 2277; baseline 0.01 -25"><span class='ocrx_word' id='word_1_111' title='bbox 147 2188 208 2256; x_wconf 84' lang='lat' dir='ltr'><strong>uiam</strong></span> <span class='ocrx_word' id='word_1_112' title='bbox 235 2193 329 2277; x_wconf 88' lang='lat' dir='ltr'><strong>quasi</strong></span> <span class='ocrx_word' id='word_1_113' title='bbox 362 2194 479 2258; x_wconf 88' lang='lat' dir='ltr'><strong>marito</strong></span> <span class='ocrx_word' id='word_1_114' title='bbox 511 2194 705 2259; x_wconf 88' lang='lat' dir='ltr'><strong>concedente</strong></span> <span class='ocrx_word' id='word_1_115' title='bbox 738 2194 799 2260; x_wconf 84' lang='lat' dir='ltr'><strong>sibi</strong></span> <span class='ocrx_word' id='word_1_116' title='bbox 834 2193 1008 2259; x_wconf 84' lang='lat' dir='ltr'><strong>coniunxit.</strong></span> <span class='ocrx_word' id='word_1_117' title='bbox 1053 2195 1144 2262; x_wconf 88' lang='lat' dir='ltr'><strong>ouius</strong></span> <span class='ocrx_word' id='word_1_118' title='bbox 1171 2197 1286 2263; x_wconf 88' lang='lat' dir='ltr'><strong>Liuiae</strong></span> 
     </span>
    </p>

    <p class='ocr_par' dir='ltr' id='par_1_8' title="bbox 117 2297 1288 2827">
     <span class='ocr_line' id='line_1_16' title="bbox 117 2297 1288 2388; baseline 0.011 -28"><span class='ocrx_word' id='word_1_119' title='bbox 117 2297 190 2365; x_wconf 80' lang='lat' dir='ltr'><strong>aian</strong></span> <span class='ocrx_word' id='word_1_120' title='bbox 207 2309 293 2369; x_wconf 88' lang='lat' dir='ltr'><strong>crant</strong></span> <span class='ocrx_word' id='word_1_121' title='bbox 314 2303 374 2368; x_wconf 91' lang='lat' dir='ltr'><strong>filii</strong></span> <span class='ocrx_word' id='word_1_122' title='bbox 389 2304 540 2370; x_wconf 90' lang='lat' dir='ltr'><strong>Tiberius</strong></span> <span class='ocrx_word' id='word_1_123' title='bbox 563 2312 595 2369; x_wconf 92' lang='lat' dir='ltr'><strong>et</strong></span> <span class='ocrx_word' id='word_1_124' title='bbox 609 2305 745 2370; x_wconf 87' lang='lat' dir='ltr'><strong>Drusus.</strong></span> <span class='ocrx_word' id='word_1_125' title='bbox 789 2323 926 2388; x_wconf 89' lang='lat' dir='ltr'><strong>cumque</strong></span> <span class='ocrx_word' id='word_1_126' title='bbox 948 2310 1033 2370; x_wconf 90' lang='lat' dir='ltr'><strong>esset</strong></span> <span class='ocrx_word' id='word_1_127' title='bbox 1053 2305 1200 2372; x_wconf 84' lang='lat' dir='ltr'><strong>luxuriae</strong></span> <span class='ocrx_word' id='word_1_128' title='bbox 1222 2326 1288 2372; x_wconf 89' lang='lat' dir='ltr'><strong>ser·</strong></span> 
     </span>
     <span class='ocr_line' id='line_1_17' title="bbox 147 2408 1287 2494; baseline 0.007 -21"><span class='ocrx_word' id='word_1_129' title='bbox 147 2408 220 2494; x_wconf 84' lang='lat' dir='ltr'><strong>dens,</strong></span> <span class='ocrx_word' id='word_1_130' title='bbox 250 2420 322 2479; x_wconf 88' lang='lat' dir='ltr'><strong>erat</strong></span> <span class='ocrx_word' id='word_1_131' title='bbox 354 2421 464 2479; x_wconf 89' lang='lat' dir='ltr'><strong>tamen</strong></span> <span class='ocrx_word' id='word_1_132' title='bbox 494 2413 639 2479; x_wconf 90' lang='lat' dir='ltr'><strong>eiusdem</strong></span> <span class='ocrx_word' id='word_1_133' title='bbox 668 2413 740 2480; x_wconf 91' lang='lat' dir='ltr'><strong>uitii</strong></span> <span class='ocrx_word' id='word_1_134' title='bbox 768 2414 994 2480; x_wconf 89' lang='lat' dir='ltr'><strong>seuerissimus</strong></span> <span class='ocrx_word' id='word_1_135' title='bbox 1016 2414 1100 2479; x_wconf 89' lang='lat' dir='ltr'><strong>ultor</strong></span> <span class='ocrx_word' id='word_1_136' title='bbox 1121 2435 1209 2481; x_wconf 91' lang='lat' dir='ltr'><strong>more</strong></span> <span class='ocrx_word' id='word_1_137' title='bbox 1231 2415 1287 2481; x_wconf 92' lang='lat' dir='ltr'><strong>ho·</strong></span> 
     </span>
     <span class='ocr_line' id='line_1_18' title="bbox 147 2519 1287 2610; baseline 0.009 -29"><span class='ocrx_word' id='word_1_138' title='bbox 147 2519 245 2607; x_wconf 85' lang='lat' dir='ltr'><strong>uinum,</strong></span> <span class='ocrx_word' id='word_1_139' title='bbox 278 2524 333 2607; x_wconf 91' lang='lat' dir='ltr'><strong>qui</strong></span> <span class='ocrx_word' id='word_1_140' title='bbox 361 2523 396 2589; x_wconf 92' lang='lat' dir='ltr'><strong>in</strong></span> <span class='ocrx_word' id='word_1_141' title='bbox 424 2523 618 2590; x_wconf 90' lang='lat' dir='ltr'><strong>ulciscendis</strong></span> <span class='ocrx_word' id='word_1_142' title='bbox 646 2524 743 2606; x_wconf 88' lang='lat' dir='ltr'><strong>uitiis,</strong></span> <span class='ocrx_word' id='word_1_143' title='bbox 775 2524 892 2607; x_wconf 90' lang='lat' dir='ltr'><strong>quibus</strong></span> <span class='ocrx_word' id='word_1_144' title='bbox 921 2525 986 2610; x_wconf 92' lang='lat' dir='ltr'><strong>ipsi</strong></span> <span class='ocrx_word' id='word_1_145' title='bbox 1009 2524 1219 2591; x_wconf 83' lang='lat' dir='ltr'><strong>vehementer</strong></span> <span class='ocrx_word' id='word_1_146' title='bbox 1240 2527 1287 2591; x_wconf 90' lang='lat' dir='ltr'><strong>in·</strong></span> 
     </span>
     <span class='ocr_line' id='line_1_19' title="bbox 147 2625 1286 2720; baseline 0.006 -26"><span class='ocrx_word' id='word_1_147' title='bbox 147 2625 255 2714; x_wconf 80' lang='lat' dir='ltr'><strong>dulgent,</strong></span> <span class='ocrx_word' id='word_1_148' title='bbox 279 2653 371 2700; x_wconf 87' lang='lat' dir='ltr'><strong>acres</strong></span> <span class='ocrx_word' id='word_1_149' title='bbox 394 2640 479 2700; x_wconf 85' lang='lat' dir='ltr'><strong>sunt.</strong></span> <span class='ocrx_word' id='word_1_150' title='bbox 523 2630 615 2716; x_wconf 88' lang='lat' dir='ltr'><strong>&lt;nam</strong></span> <span class='ocrx_word' id='word_1_151' title='bbox 637 2642 767 2719; x_wconf 89' lang='lat' dir='ltr'><strong>poetam</strong></span> <span class='ocrx_word' id='word_1_152' title='bbox 789 2634 950 2716; x_wconf 89' lang='lat' dir='ltr'><strong>Ouidium,</strong></span> <span class='ocrx_word' id='word_1_153' title='bbox 974 2635 1029 2718; x_wconf 90' lang='lat' dir='ltr'><strong>qui</strong></span> <span class='ocrx_word' id='word_1_154' title='bbox 1052 2637 1204 2716; x_wconf 79' lang='lat' dir='ltr'><strong>elliam,</strong></span> <span class='ocrx_word' id='word_1_155' title='bbox 1227 2656 1286 2720; x_wconf 91' lang='lat' dir='ltr'><strong>pro</strong></span> 
     </span>
     <span class='ocr_line' id='line_1_20' title="bbox 148 2740 1286 2827; baseline 0.001 -20"><span class='ocrx_word' id='word_1_156' title='bbox 148 2743 265 2826; x_wconf 78' lang='lat' dir='ltr'><strong>eoquod</strong></span> <span class='ocrx_word' id='word_1_157' title='bbox 293 2751 359 2809; x_wconf 91' lang='lat' dir='ltr'><strong>tres</strong></span> <span class='ocrx_word' id='word_1_158' title='bbox 388 2744 514 2809; x_wconf 91' lang='lat' dir='ltr'><strong>libellos</strong></span> <span class='ocrx_word' id='word_1_159' title='bbox 531 2740 622 2810; x_wconf 82' lang='lat' dir='ltr'><strong>‘artis</strong></span> <span class='ocrx_word' id='word_1_160' title='bbox 651 2745 829 2809; x_wconf 82' lang='lat' dir='ltr'><strong>amatoriae</strong></span> <span class='ocrx_word' id='word_1_161' title='bbox 858 2744 1041 2827; x_wconf 81' lang='lat' dir='ltr'><strong>scripserat,</strong></span> <span class='ocrx_word' id='word_1_162' title='bbox 1075 2744 1286 2809; x_wconf 86' lang='lat' dir='ltr'><strong>inreuocabili</strong></span> 
     </span>
    </p>

    <p class='ocr_par' dir='ltr' id='par_1_9' title="bbox 118 2843 1288 3377">
     <span class='ocr_line' id='line_1_21' title="bbox 118 2843 1288 2938; baseline 0.01 -31"><span class='ocrx_word' id='word_1_163' title='bbox 118 2843 281 2919; x_wconf 80' lang='lat' dir='ltr'><strong>alannauit</strong></span> <span class='ocrx_word' id='word_1_164' title='bbox 302 2854 409 2919; x_wconf 84' lang='lat' dir='ltr'><strong>exilio.</strong></span> <span class='ocrx_word' id='word_1_165' title='bbox 455 2853 604 2938; x_wconf 87' lang='lat' dir='ltr'><strong>quodque</strong></span> <span class='ocrx_word' id='word_1_166' title='bbox 626 2862 675 2920; x_wconf 91' lang='lat' dir='ltr'><strong>est</strong></span> <span class='ocrx_word' id='word_1_167' title='bbox 697 2855 775 2919; x_wconf 92' lang='lat' dir='ltr'><strong>laeti</strong></span> <span class='ocrx_word' id='word_1_168' title='bbox 796 2854 896 2919; x_wconf 90' lang='lat' dir='ltr'><strong>animi</strong></span> <span class='ocrx_word' id='word_1_169' title='bbox 920 2855 971 2918; x_wconf 93' lang='lat' dir='ltr'><strong>uel</strong></span> <span class='ocrx_word' id='word_1_170' title='bbox 987 2854 1124 2937; x_wconf 86' lang='lat' dir='ltr'><strong>amoeni,</strong></span> <span class='ocrx_word' id='word_1_171' title='bbox 1149 2855 1288 2919; x_wconf 87' lang='lat' dir='ltr'><strong>oblecta·</strong></span> 
     </span>
     <span class='ocr_line' id='line_1_22' title="bbox 148 2954 1287 3049; baseline 0.008 -27"><span class='ocrx_word' id='word_1_172' title='bbox 148 2954 213 3027; x_wconf 80' lang='lat' dir='ltr'><strong>batur</strong></span> <span class='ocrx_word' id='word_1_173' title='bbox 231 2964 318 3028; x_wconf 93' lang='lat' dir='ltr'><strong>omni</strong></span> <span class='ocrx_word' id='word_1_174' title='bbox 339 2982 459 3048; x_wconf 84' lang='lat' dir='ltr'><strong>genere</strong></span> <span class='ocrx_word' id='word_1_175' title='bbox 482 2965 736 3049; x_wconf 88' lang='lat' dir='ltr'><strong>spectaculorum</strong></span> <span class='ocrx_word' id='word_1_176' title='bbox 763 2966 937 3048; x_wconf 87' lang='lat' dir='ltr'><strong>praecipue</strong></span> <span class='ocrx_word' id='word_1_177' title='bbox 959 2964 1098 3029; x_wconf 82' lang='lat' dir='ltr'><strong>terarum</strong></span> <span class='ocrx_word' id='word_1_178' title='bbox 1123 2963 1287 3048; x_wconf 82' lang='lat' dir='ltr'><strong>incognita</strong></span> 
     </span>
     <span class='ocr_line' id='line_1_23' title="bbox 148 3072 1286 3165; baseline 0.009 -35"><span class='ocrx_word' id='word_1_179' title='bbox 148 3072 223 3151; x_wconf 85' lang='lat' dir='ltr'><strong>specie</strong></span> <span class='ocrx_word' id='word_1_180' title='bbox 250 3081 282 3140; x_wconf 92' lang='lat' dir='ltr'><strong>et</strong></span> <span class='ocrx_word' id='word_1_181' title='bbox 309 3074 436 3139; x_wconf 90' lang='lat' dir='ltr'><strong>infinito</strong></span> <span class='ocrx_word' id='word_1_182' title='bbox 465 3094 607 3165; x_wconf 84' lang='lat' dir='ltr'><strong>numero.</strong></span> <span class='ocrx_word' id='word_1_183' title='bbox 652 3073 715 3137; x_wconf 87' lang='lat' dir='ltr'><strong>iam</strong></span> <span class='ocrx_word' id='word_1_184' title='bbox 746 3082 778 3139; x_wconf 92' lang='lat' dir='ltr'><strong>et</strong></span> <span class='ocrx_word' id='word_1_185' title='bbox 807 3075 840 3138; x_wconf 92' lang='lat' dir='ltr'><strong>in</strong></span> <span class='ocrx_word' id='word_1_186' title='bbox 868 3073 1079 3158; x_wconf 91' lang='lat' dir='ltr'><strong>adipiscendo</strong></span> <span class='ocrx_word' id='word_1_187' title='bbox 1103 3075 1286 3159; x_wconf 89' lang='lat' dir='ltr'><strong>principatu</strong></span> 
     </span>
     <span class='ocr_line' id='line_1_24' title="bbox 147 3183 1287 3267; baseline 0.004 -22"><span class='ocrx_word' id='word_1_188' title='bbox 147 3195 287 3263; x_wconf 81' lang='lat' dir='ltr'><strong>oppressor</strong></span> <span class='ocrx_word' id='word_1_189' title='bbox 308 3184 468 3251; x_wconf 86' lang='lat' dir='ltr'><strong>libertatis</strong></span> <span class='ocrx_word' id='word_1_190' title='bbox 491 3192 540 3250; x_wconf 92' lang='lat' dir='ltr'><strong>est</strong></span> <span class='ocrx_word' id='word_1_191' title='bbox 562 3183 692 3250; x_wconf 89' lang='lat' dir='ltr'><strong>habitus</strong></span> <span class='ocrx_word' id='word_1_192' title='bbox 714 3190 746 3249; x_wconf 91' lang='lat' dir='ltr'><strong>et</strong></span> <span class='ocrx_word' id='word_1_193' title='bbox 768 3185 802 3248; x_wconf 94' lang='lat' dir='ltr'><strong>in</strong></span> <span class='ocrx_word' id='word_1_194' title='bbox 823 3183 966 3267; x_wconf 83' lang='lat' dir='ltr'><strong>gerendo</strong></span> <span class='ocrx_word' id='word_1_195' title='bbox 989 3184 1078 3249; x_wconf 87' lang='lat' dir='ltr'><strong>ciues</strong></span> <span class='ocrx_word' id='word_1_196' title='bbox 1102 3185 1148 3250; x_wconf 93' lang='lat' dir='ltr'><strong>sic</strong></span> <span class='ocrx_word' id='word_1_197' title='bbox 1164 3186 1287 3250; x_wconf 87' lang='lat' dir='ltr'><strong>amauit</strong></span> 
     </span>
     <span class='ocr_line' id='line_1_25' title="bbox 147 3292 1286 3377; baseline 0.009 -28"><span class='ocrx_word' id='word_1_198' title='bbox 147 3296 169 3351; x_wconf 87' lang='lat' dir='ltr'><strong>u</strong></span> <span class='ocrx_word' id='word_1_199' title='bbox 183 3292 266 3359; x_wconf 88' lang='lat' dir='ltr'><strong>tridui</strong></span> <span class='ocrx_word' id='word_1_200' title='bbox 287 3294 447 3359; x_wconf 76' lang='lat' dir='ltr'><strong>frumento</strong></span> <span class='ocrx_word' id='word_1_201' title='bbox 469 3294 503 3358; x_wconf 93' lang='lat' dir='ltr'><strong>in</strong></span> <span class='ocrx_word' id='word_1_202' title='bbox 526 3292 649 3359; x_wconf 86' lang='lat' dir='ltr'><strong>horreis</strong></span> <span class='ocrx_word' id='word_1_203' title='bbox 672 3294 834 3377; x_wconf 89' lang='lat' dir='ltr'><strong>quondam</strong></span> <span class='ocrx_word' id='word_1_204' title='bbox 870 3294 940 3359; x_wconf 91' lang='lat' dir='ltr'><strong>uiso</strong></span> <span class='ocrx_word' id='word_1_205' title='bbox 969 3294 1136 3359; x_wconf 88' lang='lat' dir='ltr'><strong>statuisset</strong></span> <span class='ocrx_word' id='word_1_206' title='bbox 1160 3315 1286 3360; x_wconf 87' lang='lat' dir='ltr'><strong>ueneno</strong></span> 
     </span>
    </p>

    <p class='ocr_par' dir='ltr' id='par_1_10' title="bbox 118 3401 1287 3598">
     <span class='ocr_line' id='line_1_26' title="bbox 118 3401 1287 3489; baseline 0.011 -31"><span class='ocrx_word' id='word_1_207' title='bbox 118 3401 218 3465; x_wconf 77' lang='lat' dir='ltr'><strong>aenon</strong></span> <span class='ocrx_word' id='word_1_208' title='bbox 237 3405 264 3471; x_wconf 91' lang='lat' dir='ltr'><strong>si</strong></span> <span class='ocrx_word' id='word_1_209' title='bbox 287 3424 305 3470; x_wconf 93' lang='lat' dir='ltr'><strong>e</strong></span> <span class='ocrx_word' id='word_1_210' title='bbox 326 3404 503 3489; x_wconf 90' lang='lat' dir='ltr'><strong>prouinciis</strong></span> <span class='ocrx_word' id='word_1_211' title='bbox 524 3405 648 3470; x_wconf 86' lang='lat' dir='ltr'><strong>classes</strong></span> <span class='ocrx_word' id='word_1_212' title='bbox 672 3404 794 3468; x_wconf 85' lang='lat' dir='ltr'><strong>interea</strong></span> <span class='ocrx_word' id='word_1_213' title='bbox 816 3425 881 3469; x_wconf 92' lang='lat' dir='ltr'><strong>non</strong></span> <span class='ocrx_word' id='word_1_214' title='bbox 904 3404 1061 3485; x_wconf 90' lang='lat' dir='ltr'><strong>uenirent,</strong></span> <span class='ocrx_word' id='word_1_215' title='bbox 1093 3403 1209 3488; x_wconf 90' lang='lat' dir='ltr'><strong>quibus</strong></span> <span class='ocrx_word' id='word_1_216' title='bbox 1232 3403 1287 3471; x_wconf 89' lang='lat' dir='ltr'><strong>ad-</strong></span> 
     </span>
     <span class='ocr_line' id='line_1_27' title="bbox 148 3511 996 3598; baseline 0.007 -25"><span class='ocrx_word' id='word_1_217' title='bbox 148 3511 219 3578; x_wconf 80' lang='lat' dir='ltr'><strong>uotis</strong></span> <span class='ocrx_word' id='word_1_218' title='bbox 239 3515 385 3579; x_wconf 83' lang='lat' dir='ltr'><strong>felicitati</strong></span> <span class='ocrx_word' id='word_1_219' title='bbox 408 3514 478 3580; x_wconf 92' lang='lat' dir='ltr'><strong>eius</strong></span> <span class='ocrx_word' id='word_1_220' title='bbox 501 3514 590 3581; x_wconf 87' lang='lat' dir='ltr'><strong>salus</strong></span> <span class='ocrx_word' id='word_1_221' title='bbox 612 3515 738 3598; x_wconf 89' lang='lat' dir='ltr'><strong>patriae</strong></span> <span class='ocrx_word' id='word_1_222' title='bbox 761 3521 811 3580; x_wconf 89' lang='lat' dir='ltr'><strong>est</strong></span> <span class='ocrx_word' id='word_1_223' title='bbox 833 3514 996 3579; x_wconf 89' lang='lat' dir='ltr'><strong>attributa.</strong></span> 
     </span>
    </p>

    <p class='ocr_par' dir='ltr' id='par_1_11' title="bbox 148 3621 1287 3927">
     <span class='ocr_line' id='line_1_28' title="bbox 204 3621 1285 3708; baseline 0.005 -23"><span class='ocrx_word' id='word_1_224' title='bbox 204 3621 312 3708; x_wconf 85' lang='lat' dir='ltr'><strong>Itaque</strong></span> <span class='ocrx_word' id='word_1_225' title='bbox 333 3644 419 3689; x_wconf 90' lang='lat' dir='ltr'><strong>anno</strong></span> <span class='ocrx_word' id='word_1_226' title='bbox 441 3624 484 3689; x_wconf 92' lang='lat' dir='ltr'><strong>ab</strong></span> <span class='ocrx_word' id='word_1_227' title='bbox 506 3624 585 3688; x_wconf 90' lang='lat' dir='ltr'><strong>urbe</strong></span> <span class='ocrx_word' id='word_1_228' title='bbox 614 3622 744 3688; x_wconf 90' lang='lat' dir='ltr'><strong>condita</strong></span> <span class='ocrx_word' id='word_1_229' title='bbox 772 3623 1059 3708; x_wconf 83' lang='lat' dir='ltr'><strong>septingentesimo</strong></span> <span class='ocrx_word' id='word_1_230' title='bbox 1090 3625 1285 3708; x_wconf 84' lang='lat' dir='ltr'><strong>quinquage-</strong></span> 
     </span>
     <span class='ocr_line' id='line_1_29' title="bbox 148 3724 1287 3816; baseline 0.012 -30"><span class='ocrx_word' id='word_1_231' title='bbox 148 3724 204 3794; x_wconf 89' lang='lat' dir='ltr'><strong>sino</strong></span> <span class='ocrx_word' id='word_1_232' title='bbox 231 3733 370 3799; x_wconf 87' lang='lat' dir='ltr'><strong>secundo</strong></span> <span class='ocrx_word' id='word_1_233' title='bbox 399 3732 521 3800; x_wconf 84' lang='lat' dir='ltr'><strong>Caesar</strong></span> <span class='ocrx_word' id='word_1_234' title='bbox 542 3734 706 3816; x_wconf 82' lang='lat' dir='ltr'><strong>Augustus</strong></span> <span class='ocrx_word' id='word_1_235' title='bbox 739 3734 781 3798; x_wconf 90' lang='lat' dir='ltr'><strong>ab</strong></span> <span class='ocrx_word' id='word_1_236' title='bbox 810 3733 932 3799; x_wconf 89' lang='lat' dir='ltr'><strong>oriente</strong></span> <span class='ocrx_word' id='word_1_237' title='bbox 965 3735 998 3798; x_wconf 91' lang='lat' dir='ltr'><strong>in</strong></span> <span class='ocrx_word' id='word_1_238' title='bbox 1027 3734 1234 3814; x_wconf 81' lang='lat' dir='ltr'><strong>occidentem,</strong></span> <span class='ocrx_word' id='word_1_239' title='bbox 1266 3756 1287 3800; x_wconf 89' lang='lat' dir='ltr'><strong>a</strong></span> 
     </span>
     <span class='ocr_line' id='line_1_30' title="bbox 149 3843 1286 3927; baseline 0.003 -22"><span class='ocrx_word' id='word_1_240' title='bbox 149 3844 397 3920; x_wconf 68' lang='lat' dir='ltr'><strong>septemtrionem</strong></span> <span class='ocrx_word' id='word_1_241' title='bbox 421 3843 588 3909; x_wconf 88' lang='lat' dir='ltr'><strong>meridiem</strong></span> <span class='ocrx_word' id='word_1_242' title='bbox 611 3862 649 3907; x_wconf 90' lang='lat' dir='ltr'><strong>ac</strong></span> <span class='ocrx_word' id='word_1_243' title='bbox 678 3863 737 3927; x_wconf 92' lang='lat' dir='ltr'><strong>per</strong></span> <span class='ocrx_word' id='word_1_244' title='bbox 765 3851 864 3907; x_wconf 93' lang='lat' dir='ltr'><strong>totum</strong></span> <span class='ocrx_word' id='word_1_245' title='bbox 894 3844 1006 3908; x_wconf 86' lang='lat' dir='ltr'><strong>oceani</strong></span> <span class='ocrx_word' id='word_1_246' title='bbox 1036 3844 1188 3907; x_wconf 87' lang='lat' dir='ltr'><strong>circulum</strong></span> <span class='ocrx_word' id='word_1_247' title='bbox 1211 3863 1286 3908; x_wconf 91' lang='lat' dir='ltr'><strong>cun-</strong></span> 
     </span>
    </p>

    <p class='ocr_par' dir='ltr' id='par_1_12' title="bbox 118 3946 1287 4257">
     <span class='ocr_line' id='line_1_31' title="bbox 118 3946 1286 4039; baseline 0.003 -26"><span class='ocrx_word' id='word_1_248' title='bbox 118 3946 189 4013; x_wconf 63' lang='lat' dir='ltr'><strong>³lttis</strong></span> <span class='ocrx_word' id='word_1_249' title='bbox 204 3953 345 4034; x_wconf 84' lang='lat' dir='ltr'><strong>gentibus</strong></span> <span class='ocrx_word' id='word_1_250' title='bbox 367 3974 434 4018; x_wconf 88' lang='lat' dir='ltr'><strong>una</strong></span> <span class='ocrx_word' id='word_1_251' title='bbox 455 3973 534 4037; x_wconf 87' lang='lat' dir='ltr'><strong>pace</strong></span> <span class='ocrx_word' id='word_1_252' title='bbox 557 3953 742 4036; x_wconf 89' lang='lat' dir='ltr'><strong>compositis</strong></span> <span class='ocrx_word' id='word_1_253' title='bbox 764 3953 834 4018; x_wconf 89' lang='lat' dir='ltr'><strong>Iani</strong></span> <span class='ocrx_word' id='word_1_254' title='bbox 858 3961 968 4039; x_wconf 88' lang='lat' dir='ltr'><strong>portas</strong></span> <span class='ocrx_word' id='word_1_255' title='bbox 990 3954 1084 4019; x_wconf 88' lang='lat' dir='ltr'><strong>tertio</strong></span> <span class='ocrx_word' id='word_1_256' title='bbox 1112 3954 1182 4036; x_wconf 87' lang='lat' dir='ltr'><strong>ipse</strong></span> <span class='ocrx_word' id='word_1_257' title='bbox 1211 3960 1286 4017; x_wconf 90' lang='lat' dir='ltr'><strong>tuuc</strong></span> 
     </span>
     <span class='ocr_line' id='line_1_32' title="bbox 150 4053 1287 4148; baseline 0.011 -34"><span class='ocrx_word' id='word_1_258' title='bbox 150 4053 242 4146; x_wconf 79' lang='lat' dir='ltr'><strong>clausit,</strong></span> <span class='ocrx_word' id='word_1_259' title='bbox 264 4084 346 4148; x_wconf 91' lang='lat' dir='ltr'><strong>quas</strong></span> <span class='ocrx_word' id='word_1_260' title='bbox 369 4083 410 4129; x_wconf 83' lang='lat' dir='ltr'><strong>ex</strong></span> <span class='ocrx_word' id='word_1_261' title='bbox 433 4083 471 4128; x_wconf 91' lang='lat' dir='ltr'><strong>eo</strong></span> <span class='ocrx_word' id='word_1_262' title='bbox 492 4083 551 4148; x_wconf 90' lang='lat' dir='ltr'><strong>por</strong></span> <span class='ocrx_word' id='word_1_263' title='bbox 575 4063 743 4128; x_wconf 91' lang='lat' dir='ltr'><strong>duodecim</strong></span> <span class='ocrx_word' id='word_1_264' title='bbox 767 4064 832 4128; x_wconf 87' lang='lat' dir='ltr'><strong>iere</strong></span> <span class='ocrx_word' id='word_1_265' title='bbox 855 4084 957 4130; x_wconf 90' lang='lat' dir='ltr'><strong>annos</strong></span> <span class='ocrx_word' id='word_1_266' title='bbox 981 4062 1183 4146; x_wconf 83' lang='lat' dir='ltr'><strong>quietissimo</strong></span> <span class='ocrx_word' id='word_1_267' title='bbox 1207 4082 1287 4128; x_wconf 88' lang='lat' dir='ltr'><strong>sem-</strong></span> 
     </span>
     <span class='ocr_line' id='line_1_33' title="bbox 148 4173 1286 4257; baseline -0.002 -20"><span class='ocrx_word' id='word_1_268' title='bbox 148 4181 188 4244; x_wconf 71' lang='lat' dir='ltr'><strong>ber</strong></span> <span class='ocrx_word' id='word_1_269' title='bbox 208 4173 368 4240; x_wconf 88' lang='lat' dir='ltr'><strong>obseratas</strong></span> <span class='ocrx_word' id='word_1_270' title='bbox 399 4173 464 4237; x_wconf 90' lang='lat' dir='ltr'><strong>otio</strong></span> <span class='ocrx_word' id='word_1_271' title='bbox 492 4174 567 4257; x_wconf 88' lang='lat' dir='ltr'><strong>ipsa</strong></span> <span class='ocrx_word' id='word_1_272' title='bbox 593 4174 691 4238; x_wconf 88' lang='lat' dir='ltr'><strong>etiam</strong></span> <span class='ocrx_word' id='word_1_273' title='bbox 720 4174 832 4257; x_wconf 82' lang='lat' dir='ltr'><strong>robigo</strong></span> <span class='ocrx_word' id='word_1_274' title='bbox 856 4174 1008 4256; x_wconf 86' lang='lat' dir='ltr'><strong>signauit.</strong></span> <span class='ocrx_word' id='word_1_275' title='bbox 1053 4192 1112 4238; x_wconf 90' lang='lat' dir='ltr'><strong>nco</strong></span> <span class='ocrx_word' id='word_1_276' title='bbox 1135 4193 1286 4256; x_wconf 89' lang='lat' dir='ltr'><strong>umquam</strong></span> 
     </span>
    </p>
   </div>
   <div class='ocr_carea' id='block_1_3' title="bbox 150 4291 410 4313">
    <p class='ocr_par' dir='ltr' id='par_1_13' title="bbox 150 4291 410 4313">
     <span class='ocr_line' id='line_1_34' title="bbox 150 4291 410 4313; baseline 0 -1"><span class='ocrx_word' id='word_1_277' title='bbox 150 4291 410 4313; x_wconf 34' lang='lat' dir='ltr'><strong>x—</strong></span> 
     </span>
    </p>
   </div>
   <div class='ocr_carea' id='block_1_4' title="bbox 144 4363 1287 4715">
    <p class='ocr_par' dir='ltr' id='par_1_14' title="bbox 144 4363 1287 4715">
     <span class='ocr_line' id='line_1_35' title="bbox 196 4363 1286 4436; baseline -0.002 -16"><span class='ocrx_word' id='word_1_278' title='bbox 196 4366 371 4436; x_wconf 77' lang='lat' dir='ltr'><strong>lmsgrlDP:</strong></span> <span class='ocrx_word' id='word_1_279' title='bbox 389 4366 493 4435; x_wconf 80' lang='lat' dir='ltr'><strong>magnis</strong></span> <span class='ocrx_word' id='word_1_280' title='bbox 508 4363 566 4420; x_wconf 86' lang='lat' dir='ltr'><strong>cod.</strong></span> <span class='ocrx_word' id='word_1_281' title='bbox 578 4363 687 4419; x_wconf 78' lang='lat' dir='ltr'><strong>Pithoei</strong></span> <span class='ocrx_word' id='word_1_282' title='bbox 736 4365 908 4421; x_wconf 82' lang='lat' dir='ltr'><strong>bibranlDB</strong></span> <span class='ocrx_word' id='word_1_283' title='bbox 972 4364 1166 4431; x_wconf 61' lang='lat' dir='ltr'><strong>imtentrbd)</strong></span> <span class='ocrx_word' id='word_1_284' title='bbox 1218 4373 1286 4419; x_wconf 91' lang='lat' dir='ltr'><strong>tam-</strong></span> 
     </span>
     <span class='ocr_line' id='line_1_36' title="bbox 146 4453 1286 4527; baseline -0.005 -12"><span class='ocrx_word' id='word_1_285' title='bbox 146 4453 206 4516; x_wconf 71' lang='lat' dir='ltr'><strong>lfflb</strong></span> <span class='ocrx_word' id='word_1_286' title='bbox 250 4460 383 4525; x_wconf 77' lang='lat' dir='ltr'><strong>aeaut),</strong></span> <span class='ocrx_word' id='word_1_287' title='bbox 401 4457 615 4514; x_wconf 82' lang='lat' dir='ltr'><strong>deiudetacreB</strong></span> <span class='ocrx_word' id='word_1_288' title='bbox 668 4458 806 4527; x_wconf 77' lang='lat' dir='ltr'><strong>‹lquurB</strong></span> <span class='ocrx_word' id='word_1_289' title='bbox 868 4457 1072 4526; x_wconf 75' lang='lat' dir='ltr'><strong>irnpacrenll)</strong></span> <span class='ocrx_word' id='word_1_290' title='bbox 1124 4459 1219 4511; x_wconf 77' lang='lat' dir='ltr'><strong>leuiter</strong></span> <span class='ocrx_word' id='word_1_291' title='bbox 1228 4457 1286 4512; x_wconf 79' lang='lat' dir='ltr'><strong>cod.</strong></span> 
     </span>
     <span class='ocr_line' id='line_1_37' title="bbox 146 4538 1287 4608; baseline 0 -4"><span class='ocrx_word' id='word_1_292' title='bbox 146 4538 228 4604; x_wconf 70' lang='lat' dir='ltr'><strong>Hilari</strong></span> <span class='ocrx_word' id='word_1_293' title='bbox 280 4558 311 4607; x_wconf 82' lang='grc' dir='ltr'><strong>ιθ</strong></span> <span class='ocrx_word' id='word_1_294' title='bbox 329 4569 394 4608; x_wconf 90' lang='lat' dir='ltr'><strong>uero</strong></span> <span class='ocrx_word' id='word_1_295' title='bbox 412 4552 454 4607; x_wconf 81' lang='lat' dir='ltr'><strong>D.-</strong></span> <span class='ocrx_word' id='word_1_296' title='bbox 472 4549 601 4606; x_wconf 85' lang='lat' dir='ltr'><strong>taman</strong></span> <span class='ocrx_word' id='word_1_297' title='bbox 645 4551 783 4605; x_wconf 82' lang='lat' dir='ltr'><strong>11an</strong></span> <span class='ocrx_word' id='word_1_298' title='bbox 838 4555 868 4604; x_wconf 78' lang='lat'><strong>12</strong></span> <span class='ocrx_word' id='word_1_299' title='bbox 888 4550 1094 4605; x_wconf 80' lang='lat' dir='ltr'><strong>katamrtolDB</strong></span> <span class='ocrx_word' id='word_1_300' title='bbox 1149 4554 1177 4604; x_wconf 82' lang='lat'><strong>13</strong></span> <span class='ocrx_word' id='word_1_301' title='bbox 1197 4550 1287 4604; x_wconf 84' lang='lat' dir='ltr'><strong>lrbram</strong></span> 
     </span>
     <span class='ocr_line' id='line_1_38' title="bbox 144 4632 1287 4715; baseline -0.002 -16"><span class='ocrx_word' id='word_1_302' title='bbox 144 4632 185 4690; x_wconf 68' lang='lat' dir='ltr'><strong>DB</strong></span> <span class='ocrx_word' id='word_1_303' title='bbox 227 4650 255 4700; x_wconf 71' lang='lat'><strong>14</strong></span> <span class='ocrx_word' id='word_1_304' title='bbox 272 4645 463 4701; x_wconf 86' lang='lat' dir='ltr'><strong>comuucxrtB</strong></span> <span class='ocrx_word' id='word_1_305' title='bbox 514 4643 643 4715; x_wconf 70' lang='lat' dir='ltr'><strong>hbthB</strong></span> <span class='ocrx_word' id='word_1_306' title='bbox 696 4650 726 4698; x_wconf 80' lang='lat'><strong>15</strong></span> <span class='ocrx_word' id='word_1_307' title='bbox 745 4646 864 4715; x_wconf 82' lang='lat' dir='ltr'><strong>tyberius</strong></span> <span class='ocrx_word' id='word_1_308' title='bbox 881 4644 935 4700; x_wconf 72' lang='grc' dir='ltr'><strong>ΠΒ</strong></span> <span class='ocrx_word' id='word_1_309' title='bbox 973 4649 1002 4698; x_wconf 73' lang='grc'><strong>18</strong></span> <span class='ocrx_word' id='word_1_310' title='bbox 1022 4644 1162 4697; x_wconf 80' lang='lat' dir='ltr'><strong>acrelcunt</strong></span> <span class='ocrx_word' id='word_1_311' title='bbox 1179 4658 1242 4696; x_wconf 85' lang='lat' dir='ltr'><strong>nam</strong></span> <span class='ocrx_word' id='word_1_312' title='bbox 1260 4643 1287 4697; x_wconf 88' lang='grc' dir='ltr'><strong>Ι)</strong></span> 
     </span>
    </p>
   </div>
   <div class='ocr_carea' id='block_1_5' title="bbox 143 4729 1245 4891">
    <p class='ocr_par' dir='ltr' id='par_1_15' title="bbox 143 4729 1245 4891">
     <span class='ocr_line' id='line_1_39' title="bbox 143 4729 1245 4809; baseline 0.002 -20"><span class='ocrx_word' id='word_1_313' title='bbox 143 4729 256 4792; x_wconf 76' lang='lat' dir='ltr'><strong>²⁰amcm</strong></span> <span class='ocrx_word' id='word_1_314' title='bbox 272 4738 504 4795; x_wconf 77' lang='lat' dir='ltr'><strong>ablectabaturll</strong></span> <span class='ocrx_word' id='word_1_315' title='bbox 573 4742 605 4793; x_wconf 79' lang='lat'><strong>22</strong></span> <span class='ocrx_word' id='word_1_316' title='bbox 624 4739 677 4792; x_wconf 91' lang='lat' dir='ltr'><strong>iam</strong></span> <span class='ocrx_word' id='word_1_317' title='bbox 695 4739 812 4809; x_wconf 69' lang='lat' dir='ltr'><strong>scripsi.-</strong></span> <span class='ocrx_word' id='word_1_318' title='bbox 830 4737 936 4792; x_wconf 81' lang='lat' dir='ltr'><strong>naml)</strong></span> <span class='ocrx_word' id='word_1_319' title='bbox 1011 4740 1043 4790; x_wconf 71' lang='lat'><strong>28</strong></span> <span class='ocrx_word' id='word_1_320' title='bbox 1062 4735 1245 4791; x_wconf 80' lang='lat' dir='ltr'><strong>occidenteI)</strong></span> 
     </span>
     <span class='ocr_line' id='line_1_40' title="bbox 181 4824 1082 4891; baseline 0.006 -21"><span class='ocrx_word' id='word_1_321' title='bbox 181 4824 282 4875; x_wconf 77' lang='lat' dir='ltr'><strong>durum</strong></span> <span class='ocrx_word' id='word_1_322' title='bbox 294 4844 412 4876; x_wconf 72' lang='lat' dir='ltr'><strong>urucam</strong></span> <span class='ocrx_word' id='word_1_323' title='bbox 1053 4841 1082 4891; x_wconf 70' lang='grc' dir='ltr'><strong>η</strong></span> 
     </span>
    </p>
   </div>
   <div class='ocr_carea' id='block_1_6' title="bbox 0 0 1422 5394">
    <p class='ocr_par' dir='ltr' id='par_1_16' title="bbox 0 0 1422 5394">
     <span class='ocr_line' id='line_1_41' title="bbox 0 0 1422 5394; baseline 0 0"><span class='ocrx_word' id='word_1_324' title='bbox 0 0 1422 5394; x_wconf 95' lang='lat' dir='ltr'><strong> </strong></span> 
     </span>
    </p>
   </div>
  </div>
 </body>
</html>
