2834 5394
170 286 233 349 548
646 298 739 346 nram
760 296 862 344 xxnu

170 470 272 534 usque
301 449 343 516 ad
372 450 551 535 Bosporum
582 450 732 534 quinque,
771 449 862 514 cuins
891 445 1028 512 altitudo
1056 465 1166 511 muros
1195 443 1357 511 excessit

170 581 283 628 omnes
306 567 413 626 autern
435 560 526 626 urbis
548 567 614 625 tarn
647 560 708 625 uiri
742 580 839 644 quam
872 559 1021 638 feminae,
1059 557 1157 623 simul
1190 562 1228 620 et
1265 555 1361 640 pueri

170 672 283 737 horum
317 670 435 736 uisioni
469 669 585 737 dantes
617 671 838 737 indesinenter
872 687 1003 754 operam
1035 666 1302 752 perseuerabant
1326 674 1360 731 et

171 802 243 847 eum
265 782 416 847 lamentis
439 801 477 846 ac
499 781 641 847 lacrimis
664 782 792 846 domum
807 779 1051 846 reuertebantur
1066 777 1262 862 ignorantes
1278 775 1359 861 quid

170 891 214 957 ad
236 890 270 957 id
292 892 353 957 fari
376 892 564 976 quiuissent.
1374 895 1388 942 5

257 1000 407 1067 Ceterum
442 1022 528 1067 anno
565 999 678 1068 eodem
709 1022 820 1068 mense
841 1000 956 1066 Martio
990 1000 1103 1067 stellae
1137 1006 1279 1081 repente
1314 996 1356 1062 de

171 1113 261 1176 caelo
285 1110 438 1178 cadentes
469 1131 649 1197 apparuere
678 1112 724 1176 ita
753 1119 788 1177 ut
818 1131 930 1176 ornnes
960 1111 1014 1194 qui
1043 1109 1104 1173 boc
1126 1107 1285 1173 uiderunt
1308 1108 1356 1172 in·

172 1221 289 1287 stantis
312 1222 432 1288 saeculi
453 1222 760 1289 consummationem
783 1241 855 1288 esse
870 1227 1030 1305 putarent.
1075 1217 1206 1285 siccitas
1225 1238 1355 1304 quoque

172 1331 274 1396 multa
295 1331 410 1397 effecta
431 1339 481 1399 est
503 1332 585 1399 adeo
607 1340 642 1398 ut
663 1332 901 1400 exsiccarentur
930 1331 1025 1397 etiam
1049 1331 1163 1395 fontes.
1211 1337 1266 1396 ast
1297 1329 1355 1394 im·

171 1447 300 1526 perator
322 1443 476 1509 accersito
498 1442 683 1529 patriarcha
705 1442 782 1509 dicit
804 1444 833 1508 ci
857 1441 967 1507 ‘modo
996 1440 1073 1525 quid
1104 1460 1164 1508 nos
1186 1439 1302 1506 laedet
1325 1440 1353 1506 si
1371 1437 1395 1486 ¹⁰

171 1550 349 1619 dixerimus
372 1551 539 1619 θεοτόκον
559 1552 819 1639 χριστοτόκονΨ
840 1560 874 1619 at
895 1553 950 1617 ille
974 1551 1058 1616 hunc
1079 1552 1288 1636 amplexatus
1306 1550 1352 1615 aii

171 1661 336 1729 ‘miserere
359 1663 488 1729 domine
510 1684 551 1729 ne
573 1664 616 1730 ad
645 1664 868 1747 contagionem
896 1670 984 1728 tuam
1012 1662 1123 1727 ueniat
1144 1662 1206 1726 iste
1229 1681 1350 1743 sermo,

171 1791 280 1838 nonne
310 1774 403 1839 uides
433 1775 570 1858 qualiter
599 1773 781 1858 diuulgetnr
809 1780 841 1839 et
863 1772 1154 1838 anathematizetur
1176 1773 1353 1839 Nestorius

171 1901 193 1945 a
213 1888 282 1947 tota
304 1883 478 1949 ecclosia?’
522 1885 576 1968 qui
600 1883 800 1967 respondens
823 1885 869 1948 ait
891 1880 961 1966 ‘ego
977 1884 1101 1950 discere
1116 1883 1232 1949 uolens
1248 1883 1353 1948 inter·

173 1992 296 2073 rogaui.
340 2013 452 2058 uerum
474 2014 577 2078 usque
599 1995 642 2059 ad
663 2002 695 2060 te
719 1994 842 2060 sermo.'
1370 2000 1394 2048 1⁵

15 2097 187 2166 XXXVII
260 2099 354 2167 Anno
377 2104 504 2188 imperii
526 2103 730 2170 Constantini
752 2104 906 2170 uicesimo
928 2110 1042 2189 quarto
1064 2102 1211 2168 exierunt
1234 2104 1354 2169 iterum

171 2212 268 2276 Turci
296 2211 339 2278 ad
366 2212 504 2297 Caspias
533 2220 643 2299 portas
673 2222 704 2280 et
732 2215 900 2280 Hiberiam
928 2212 1045 2298 quibus
1081 2233 1153 2277 curn
1182 2213 1352 2280 Arabibus

170 2321 290 2388 bellurn
312 2324 499 2393 ineuntibus
521 2346 563 2392 ex
584 2325 729 2410 utrisque
745 2325 909 2409 perierunt
925 2324 1025 2389 multi.
1070 2321 1253 2389 Habdallas
1270 2343 1352 2389 uero

171 2432 306 2500 huiusce
328 2434 416 2501 modi
438 2436 614 2502 calliditate
636 2436 786 2520 deposuit
808 2456 829 2499 a
843 2435 1025 2520 principatu
1039 2434 1120 2500 Hise
1135 2433 1207 2497 Ibin
1222 2433 1352 2516 Musae,

171 2544 206 2608 in
228 2565 323 2628 quem
345 2554 380 2611 ut
402 2548 551 2634 superius
574 2547 693 2613 dictum
716 2553 766 2612 est
787 2545 881 2610 tertia
909 2565 979 2611 sors
1007 2543 1138 2608 tenendi
1170 2550 1245 2628 post
1273 2563 1352 2608 eum
1367 2555 1397 2606 21

171 2655 295 2720 cecidit.
340 2656 454 2723 uidens
477 2659 562 2724 enirn
586 2679 659 2723 eum
681 2656 791 2722 dolore
813 2654 929 2739 capitis
958 2653 1173 2718 bernieranioe
1195 2651 1353 2718 laboran-

171 2771 236 2829 tem
274 2772 306 2831 et
342 2769 474 2832 scotomi
501 2767 734 2852 plenitudinem
770 2765 945 2851 patientem
974 2763 1148 2847 persuadet
1177 2762 1263 2846 quod
1295 2782 1354 2827 cu·

172 2873 293 2941 randus
322 2878 412 2960 foret,
451 2879 478 2944 si
507 2899 548 2944 cx
570 2881 680 2962 aliqua
701 2879 899 2944 coniectione
921 2875 1078 2960 ptarmica
1101 2875 1134 2937 in
1157 2892 1254 2937 nares
1277 2875 1353 2939 eius

170 2985 388 3051 insufflaretur
416 3008 437 3051 a
467 2987 590 3053 medico
621 3009 679 3053 suo
702 2989 792 3055 Mose
815 2988 943 3051 nomine
967 2986 1102 3049 diacono
1126 2983 1352 3050 Antiocheno·

171 3115 243 3158 rum
265 3097 421 3162 ecelesiae
444 3117 540 3178 quern
563 3099 628 3162 iam
645 3098 829 3163 muneribus
846 3097 964 3162 iecerat
980 3095 1170 3159 acerrimum
1186 3093 1351 3159 conficere
1370 3103 1400 3154 25

171 3202 372 3269 medicamen
406 3205 491 3289 quod
524 3207 618 3272 simul
648 3214 680 3272 et
708 3207 903 3272 narcoticum
932 3208 1012 3272 foret
1037 3205 1253 3283 uehementer,
1292 3205 1354 3288 qui

172 3311 322 3378 uidelicet
343 3314 423 3381 Hise
456 3336 529 3380 cum
561 3316 724 3402 paruisset
751 3318 943 3397 Habdallae‚
981 3315 1124 3399 suscepit
1158 3335 1215 3397 por
1249 3334 1353 3381 nares

173 3423 404 3490 confectionem
437 3432 470 3490 et
502 3429 643 3512 repletus
677 3428 710 3493 in
742 3427 891 3493 omnibus
924 3427 1008 3491 circa
1036 3432 1133 3509 eaput
1161 3424 1354 3506 cunctisque

173 3527 325 3601 sensibus
347 3557 504 3602 unacum
526 3537 744 3622 hegemonicis
766 3536 1008 3621 operationibus
1038 3534 1246 3599 defraudatus
1277 3535 1354 3600 sine

172 3664 252 3709 uoce
283 3667 379 3729 porro
412 3648 549 3714 iacebat.
593 3649 760 3714 aduocatis
793 3649 903 3731 itaque
932 3646 1112 3711 Habdallas
1142 3643 1277 3708 ducibus
1310 3664 1354 3708 ac
1370 3654 1403 3705 30

174 3755 369 3838 primoribus
391 3759 496 3842 gentis
520 3759 608 3843 ‘quid
630 3760 728 3824 uobis'
750 3757 854 3842 inquit
877 3757 1013 3822 ‘uidetur
1036 3774 1133 3839 super
1148 3754 1252 3818 futuro
1268 3773 1352 3837 roge

245 4042 437 4110 lbcsphorum
455 4042 481 4096 D
567 4040 841 4098 trerrerterenturl)
929 4045 956 4093 11
977 4040 1139 4093 theotocon
1157 4020 1296 4108 xpetocou
1323 4037 1352 4090 ,D

176 4138 206 4185 12
225 4120 388 4201 eogitatrone'
404 4135 430 4189 D
519 4142 547 4190 11
566 4136 714 4207 auanb30
802 4132 970 4190 lbhrderbm
987 4148 1063 4185 muze
1081 4131 1107 4185 D
1183 4137 1212 4185 21
1234 4147 1350 4185 cmrcra-

175 4241 234 4277 arce
261 4229 353 4296 (prior
380 4245 394 4282 c
423 4230 452 4282 in
478 4237 541 4295 ras)
570 4228 595 4285 D
715 4233 747 4283 22
779 4231 809 4284 r'a
835 4228 946 4283 icctomr
971 4240 981 4276 1
1008 4225 1037 4278 in
1063 4240 1117 4278 ras.
1145 4227 1173 4278 in
1201 4223 1226 4277 D
1313 4229 1350 4280 24

174 4318 263 4384 moyse
280 4319 306 4372 D
374 4325 405 4374 27
425 4321 592 4378 habdalleD
672 4326 704 4377 28
722 4320 855 4393 cepudD
929 4323 962 4374 29
980 4316 1185 4386 egemourcriD
1254 4322 1283 4371 31
1305 4334 1349 4372 rn-

173 4406 239 4474 qmd
257 4409 283 4462 Ι)
