2834 5394
180 180 242 244 458
680 194 773 242 utam
795 194 843 241 xx

180 368 252 413 cum
279 355 387 413 autem
421 347 515 432 inops
547 354 579 412 et
606 346 771 432 orphanus
799 345 985 432 praedictus
1018 352 1105 413 esset
1136 345 1374 427 Mubammad,

179 458 284 525 nisum
307 465 357 524 est
379 457 442 524 sibi
464 457 506 523 ad
534 457 697 541 quandam
727 457 858 523 introire
887 457 1053 522 mulierem
1081 456 1305 542 locupletem,
1343 465 1375 524 et

179 578 349 653 cognatam
388 588 479 633 suam
518 567 647 633 nominc
682 566 862 652 Chadigam
903 569 1145 634 mercennarius
1177 568 1227 634 ad
1268 588 1373 652 nego·

178 677 325 745 tiandnm
347 698 418 743 eum
446 678 578 744 camelis
604 677 692 762 apud
719 678 902 762 Aegyptum
935 686 967 743 et
989 679 1224 744 Palaestinam.
1274 681 1373 764 paul·

179 790 269 855 latim
285 796 392 855 autern
409 788 526 853 fiducia
547 807 648 873 penes
675 788 779 873 ipsam
795 797 947 873 percepta
962 789 1140 868 mulierum,
1157 807 1248 872 quae
1264 789 1371 855 uidua
1385 801 1399 851 s

180 907 259 978 crat,
282 906 314 965 et
335 898 459 984 accepit
480 917 552 963 cam
568 917 698 964 uxorem
722 906 753 964 et
775 898 888 963 babuit
903 900 1044 965 camelos
1059 899 1146 965 illius
1170 906 1276 983 atque
1292 900 1370 967 snb

179 1009 342 1078 stantiam.
386 1028 521 1093 cumque
544 1010 670 1075 ueniret
692 1010 725 1074 in
747 1009 982 1091 Palaestinam,
1006 1010 1268 1076 conuersabatur
1293 1031 1369 1076 cum

178 1118 310 1186 ludaeis
331 1126 362 1184 et
384 1117 589 1186 Christianis.
633 1118 782 1202 capiebat
809 1127 916 1185 autem
945 1121 986 1185 ab
1015 1121 1063 1187 eis
1092 1120 1257 1204 quasdam
1290 1123 1369 1189 scri-

180 1242 301 1315 pturas.

98 1335 158 1401 Lx
264 1340 362 1404 Porro
385 1338 526 1405 babebat
546 1340 731 1424 passionem
754 1339 942 1424 epilepsiae.
986 1361 1049 1424 quo
1075 1348 1240 1425 comperto
1265 1341 1368 1409 huius
1388 1348 1413 1397 ¹⁰

178 1451 294 1517 coniux
315 1449 433 1535 oppido
462 1449 712 1515 contristabatur
739 1457 849 1535 utpote
878 1451 996 1517 nobilis
1025 1458 1057 1517 et
1085 1472 1169 1535 quae
1198 1471 1235 1518 se
1261 1452 1365 1519 buius

177 1560 265 1627 modi
287 1560 446 1646 copularit
468 1580 571 1644 egeno
593 1559 715 1626 scilicet
736 1567 768 1624 et
790 1562 972 1646 epileptico.
1009 1569 1159 1646 procurat
1180 1581 1261 1628 uero
1288 1564 1363 1646 ipse

178 1672 308 1756 placare
330 1671 418 1735 illam
441 1670 549 1736 taliter
570 1670 683 1736 dicens
706 1670 793 1754 ‘quia
808 1672 965 1737 nisionem
981 1672 1143 1756 quandam
1167 1673 1282 1756 angeli
1297 1672 1364 1739 Ga·

179 1782 291 1848 brielis
312 1779 390 1845 dicti
411 1782 610 1864 contemplor
631 1790 663 1847 et
691 1780 779 1846 haud
802 1781 909 1848 ferens
937 1781 1033 1849 huius
1056 1790 1222 1868 aspectum
1247 1792 1363 1851 mente

178 1890 293 1956 delicio
322 1898 356 1956 et
376 1890 475 1955 cado!
518 1890 590 1975 ipsa
620 1912 697 1958 uero
725 1911 797 1957 cum
825 1891 959 1957 haberet
985 1891 1165 1957 adulterum
1189 1895 1359 1977 quendam
1380 1902 1407 1952 ¹⁵

178 2008 308 2085 propter
330 1999 551 2066 infidelitatem
580 2000 699 2066 ibidem
722 2002 848 2068 exulem
878 2002 1077 2068 habitantem
1099 2004 1236 2068 amicum
1261 2027 1360 2071 suurn

178 2110 334 2177 iudicauit
356 2111 387 2175 ei
409 2111 517 2176 onmia
532 2121 563 2175 et
585 2131 702 2176 nomeu
717 2112 835 2196 angeli.
866 2121 899 2177 at
915 2114 969 2178 ille
984 2114 1099 2180 uolens
1121 2133 1194 2179 eam
1216 2116 1361 2183 reddere

178 2228 298 2287 certam
320 2221 402 2286 dixit
428 2220 459 2285 ei
483 2221 661 2287 ‘ueritatem
692 2223 816 2289 locutus
844 2232 903 2289 est.
947 2234 979 2289 et
1011 2225 1097 2289 enim
1127 2225 1188 2290 iste
1216 2226 1360 2310 angelus

178 2331 313 2397 mittitur
334 2330 377 2396 ad
398 2339 529 2398 cunctos
550 2332 745 2417 prophetas?
775 2333 847 2418 ipsa
868 2353 945 2417 ergo
968 2334 1072 2419 prima
1094 2343 1245 2420 suscepto
1261 2356 1360 2420 pseu·

177 2442 369 2509 domonaelri
391 2442 491 2507 uerbo
512 2442 649 2509 eredidit
670 2443 701 2508 ei
727 2449 759 2508 et
779 2443 990 2528 praedicabat
1011 2445 1045 2510 id
1066 2445 1140 2510 aliis
1163 2445 1358 2513 mulieribus
1376 2460 1405 2511 ao

177 2553 409 2619 contribulibus
443 2553 511 2620 suis
540 2553 731 2637 prophetam
763 2571 836 2617 eum
864 2573 937 2621 esse
965 2563 996 2620 et
1025 2555 1132 2620 taliter
1154 2575 1194 2620 ex
1223 2555 1358 2624 leminis

178 2664 266 2728 lama
293 2664 382 2728 uenit
412 2663 454 2728 ad
482 2664 583 2745 uiros,
619 2664 722 2747 primo
750 2663 918 2729 dumtaxat
945 2664 988 2729 ad
1010 2665 1183 2731 Ebubelrer
1204 2684 1301 2748 quem
1324 2679 1357 2733 et

179 2792 399 2840 successorem
422 2773 551 2840 dimisit.

82 2885 158 2950 LXI
264 2885 305 2948 Et
326 2885 426 2949 tenuit
447 2884 594 2950 haeresis
616 2884 687 2951 eius
708 2892 817 2969 partes
839 2885 995 2964 Aethribi.
1019 2896 1181 2970 postremo
1204 2906 1262 2969 per
1287 2887 1355 2952 bel-

179 2995 254 3058 lum.
298 3014 373 3058 nam
396 2994 532 3079 primum
555 2994 685 3078 quidem
707 2996 830 3061 occulte
851 2998 947 3062 annis
971 2996 1080 3061 decem
1103 3008 1134 3062 et
1158 2997 1242 3062 bellu
1265 2997 1355 3061 simi·
1373 3009 1403 3059 ²5

178 3103 252 3168 liter
273 3101 383 3168 decem
406 3112 437 3167 et
460 3104 630 3169 nranifcste
652 3125 779 3170 nouem.
823 3105 930 3171 docuit
951 3115 1057 3171 autern
1089 3106 1253 3172 auditores
1276 3128 1354 3173 snos

178 3212 264 3297 quod
287 3213 340 3295 qui
371 3212 486 3277 oceidit
513 3213 675 3279 inimicum
704 3216 756 3279 uel
785 3216 827 3281 ab
856 3217 984 3281 inimico
1014 3216 1168 3281 occiditur
1197 3217 1230 3280 in
1260 3237 1354 3299 para-

178 3323 284 3389 disum
312 3322 521 3407 ingrediatur.
566 3323 751 3408 paradisum
780 3345 856 3391 uero
883 3328 1023 3392 carnalis
1051 3327 1114 3392 eibi
1144 3338 1177 3392 et.
1204 3335 1299 3410 potus
1323 3338 1356 3391 et

178 3433 414 3500 commixtionis
437 3433 604 3499 mulierum
626 3434 818 3516 perhibebat
839 3436 1034 3521 fluuiumqne
1049 3437 1117 3502 uini
1140 3457 1177 3501 ac
1199 3437 1306 3502 mellis
1322 3446 1354 3502 et

177 3546 271 3612 lactis
293 3553 325 3610 et
347 3545 536 3611 laminarum
558 3566 623 3609 non
646 3547 863 3629 praesentium
887 3546 944 3613 sed
967 3548 1104 3613 aliarum
1127 3556 1159 3612 et
1182 3549 1351 3612 mixturam
1370 3554 1401 3604 30

178 3657 348 3722 multorum
370 3676 528 3722 antrorum
551 3654 690 3720 futuram
713 3663 745 3721 et
772 3655 956 3723 affluentem
986 3659 1182 3742 uoluptatem
1205 3676 1264 3722 nee
1287 3677 1352 3721 non

246 3950 420 4029 scadrgill
487 3947 668 4029 lpaulatill
725 3959 899 4029 bpcenelI)
955 3952 1099 4029 pceptall
1169 3966 1200 4014 10
1219 3950 1353 4032 epilepsis

176 4054 294 4125 quedl)
365 4059 394 4107 tl
413 4040 607 4124 epylbpttcoll
679 4058 709 4107 tt
726 4053 873 4121 gabnhebl
888 4053 914 4107 D
987 4059 1015 4106 15
1034 4053 1182 4107 adulterum
1200 4055 1238 4107 r'ta
1257 4053 1310 4108 DP
1326 4062 1352 4108 et

177 4148 354 4202 Artastasius:
371 4147 526 4218 siqrrificari
541 4146 693 4201 adulterum
705 4152 790 4218 putat
808 4145 940 4201 Gruterus
1008 4150 1040 4199 20
1058 4147 1143 4200 uerba
1160 4147 1193 4201 If
1246 4146 1352 4212 creddi-

178 4239 217 4294 drt
233 4241 260 4295 I)
316 4243 351 4294 ad
368 4240 427 4294 alul
443 4240 476 4294 θ’
562 4244 592 4294 21
612 4239 637 4292 d
655 4240 660 4307 Ι
679 4237 800 4293 alrtcrI)
884 4242 917 4292 'll
935 4238 1134 4294 hebubcherll
1203 4245 1235 4293 ‘2⁴
1253 4240 1352 4296 etbnbr

179 4333 332 4401 poltlrrcmu
352 4333 376 4388 D
453 4336 485 4385 27
504 4338 531 4386 et
548 4338 580 4386 28
598 4318 730 4402 paradysi
748 4330 775 4387 a
842 4335 876 4385 30
893 4317 1030 4399 prelenub
1046 4333 1049 4399 ζ
1066 4320 1171 4387 daltard
1189 4331 1215 4387 0
