3142 5056
520 353 628 402 mnas
651 355 891 402 camnvnoavu
1230 343 1291 404 613

146 509 161 558 5
197 501 318 558 Placidia
336 504 459 571 Augusta
492 502 526 556 ab
554 503 675 558 Honorio
729 503 775 558 des
799 503 960 572 patefactae.
1007 505 1157 559 Gunthario
1185 511 1291 559 mortuo

112 597 190 666 pulsa
220 611 249 650 se
279 611 339 650 cum
357 595 420 649 liliis
437 595 558 651 Honorio
577 602 605 650 st
620 596 676 651 Va·
728 596 850 651 succedit
867 596 1037 651 Gensericus.
1072 597 1231 652 Boniiacius
1248 598 1292 651 lit-

111 690 259 745 lantiniauo
284 688 319 743 ad
337 687 518 742 Theodosium
544 690 677 744 iuniorem
728 690 792 744 tetis
820 689 854 744 ab
882 692 1005 758 Augrama
1040 697 1066 743 et
1094 689 1148 745 lide
1180 697 1293 759 accepta

111 783 138 837 iu
163 783 302 836 orientem·
317 782 421 851 recipit.
455 781 569 835 Honorii
593 782 676 851 impe·
728 783 864 851 missoque
882 783 933 837 sibi
952 797 1047 851 magno
1059 783 1180 838 exercitu
1198 787 1292 838 contra

40 858 44 864 ’
111 877 210 930 ratoris
236 876 334 930 obitus.
378 880 440 943 post
471 874 528 928 eius
563 881 676 928 mortem
728 874 866 930 Vandalus
884 881 1012 930 armatur.
1047 875 1163 931 Romani
1189 877 1292 931 111911-

114 969 229 1022 loannes
247 967 356 1036 quidam
374 967 517 1036 imperium
534 967 649 1022 inuadit
727 968 814 1022 serico
837 969 966 1036 superati.
1001 969 1160 1024 Bouilacius
1178 969 1290 1024 Romam

147 1068 162 1112 e
197 1059 366 1114 Theodosios
392 1059 526 1114 secundus
550 1060 603 1115 hoc
628 1077 676 1114 no·
728 1061 811 1124 uenit,
830 1061 877 1114 uhi
894 1061 988 1116 morbo
1007 1063 1193 1131 exstinguitur.

112 1154 183 1207 mine
201 1152 356 1206 XXXXVII
374 1153 528 1221 imperator.
567 1153 677 1207 loannis
764 1159 791 1208 11
830 1153 868 1207 ita
886 1153 981 1208 Africa
998 1155 1026 1207 in
1043 1159 1206 1223 potestatem
1219 1153 1292 1209 Van·

113 1247 148 1301 ad
166 1263 225 1300 eum
244 1245 350 1313 legatio.
386 1251 481 1300 contra
499 1261 578 1313 quem
596 1246 679 1300 mittit
728 1246 851 1301 dalornm
875 1247 958 1300 uenit.
994 1246 1091 1302 Aetius
1117 1247 1293 1316 dignitatibus

113 1337 283 1394 Theodosius
316 1345 467 1406 praetorem
494 1338 680 1393 Arduburium
731 1339 788 1393 suia
812 1338 944 1403 redditus,
970 1340 1081 1408 insuper
1106 1347 1134 1393 et
1161 1339 1293 1409 patricius

112 1437 141 1487 et
158 1447 220 1486 mox
237 1430 455 1484 Valentinianum
478 1430 620 1486 Caesarem
637 1430 680 1484 ia·
730 1430 829 1487 iactus.
865 1447 919 1500 pax
938 1447 999 1486 cum
1007 1431 1137 1488 Vandalis
1155 1431 1230 1487 iacta
1247 1448 1292 1486 ne-

114 1531 187 1579 ctum
216 1539 271 1578 una
295 1539 356 1578 cnm
391 1531 477 1577 matre
499 1521 627 1591 Augusta
653 1530 680 1578 et
730 1524 849 1580 cessaria
865 1525 950 1592 magis
967 1539 1048 1593 quam
1065 1524 1147 1578 utilis.
1182 1524 1293 1579 Ganda-

116 1615 380 1686 AspareArtaburii
398 1614 461 1670 filio.
496 1616 612 1670 loannes
630 1631 676 1670 oc·
727 1619 784 1674 rico
794 1617 1015 1685 Burgundionum
1025 1617 1082 1685 regi
1091 1617 1164 1672 uicto
1183 1624 1211 1671 et
1229 1633 1293 1686 sup-

115 1711 188 1764 cisus
205 1709 337 1764 Rauenna
356 1707 478 1777 direpta,
505 1707 631 1763 Castiuus
648 1710 677 1764 in
728 1711 841 1780 plicanti
858 1709 893 1765 ah
901 1709 981 1764 Aetio
991 1725 1046 1778 pax
1055 1725 1193 1764 concessa.
1211 1709 1294 1764 Gothi

114 1803 223 1857 exilium
248 1802 360 1872 pulsus,
389 1800 472 1855 Aetio
499 1800 563 1856 data
590 1802 676 1857 uenia.
727 1804 848 1859 turbant.
885 1802 919 1857 dc
942 1803 975 1856 iis
993 1801 1109 1856 uictoria
1126 1802 1223 1856 Litorii
1248 1818 1294 1856 co·

115 1895 322 1950 Valentinianus
356 1895 385 1948 in
419 1894 498 1947 Italia
532 1894 679 1963 imperator
729 1897 811 1951 mitis.
859 1896 1021 1950 Gensericus
1051 1894 1218 1950 Arrianismo
1252 1895 1293 1948 in·

112 1991 212 2043 iactus.
729 1990 818 2044 fectus
836 1987 1004 2043 orthodoxos
1022 1989 1199 2058 persequitur.

151 2087 164 2133 1
202 2081 286 2136 Gothi
308 2081 337 2134 in
356 2081 445 2135 Gallia
462 2079 578 2134 Achiles
601 2080 678 2149 oppi·
766 2085 797 2135 12
831 2080 940 2151 Moyses
952 2081 1087 2135 Cretensis
1105 2080 1163 2135 siue
1180 2081 1293 2135 daemon

116 2177 182 2230 dum
201 2179 358 2244 oppugnant
375 2181 402 2228 et
420 2173 454 2226 ab
473 2173 557 2228 Aetio
574 2173 678 2244 pellan·
731 2173 839 2244 quidam
864 2174 995 2243 plurimos
1013 2173 1128 2228 ludaeos
1152 2174 1181 2227 in
1204 2174 1293 2242 perni-

112 2277 166 2325 tur.
194 2267 355 2322 Maranthas
373 2267 516 2336 episcopus
535 2265 678 2319 1111111119-
731 2269 798 2322 ciem
827 2266 919 2320 trahit.
954 2265 1027 2321 unde
1050 2266 1128 2320 malti
1155 2265 1189 2320 ad
1217 2266 1294 2320 0111-

109 2364 151 2432 m’s
161 2362 306 2416 Persarum
316 2357 456 2414 daemonio
466 2358 572 2417 liberat.
590 2358 679 2414 Theo·
731 2361 847 2414 stianam
865 2359 945 2413 fidem
963 2359 1094 2414 conuersi.

110 2455 182 2510 dosii
208 2469 262 2522 pax
288 2467 348 2506 cum
366 2451 457 2505 Persis
483 2451 607 2519 quamuis
632 2466 679 2506 eos
767 2458 796 2506 ts
830 2451 982 2507 incendium
1001 2451 1235 2520 Constantinopoli
1252 2451 1293 2504 f-

110 2550 229 2602 uicerat.
263 2545 361 2613 legatio
390 2544 425 2597 ad
442 2543 609 2598 Vararanem
633 2559 678 2599 eo·
731 2553 811 2600 ctum.
839 2545 1054 2599 Nouatianorum
1076 2545 1191 2599 ecclesia
1208 2545 1294 2614 preci-

109 2657 171 2694 rum
208 2653 298 2707 regem
332 2637 431 2701 missa,
474 2638 679 2706 persecutioque
729 2639 781 2692 hus
799 2638 919 2708 episcopi
936 2636 1024 2691 Paulli
1050 2643 1166 2704 recepta.
1202 2636 1294 2690 Noua·

110 2732 330 2788 Christianorum
357 2730 391 2783 ab
419 2745 451 2784 eo
478 2729 585 2783 omissa.
622 2729 678 2782 Eu·
728 2733 819 2786 tianae
838 2731 981 2785 haereseos
1004 2729 1088 2797 origo.

110 2827 213 2882 doxiae
230 2823 409 2892 imperatricis
427 2822 549 2877 eruditio.
769 2829 798 2878 14
834 2821 1005 2877 Constantini
1040 2822 1211 2890 imperatoris
1252 2836 1295 2876 ec·

145 2925 160 2971 1
200 2917 351 2970 Gothorum
377 2911 598 2986 Hypogoth0r'nm
627 2914 679 2968 Ge·
732 2917 1000 2984 clesiascomponere
1018 2915 1134 2968 uolentis
1153 2915 1294 2968 cumAce-

109 3013 241 3082 pidarum
260 3008 479 3063 etVandalorum
498 3008 680 3076 migrationes,
732 3010 772 3064 sio
782 3009 938 3064 Nouatiano
957 3007 991 3061 ad
1010 3006 1153 3062 concilium
1162 3007 1296 3061 Nicenum

110 3118 237 3176 quasque
260 3103 381 3170 regiones
407 3102 556 3155 inusserint
574 3100 680 3168 singuli,
733 3109 846 3158 euocato
865 3101 1036 3170 colloquium.

111 3197 161 3250 ubi
181 3195 259 3248 sedes
278 3210 340 3247 suas
358 3193 447 3247 fixere.
466 3194 680 3264 Valentinianus,
770 3199 798 3249 15
834 3193 1040 3248 Valentinianus
1057 3192 1130 3261 Aug.
1143 3191 1296 3247 Eudoxiam

110 3295 224 3359 praeter
257 3286 328 3354 quod
363 3287 532 3342 Britanniam
565 3287 680 3341 Galliam
732 3286 878 3342 Theodosii
897 3287 1067 3356 imperatoris
1085 3285 1168 3340 filiam
1185 3302 1296 3340 uxorem

111 3389 139 3437 et
158 3380 320 3448 Hispaniam
339 3379 487 3433 abarharis
505 3395 615 3434 seruarc
633 3395 679 3434 ne·
731 3379 814 3436 ducit.
850 3378 992 3433 Eudoxias
1018 3379 1197 3448 imperatricis
1231 3395 1294 3448 pro·

111 3476 181 3545 quit,
200 3472 312 3538 insuper
329 3479 356 3526 et
373 3471 494 3524 Africam
513 3472 620 3525 amittit.
730 3472 946 3540 lectioreligiosa
962 3471 1183 3540 Hierosolymam.
1208 3479 1296 3524 terrae

147 3571 164 3622 9
201 3563 361 3618 Boniiacius
396 3563 493 3616 absens
529 3563 563 3616 ah
596 3563 678 3618 Aetio
731 3572 820 3620 motus
838 3567 930 3632 ingens
941 3564 1175 3632 Constantinopoli
1194 3570 1221 3616 91
1237 3563 1295 3616 diu·

110 3657 305 3716 fraudulenter
340 3656 374 3710 ad
401 3656 572 3710 rebellionem
600 3656 680 3709 indu·
730 3665 834 3712 turnus.
871 3658 1019 3726 piratarum
1037 3657 1226 3724 grassationes.

111 3763 176 3808 ctus
195 3749 319 3818 falsoque
337 3749 409 3818 apud
427 3750 615 3817 imperatorem
635 3765 679 3804 ac·
769 3756 799 3804 16
835 3750 930 3804 Litorii
966 3749 1060 3802 infelix
1102 3765 1163 3802 cum
1199 3747 1295 3802 Gothis

110 3855 238 3902 cusatns.
267 3842 349 3896 duces
367 3842 471 3910 aliquot
489 3848 584 3896 contra
597 3842 680 3895 Boni·
730 3859 821 3913 pugna
848 3849 874 3895 91
899 3842 1055 3908 captiuitas.
1080 3858 1144 3910 ¹pan
1162 3858 1222 3896 cum
1241 3840 1295 3896 Go-

108 3942 217 3997 iacinm
245 3936 319 3990 missi
351 3935 379 3989 iu
403 3933 523 3990 Africam
551 3940 579 3988 et
605 3935 680 3989 uicti.
732 3936 785 3990 this
812 3935 894 3990 iacta.
937 3934 1070 4002 Cartbago
1106 3951 1123 3986 a
1149 3935 1295 3989 Genserico

108 4037 133 4088 is
153 4032 239 4087 rebus
258 4030 313 4083 suis
337 4028 482 4097 desperans
500 4028 680 4084 Guntharium
733 4028 794 4083 dolo
813 4034 894 4096 capta
912 4031 939 4082 et
956 4027 1220 4095 miscredespoHata.
1248 4027 1295 4081 Se·

109 4135 137 4181 91
164 4123 343 4178 Gensericum
371 4137 432 4175 cum
455 4120 585 4174 Vandalis
612 4121 680 4175 Ala·
732 4120 873 4176 bastianus
897 4121 924 4173 in
942 4118 1067 4174 Africam
1085 4121 1197 4184 missus,
1226 4119 1296 4174 cius·

109 4221 211 4286 nisque
231 4215 259 4268 in
276 4214 396 4270 Africam
421 4213 541 4278 adducit,
568 4214 680 4282 imperio
732 4229 784 4281 que
802 4211 906 4268 caedes.
930 4211 1099 4266 Theodosius
1116 4211 1215 4266 bellum
1232 4227 1296 4265 con·

111 4327 176 4367 cum
195 4309 232 4362 iis
251 4308 360 4374 partito.
395 4305 508 4362 Africae
525 4307 653 4361 uastatio.
732 4311 775 4359 111
791 4305 931 4359 Vandalus
959 4305 1080 4374 suscipit.
1116 4305 1194 4358 cuius
1213 4304 1295 4359 duces

149 4409 179 4457 10
219 4397 367 4468 Augustini
386 4399 484 4454 obitus.
514 4399 587 4453 Astii
603 4399 678 4454 irau-
731 4397 863 4452 inutiliter
881 4399 908 4451 in
925 4397 1018 4452 Sicilia
1035 4397 1141 4454 morati.

1020 4501 1077 4552 11*
