2834 5394
568 706 641 754 cur.
665 706 764 753 rr-vr
1192 691 1255 755 489

161 860 256 926 Anno
286 858 414 945 imperii
442 858 605 925 Absimari
628 857 769 925 secundo
792 856 929 924 Romani
950 877 1009 941 per
1031 857 1160 944 Syriam
1182 877 1256 943 per·

78 978 231 1055 agrantes
248 977 280 1036 et
295 970 463 1037 uenientes
487 988 589 1052 usque
604 969 807 1035 Samosatum
823 975 856 1034 et
871 966 1109 1051 depraedantes
1123 969 1256 1033 circum·

80 1101 207 1167 quaque
230 1080 395 1164 regionem
418 1079 534 1146 multos
556 1079 740 1145 oeciderunt
768 1078 859 1144 milia
886 1077 1036 1144 uidelicet
1057 1078 1199 1145 Arabum
1222 1084 1257 1145 ut

79 1192 186 1258 lerunt
221 1188 361 1255 ducenta
397 1190 608 1275 plurimisque
644 1190 757 1274 spoliis
797 1188 934 1273 sumptis
969 1197 1002 1255 et
1037 1189 1257 1274 captiuatione

48 1301 223 1371 eArabum
246 1301 347 1364 multa
367 1301 489 1366 reuersi
512 1306 587 1365 sunt
608 1300 722 1366 timore
746 1318 862 1381 magno
885 1299 919 1363 iu
941 1318 998 1366 eos
1020 1306 1157 1384 patrato.

165 1411 260 1476 Anno
281 1410 410 1494 imperii
424 1409 589 1476 Absimari
609 1411 705 1477 tertio
727 1408 902 1476 exercitum
924 1409 1025 1474 mouit
1039 1408 1201 1476 Habdalla
1222 1408 1258 1475 in

79 1521 269 1588 Romaniam
291 1526 323 1584 et
344 1538 535 1604 expugnans
564 1523 755 1597 Tarentum,
784 1518 930 1604 nihilque
959 1518 1130 1604 proficiens
1163 1517 1260 1586 rediit

79 1652 117 1698 ac
140 1630 323 1697 aedificauit
344 1630 576 1715 Mopsuestiam
600 1636 632 1695 et
653 1629 761 1714 posuit
783 1630 817 1695 in
839 1650 881 1695 ea
901 1628 1061 1696 custodes.

164 1743 259 1806 Anno
281 1740 409 1825 imperii
430 1740 593 1808 Absimari
614 1748 728 1825 quarto
751 1741 881 1806 Baanes
903 1746 1115 1824 cognomento
1138 1740 1282 1825 Heptas

34 1875 64 1925 ιο
80 1850 217 1917 daemon
240 1857 386 1934 quartam
400 1851 586 1917 Armeniam
602 1850 764 1917 Arabibus
787 1848 938 1916 subdidit.
976 1850 1167 1917 Absimarus
1182 1867 1258 1915 uero

80 1961 294 2047 Philippicum
323 1961 424 2025 filium
444 1960 620 2044 Nicephori
647 1960 775 2047 patricii
803 1960 837 2025 in
865 1958 1099 2043 Cephaloniam
1128 1961 1256 2025 exulem

81 2072 170 2139 misit
191 2080 225 2136 ut
246 2069 428 2155 imperandi
449 2072 574 2137 somnio
596 2070 824 2138 uenuudatum.
868 2071 1037 2138 asserebat
1058 2070 1143 2136 enim
1165 2088 1202 2135 se
1224 2068 1259 2133 in

82 2182 204 2250 somnis
235 2180 359 2247 uidisse
395 2180 480 2265 quod
517 2189 614 2266 caput
650 2202 743 2248 suum
780 2181 1025 2247 obumbraretur
1061 2180 1103 2245 ab
1139 2178 1257 2264 aquila.

82 2293 199 2378 quibus
223 2292 397 2376 inperator
417 2290 537 2358 auditis
559 2291 644 2357 hunc
666 2292 812 2377 protinus
834 2292 933 2358 exilio
956 2291 1122 2375 relegauit.

37 2423 65 2472 ιε)
166 2403 261 2473 Anno
290 2402 417 2484 imperii
444 2402 608 2469 Absimari
642 2403 754 2486 quinto
791 2400 982 2468 seditionem
1016 2389 1308 2467 concitaueruntV

82 2512 245 2597 principes
267 2512 440 2577 Armeniae
468 2519 579 2577 contm
607 2513 788 2578 Saracenos
818 2520 850 2579 et
871 2532 928 2578 eos
950 2511 1005 2594 qui
1027 2518 1119 2578 erant
1142 2511 1177 2576 in
1202 2510 1260 2576 Ar-

82 2623 190 2689 menia
204 2628 409 2704 peremerunt
431 2628 462 2687 et
484 2622 656 2688 iterumad
679 2621 885 2689 Absimarum
901 2623 1030 2688 mittunt
1052 2628 1084 2688 et
1099 2622 1260 2687 Romanos

84 2733 117 2796 in
140 2733 304 2812 regionem
327 2751 418 2796 suam
440 2730 613 2796 adducunt.
659 2751 754 2816 porro
777 2731 984 2798 Muhammad
1007 2732 1077 2797 acie
1099 2731 1258 2796 aduersus

84 2860 141 2906 eos
175 2839 297 2904 directa
330 2841 445 2906 multos
476 2839 593 2906 occidit
625 2847 658 2906 et
686 2841 872 2906 Armeniam
903 2841 1075 2907 Saracenis
1104 2839 1262 2906 submittit

36 2971 67 3021 20
85 2949 320 3034 optimatesque
335 2949 559 3015 Armeniomm
581 2957 787 3016 coaceruatos
809 2952 843 3015 in
866 2970 929 3015 uno
952 2951 1022 3015 loco
1044 2950 1192 3015 uiuentes
1215 2948 1263 3013 in·

84 3058 201 3125 cendit.
245 3079 303 3142 per·
335 3059 421 3124 idem
450 3079 527 3125 uero
558 3067 685 3143 tempus
713 3061 887 3127 exercitum
918 3061 1019 3125 mouit
1040 3061 1127 3124 Aaar
1155 3061 1190 3125 in
1212 3058 1262 3124 ci-

84 3169 193 3234 liciam
216 3150 288 3233 cum
311 3168 421 3234 decem
445 3169 585 3237 milibus.
629 3170 678 3235 cui
709 3190 779 3236 cum
811 3170 926 3236 obuius
948 3172 1140 3237 occurrisset
1161 3171 1263 3236 Hera-

84 3279 164 3345 clius
187 3279 286 3344 irater
307 3279 528 3365 imperatoris,
552 3281 709 3366 plurimos
733 3301 841 3347 eorum
866 3280 992 3356 occidit,
1014 3281 1163 3348 residuos
1184 3299 1262 3347 nero

85 3390 211 3455 uinctos
234 3389 419 3473 imperatori
441 3392 629 3457 transmisit.

37 3524 69 3574 25
171 3500 265 3564 Anno
293 3500 419 3584 imperii
440 3501 606 3568 Absimari
636 3508 726 3568 sexto
755 3500 876 3569 Azidus
905 3501 995 3567 cunei
1025 3500 1127 3566 aciem
1156 3506 1267 3565 contra
1288 3487 1335 3553 Vl

85 3607 231 3674 Ciliciam
253 3610 352 3674 nrouit
374 3630 629 3696 expugnansque
652 3612 738 3679 Sisui
773 3620 912 3678 castrum
934 3612 1102 3678 Heraclius
1126 3611 1262 3695 impera·

85 3719 163 3785 toris
186 3720 284 3784 irater
305 3721 442 3805 optinuit
464 3727 496 3786 et
517 3721 636 3787 bellum
665 3722 699 3788 in
730 3741 801 3787 eum
824 3742 999 3806 aggressus
1022 3720 1164 3785 Arabum
1186 3718 1262 3785 daro-

85 3827 190 3893 decim
212 3829 302 3893 milia
323 3838 425 3895 nouat.
470 3831 595 3896 interea
616 3832 815 3898 Iustinianus
849 3852 920 3896 cum
942 3852 1043 3916 penes
1065 3829 1264 3896 chersonam

87 3938 219 4020 degeret
241 3947 273 4005 ct
297 3960 332 4006 sc
356 3941 469 4004 iterum
496 3942 726 4025 imperaturum
754 3941 960 4006 concionatus
989 3940 1193 4005 denuntiaret
1214 3956 1264 4003 ac·

38 4050 179 4121 accolae
205 4051 346 4113 locorum
368 4049 543 4115 eorundem
565 4050 738 4117 discrimen
762 4071 802 4116 ex
823 4050 958 4135 imperio
973 4050 1144 4134 prouenire
1166 4054 1265 4113 metu-

88 4166 178 4225 entes
201 4160 362 4225 consiliati
385 4167 459 4226 surrt
481 4159 565 4225 hunc
580 4160 759 4226 interlicere
775 4161 826 4225 uel
849 4167 935 4225 certe
956 4159 1143 4243 imperatori
1158 4166 1263 4226 mans·

87 4268 223 4358 mittere.»
267 4269 337 4351 ipse
367 4289 442 4334 uero
472 4290 543 4334 euru
573 4268 607 4334 id
630 4270 794 4349 sensisset,
818 4269 919 4354 potuit
941 4269 1083 4352 effugere
1105 4277 1138 4335 et
1157 4270 1264 4337 Daras

88 4377 201 4443 adiens
230 4377 425 4443 Cazarorum
456 4400 491 4446 se
520 4381 667 4463 poposcit
689 4380 827 4446 Chaiani
857 4378 1022 4462 optutibus
1051 4379 1263 4462 praesentari.

156 4656 395 4724 beptademonD
467 4662 493 4711 ll
515 4643 681 4726 phrlsppdll
752 4660 782 4710 ¹2
800 4655 964 4726 imperandrl
979 4655 1111 4711 ommoll
1181 4660 1211 4711 19
1230 4640 1264 4725 dr

87 4748 213 4803 mrttrtI)
281 4754 314 4803 26
333 4751 419 4805 castra
439 4750 473 4804 θ’
551 4753 584 4804 28
601 4751 701 4818 poenes
718 4729 828 4805 cerlond
846 4753 870 4802 1)
974 4754 1006 4804 ab
1026 4748 1151 4803 leubildo·
1162 4747 1267 4818 lumeni

88 4840 156 4896 bl)
209 4845 240 4894 3³
258 4825 432 4910 gazarorriD
