2834 5394
418 696 493 746 cnr.
515 696 807 745 xxxvr-xxxvnn
1135 681 1196 745 269

59 849 122 935 prod
137 856 301 935 gesserant
322 848 543 934 agnouisseut,
567 851 676 916 statim
698 850 868 916 exilientes
882 849 1010 934 publice
1025 847 1198 915 currebant

59 968 129 1046 done
144 961 264 1046 impetn
285 960 369 1026 laeto
389 959 576 1026 clamabant
597 959 756 1045 deumque
779 981 871 1026 suum
892 967 924 1024 et
947 966 1077 1026 cunctos
1097 958 1198 1024 horni-

59 1089 100 1139 nes
114 1070 308 1138 testabantur
328 1088 365 1136 se
379 1069 582 1137 Christianos
604 1089 677 1138 esse
699 1079 731 1136 et
752 1072 786 1136 in
808 1090 847 1137 eo
862 1072 993 1137 nomine
1006 1087 1198 1155 permanere

59 1187 128 1266 nnuc
144 1200 201 1268 per
223 1180 440 1265 ignorantiam
469 1200 506 1247 se
535 1179 650 1248 iecisse
679 1181 759 1247 etsi
783 1180 847 1246 dici
869 1187 981 1266 posset
1003 1182 1105 1247 solam
1129 1199 1194 1244 nra·

35 1300 112 1357 trun
128 1292 290 1376 Paganam
312 1309 395 1371 esse,
417 1291 649 1357 conscientiam
673 1311 749 1356 uero
772 1291 854 1357 nihil
877 1293 972 1358 simul
994 1293 1112 1375 egisse.

118 1400 255 1486 Cumque
270 1402 438 1468 uenissent
452 1400 496 1466 ad
520 1402 709 1486 principem,
723 1403 927 1487 proiecerunt
941 1424 1052 1467 aurum
1062 1401 1148 1486 quod
1169 1395 1351 1463 XXXVIII

57 1519 217 1597 acceperant
239 1518 272 1578 et
291 1511 366 1577 torti
388 1530 469 1577 uoce
490 1512 669 1596 poscebant
690 1520 725 1577 ut
753 1514 910 1597 reciperet
938 1513 1024 1597 quod
1053 1511 1197 1578 dedisset

58 1621 155 1689 stilos
176 1620 346 1689 occideret.
390 1623 438 1688 sie
468 1623 554 1687 enlm
578 1623 811 1706 paenitentiam
833 1642 931 1707 agere
953 1622 1138 1689 fatebantur
1159 1642 1198 1688 eo

58 1731 120 1814 qnod
144 1730 312 1818 inprouida
340 1752 451 1798 eorum
479 1731 615 1798 dextera
641 1741 810 1817 peccasset
845 1740 877 1799 et
911 1732 1040 1800 studere
1067 1740 1199 1818 propter
1236 1768 1239 1774 ·

19 1844 47 1895 tc
58 1837 188 1908 clusum
198 1850 299 1908 totum
316 1860 432 1927 corpus
447 1861 573 1927 poenae
588 1843 786 1908 contradere.
809 1862 945 1926 cumque
959 1844 1104 1910 lulianus
1120 1842 1200 1908 talia

58 1949 181 2037 audisset,
211 1952 318 2018 inrore
347 1960 523 2019 commotus
545 1955 710 2038 praecepit
733 1954 841 2037 capita
863 1973 972 2018 eorum
1002 1952 1145 2019 incidere
1168 1959 1200 2019 et

59 2062 314 2129 conducerentur
336 2062 379 2128 ad
401 2070 535 2128 mortem
557 2071 711 2147 sequente
733 2065 852 2148 populo
875 2070 907 2130 et
936 2064 1073 2129 mirante
1102 2064 1200 2129 uirtu-

59 2178 106 2235 tcn
121 2193 223 2239 eornm
247 2173 450 2258 propietate
472 2179 656 2257 susceptam
679 2181 837 2239 uenerunt
864 2173 907 2239 ad
934 2175 1038 2239 locum
1068 2173 1202 2257 querci

61 2283 141 2363 puniri
166 2284 280 2351 solent.
324 2290 400 2348 tune
433 2283 659 2368 spiculatorem
691 2285 818 2368 rogauit
851 2285 960 2351 senior
992 2284 1133 2348 omnium
1166 2289 1201 2347 ut

28 2388 237 2460 baccones
260 2398 357 2478 capnt
378 2392 545 2459 cuiusdam
574 2395 704 2460 nornine
725 2394 863 2460 Romani
885 2394 993 2459 adhuc
1015 2394 1202 2461 adulescen-

62 2499 306 2584 tircbseinderet,
329 2523 370 2569 ne
394 2502 470 2568 dnm
492 2504 628 2568 aliorum
652 2506 826 2589 respiceret
841 2511 973 2570 mortem
990 2505 1200 2588 frangeretur.

62 2624 163 2697 nanque
185 2614 240 2679 ille
261 2633 369 2697 genua
389 2613 516 2679 fixisset
536 2614 569 2679 in
592 2622 679 2680 terra
708 2621 740 2680 et
760 2613 906 2698 gladium
929 2616 1104 2699 spiculator
1126 2634 1200 2681 eua-

61 2716 189 2805 masec,
226 2724 317 2789 uenit
352 2731 485 2808 repente
521 2725 652 2790 nuntius
689 2725 828 2789 clamore
865 2724 1040 2809 prohibens
1078 2744 1200 2790 necem.

63 2845 130 2909 perro
148 2833 335 2900 iuueneulus
356 2835 412 2899 ille
435 2835 595 2899 occisione
618 2835 764 2918 priuatus
787 2836 834 2899 ait
861 2833 935 2900 ‘non
957 2835 1017 2900 fnit
1038 2836 1201 2900 Romanus

30 2933 149 3021 ”diguus
177 2952 212 3009 ut
244 2943 366 3010 coristi
398 2951 520 3028 martyr
553 2945 787 3029 appellaretur’.
832 2953 864 3009 et
896 2946 972 3010 licet
1007 2944 1199 3028 sanguinem

63 3050 191 3135 nltliguus
214 3055 389 3138 imperator
410 3053 501 3119 fundi
528 3055 748 3139 prohibuisset
775 3054 889 3120 duetus
918 3054 1051 3136 inuidia,
1089 3074 1201 3119 uerum

63 3161 142 3228 been
160 3184 225 3229 non
248 3183 304 3230 cos
327 3165 360 3230 in
383 3165 569 3230 ciuitatibus
591 3164 739 3230 habitare
761 3166 908 3250 permIsit
936 3164 995 3232 sed
1024 3166 1067 3231 ad
1089 3167 1203 3230 ultima

62 3263 244 3339 Romanorum
267 3275 338 3339 loca
367 3276 465 3340 exilio
494 3274 678 3341 destinauit.
722 3284 837 3359 postea
868 3295 945 3340 uero
976 3276 1141 3360 praecepit
1168 3283 1203 3341 ut

56 3378 100 3457 ‘lli
116 3384 290 3450 sacrificare
312 3385 482 3467 noluerint,
506 3385 673 3470 inpalatio
695 3406 759 3451 non
782 3387 939 3451 intrarent
961 3394 993 3451 et
1014 3404 1118 3469 neque
1141 3385 1203 3449 col·

29 3484 124 3570 ,slogio
141 3513 244 3578 neque
266 3494 335 3559 foro
358 3514 413 3562 eos
436 3514 540 3579 neque
569 3495 701 3560 arbitrio
730 3515 835 3579 neque
863 3497 930 3560 ulla
957 3495 1115 3579 dignitate
1143 3515 1203 3562 uec

65 3601 174 3677 qualibet
194 3605 475 3671 administratione
497 3605 691 3691 participare
713 3607 818 3672 iussit.

122 3712 242 3780 Interea
257 3715 406 3782 lulianus.
417 3716 493 3781 dnm
501 3715 781 3801 Constantinopoli
794 3715 881 3801 apud
897 3716 1070 3781 Fortunam
1084 3737 1135 3782 sa·
1157 3715 1355 3782 XXXVIIII

65 3815 196 3905 citaret,
219 3826 358 3892 accessit
379 3825 422 3890 ad
444 3846 517 3891 enm
539 3826 647 3892 Mares
670 3827 841 3911 episcopus
864 3825 1070 3892 Chalcedone
1093 3833 1124 3891 et
1145 3848 1201 3912 pn-

67 3918 125 3995 blin
141 3935 270 4020 impium
295 3943 328 4001 et
349 3936 419 4002 sine
443 3934 503 4001 deo
526 3944 773 4021 apostatamque
796 3937 933 4001 uocauit.
978 3937 1032 4001 ille
1055 3955 1131 4000 uero
1154 3956 1203 4003 so-

28 4026 151 4108 ³1¹⁸Jssei
171 4047 410 4131 improperasse
433 4048 532 4112 fertur
554 4046 752 4130 caecitatem,
777 4054 846 4112 erat
867 4049 954 4111 enim
977 4066 1078 4112 senen
1098 4053 1130 4111 et
1145 4066 1203 4129 pro

68 4136 240 4222 ilbccillitate
272 4158 435 4222 oculorum
468 4178 566 4222 manu
599 4157 731 4223 alterins
771 4157 937 4240 agebatur.
994 4176 1091 4240 super
1122 4155 1202 4220 haec

69 4252 136 4326 ctiam
158 4269 271 4334 uolens
300 4268 445 4333 lacerare
475 4267 569 4332 deum
598 4273 750 4332 consuete
778 4266 861 4332 dixit
890 4268 1004 4351 ‘neque
1034 4265 1202 4331 Galilaeus

70 4386 335 4416 2—-

114 4465 247 4534 lgctrerat
264 4466 299 4523 D'
384 4466 623 4522 boonIcrentraD
726 4465 882 4521 Slatebant
900 4466 926 4520 ll
1016 4464 1204 4534 tlrnpbrdell

72 4543 196 4621 llpcncb
284 4564 314 4614 ll
339 4567 365 4615 et
388 4562 512 4625 mirante]
536 4567 655 4628 mrratrq.
673 4559 725 4613 D'
789 4564 817 4613 1³
837 4559 1001 4628 fulceptciD
1090 4564 1119 4612 lt
1138 4558 1203 4612 odo-

69 4630 194 4709 btofflppp
305 4657 338 4708 tt
356 4653 487 4724 pherel)
572 4655 635 4707 aio
652 4652 872 4707 nllainras.1)
955 4667 989 4706 ne
1007 4653 1129 4722 qrralrbet
1147 4668 1203 4707 cm·

69 4740 225 4802 mlustratione
242 4745 315 4813 ΒΡ,
344 4751 376 4801 tt
396 4745 668 4816 constantinopolill
736 4749 768 4799 ts
787 4745 909 4800 manill
967 4749 1000 4799 '29
1018 4746 1205 4801 nocrtalletD

68 4823 248 4908 ³⁰tt't'ppercile
264 4839 291 4895 Ι)
341 4840 428 4896 tercur-
445 4841 540 4896 obal)
