2834 5394
203 280 244 344 76
716 298 808 345 mam
829 296 882 345 ιιιι

201 447 358 512 auxilium
387 448 521 525 tulerat,
551 448 637 514 tilius
665 449 737 515 eius
765 450 904 517 Perseus
931 448 966 514 in
986 448 1180 517 hlaeedenia
1205 451 1387 520 rebellauit

201 557 389 640 ingentibus
411 558 513 642 eopiis
536 557 698 625 adunatis.

284 665 393 750 <Gens
410 669 639 734 Bastemarum
662 668 862 736 ferocissima
875 668 999 754 Lepido
1021 677 1055 736 et
1067 670 1173 737 llueio
1186 672 1383 741 oonsulibus

199 778 392 863 praedarum
417 798 475 864 spe
498 778 679 861 sollicitata,
709 787 743 845 et
767 779 956 846 transeundi
978 780 1082 847 Histri
1112 779 1260 849 fluminis
1282 782 1383 850 iaeul

199 895 266 954 tate
295 890 366 956 sine
392 890 460 954 ulla
487 908 598 973 pugna
625 889 678 954 uel
706 889 815 973 aliquo
843 889 936 958 hoste
965 891 1125 959 exereitus
1154 889 1227 959 eius
1250 890 1410 961 deletust

198 1005 258 1065 est.
302 1019 378 1064 nam
406 1005 482 1063 tune
510 999 590 1063 forte
618 999 798 1081 Danuuius,
832 1000 887 1083 qui
915 1008 948 1065 et
974 1000 1094 1082 Hister,
1126 1020 1242 1069 erassa
1269 1003 1378 1086 glaeie

199 1115 418 1193 superstratus
440 1107 622 1193 pedestrem
638 1109 732 1175 taeile
746 1111 917 1176 transitum
933 1110 1124 1195 patiebatur.
1168 1111 1283 1197 itaque
1304 1132 1377 1177 eum

199 1218 379 1303 improuide
401 1226 467 1284 toto
490 1226 523 1284 et
544 1219 685 1285 maximo
707 1220 803 1286 simul
830 1221 961 1304 agmine
994 1221 1246 1289 inaestimabilis
1275 1222 1377 1288 homi·

198 1349 274 1394 num
298 1329 350 1394 uel
373 1349 526 1413 equorum
548 1329 717 1395 multitudo
738 1330 906 1413 transiret,
940 1332 1129 1396 enormitate
1156 1330 1315 1416 ponderis
1343 1340 1376 1397 et

198 1440 409 1506 concussione
439 1439 655 1523 gradientium
687 1459 886 1525 eonerepans
918 1443 994 1524 gelu
1027 1447 1059 1506 et
1085 1440 1236 1525 glaeialis
1266 1448 1400 1509 erustn

197 1550 339 1617 dissiluit
371 1550 620 1635 uniuersumque
654 1569 781 1634 agmem
815 1550 901 1635 quod
930 1550 986 1615 diu
1015 1551 1220 1633 susfinusrat,
1255 1551 1374 1619 mediis

197 1661 379 1746 gurgitibus
410 1661 496 1726 uieta
524 1660 653 1726 tandem
682 1667 713 1725 et
741 1662 937 1727 eommiuuta
963 1660 1108 1727 destituit
1137 1667 1234 1746 atque
1257 1661 1372 1728 eadem

197 1792 308 1839 rursus
336 1772 524 1855 fragmentis
554 1769 804 1855 impedientibus
832 1770 1027 1856 superducta
1049 1770 1231 1837 submersit.
1276 1772 1373 1857 pauei

197 1900 237 1947 ex
266 1881 353 1944 omni
381 1882 500 1965 populo
528 1900 585 1964 per
613 1888 781 1966 utramque
809 1882 913 1966 ripam
942 1881 999 1946 uix
1027 1881 1167 1948 eoneisis
1188 1881 1372 1949 uisceribus

197 1997 380 2055 euaserunt.

282 2099 395 2164 Publio
424 2100 548 2165 Licinio
579 2100 697 2166 Crasse
742 2100 825 2166 Gaio
854 2099 969 2166 (tassio
996 2100 1143 2183 Longino
1170 2100 1372 2183 oonsulibus,

195 2209 438 2275 Macedonicum
475 2211 592 2275 bellum
627 2218 753 2294 gestum
782 2217 831 2277 est
865 2211 978 2275 merito
1008 2210 1091 2276 inter
1118 2210 1264 2276 maxima
1283 2210 1374 2277 bella

197 2319 410 2387 referendum.
465 2341 540 2386 nam
575 2322 609 2385 in
643 2321 764 2413 auxilio
796 2322 1012 2385 Romanorum
1044 2326 1112 2385 tota
1151 2320 1244 2405 prius
1276 2318 1374 2387 ltalia

196 2431 315 2497 deinde
347 2432 552 2498 Ptolomaeus
585 2451 643 2497 rex
674 2430 815 2515 Aegypti
847 2435 879 2495 et
909 2429 1099 2495 Ariarathes
1131 2427 1372 2514 Cappadociae,

195 2544 358 2610 Eumenes
380 2543 489 2625 Asiae,
516 2541 695 2608 Masinissa
715 2539 889 2605 Numidiae
917 2540 1054 2604 luerunt.
1099 2539 1233 2607 Prusias
1262 2546 1372 2605 autem
1400 2570 1410 2588 a

195 2653 369 2737 Bithpmiae
404 2673 462 2720 rer
498 2672 693 2736 quamquam
730 2650 841 2717 Persei
876 2668 1019 2715 sororem
1056 2669 1187 2715 uxorem
1223 2648 1372 2731 haberet,

195 2762 339 2847 utrisque
362 2782 398 2827 se
420 2782 557 2846 aequum
580 2761 738 2846 praebuit.
783 2761 892 2843 itaque
906 2759 1093 2825 aduenienti
1108 2759 1235 2824 Lieinio
1249 2757 1374 2827 Crasso

195 2871 320 2938 eonsuli
343 2872 482 2939 Perseus
505 2890 576 2936 oum
592 2870 693 2955 Cotye
714 2870 874 2935 Thraciae
897 2889 973 2953 rege
996 2875 1028 2934 et
1049 2888 1126 2953 roge
1148 2868 1272 2954 Illyriei
1288 2870 1373 2936 Gen-

195 2982 400 3065 desemine,
434 3000 515 3065 quos
538 2981 572 3046 in
600 2980 757 3045 auxilium
786 2979 935 3060 habehat
969 2980 1107 3044 oeeumit
1133 2979 1373 3062 eommissoque

197 3094 319 3177 proelio
354 3090 581 3159 miserabiliter
613 3090 690 3155 uieti
724 3091 834 3173 lugere
873 3089 1021 3153 Romani.
1076 3088 1225 3173 sequenti
1257 3109 1373 3174 pugna

200 3254 378 3260 -——-.—-——
382 3254 501 3261 -,---

266 3315 424 3383 tpreberat
441 3312 468 3367 Β
603 3318 618 3368 2
642 3314 768 3368 adunatis
791 3313 833 3370 D:
858 3313 961 3384 paratrl
978 3311 1005 3366 Β
1124 3316 1218 3377 3-Π,
1237 3316 1254 3366 8
1274 3312 1310 3383 <>
1327 3314 1373 3370 D:

195 3408 265 3462 Nam
292 3407 429 3461 adiutores
450 3407 455 3475 1
478 3406 597 3461 habebat
623 3414 712 3462 cotum
736 3408 841 3481 trachis
858 3422 969 3476 regem·
988 3412 1016 3459 et
1029 3409 1034 3471 Ι
1048 3421 1138 3474 regem
1160 3405 1280 3475 hylhrser
1305 3422 1374 3477 gon-

195 3508 262 3555 trum
286 3501 412 3567 nominet
426 3500 544 3555 romanii
564 3506 655 3554 autem
677 3518 707 3555 ιιι
724 3500 854 3555 auxthum
871 3505 930 3554 erat
952 3512 1028 3553 eume
1043 3498 1047 3565 Ι
1062 3499 1111 3551 nel
1126 3498 1181 3567 she
1207 3512 1278 3552 rex·
1297 3514 1373 3554 ana·

194 3595 271 3649 ratus
286 3594 481 3663 eappadoerae·
510 3594 514 3662 Ι
537 3594 679 3648 antiochus
703 3593 769 3663 lyme
791 3619 796 3629 ·
819 3592 969 3663 ptolomeus
1000 3598 1105 3660 aegyptr
1127 3590 1305 3659 lmaihmss'a
1322 3608 1374 3647 nu·

194 3687 274 3760 mrdte
319 3687 445 3756 pruinali
467 3694 556 3740 autem
585 3686 705 3757 hythtmp
737 3702 818 3755 quam
841 3688 846 3754 ι
868 3701 948 3755 quam
974 3685 1057 3753 periet
1087 3698 1198 3738 uxerem
1225 3682 1298 3737 habe
1313 3684 1373 3753 1ιὰ

194 3781 313 3849 utrisque
332 3782 358 3834 le
383 3796 480 3850 equum
498 3780 630 3850 prebuit·
655 3782 660 3849 l
682 3780 737 3835 dux
755 3794 927 3834 romanorum
944 3777 1053 3846 pubhut'
1069 3776 1161 3830 consul
1179 3780 1275 3829 eontm
1289 3780 1295 3845 Ι
1310 3792 1374 3832 eum

195 3873 285 3929 mistus
301 3875 382 3927 elta
397 3889 461 3941 rege
476 3888 552 3941 graui
570 3873 654 3945 preho
672 3872 761 3927 uictus
774 3874 778 3943 Ι
793 3886 880 3941 neque
901 3877 992 3924 mmen
1014 3884 1117 3924 remam
1139 3884 1304 3938 quamquam
1327 3869 1373 3923 iu-

194 3974 280 4037 peratr
296 3968 300 4028 Ι
315 3982 369 4034 regn
386 3970 488 4035 petenti
505 3980 600 4034 pacem
617 3967 753 4034 praebere
770 3962 988 4020 uoluerunt-mh
1003 3962 1064 4030 llus
1079 3960 1281 4016 oondserombui
1296 3969 1328 4016 ut
1343 3960 1373 4017 ie

195 4058 219 4114 dt
243 4058 305 4113 tuos
329 4058 432 4114 leuatur
446 4057 490 4128 ld
515 4058 616 4127 populo
642 4072 753 4112 romano
781 4057 909 4113 dedere·
935 4063 939 4119 Ι
961 4072 1019 4110 nox
1051 4054 1143 4109 mtmt
1170 4054 1320 4123 gaemrorut
1342 4052 1375 4108 Β

194 4152 377 4220 :surrogans
391 4151 454 4205 add.
473 4151 499 4204 td
517 4152 557 4204 elt
573 4150 627 4206 ΒΡ
693 4150 849 4205 mumtrol)
926 4149 1118 4204 tiolhertatut'
1137 4145 1186 4201 ΒΡ
1234 4146 1329 4200 hrlton
1344 4145 1375 4201 Β

194 4244 424 4298 erueruntatel)
494 4243 710 4312 sagramentum
728 4241 755 4297 Β
825 4245 854 4295 13
874 4240 1062 4296 lummerhtl)
1132 4244 1163 4294 te
1180 4238 1372 4309 ptolomeulD

195 4336 367 4392 amaraterl)
435 4341 468 4390 20
486 4336 638 4391 emenelll⁴
689 4333 855 4390 mahdtllaD
907 4338 937 4388 21
957 4335 1069 4389 brthrme
1085 4349 1175 4403 regem
1192 4331 1219 4387 Β
1270 4335 1303 4387 23
1322 4347 1373 4387 eo-

194 4438 252 4485 tum
269 4430 367 4483 thraue
383 4445 471 4498 regem
489 4437 516 4485 et
532 4433 595 4499 roge
610 4432 614 4499 l
628 4429 734 4484 hrlhrret
751 4434 869 4498 gentium
887 4426 913 4482 Β
