2834 5394
110 218 172 281 498
625 231 718 278 muru
739 231 811 279 ¹111

109 406 179 452 rum
202 384 293 451 iuxta
315 381 588 470 pseudomonachi
611 389 644 447 et
665 381 802 448 inclausi
827 400 1006 448 sermonem
1031 391 1064 448 et
1079 383 1213 450 abiecit
1227 406 1303 453 sau·

109 504 192 562 ctam
224 504 256 561 et
283 495 501 560 uniuersalem
531 500 655 559 sextam
686 491 854 576 synodum.
906 491 1086 577 eodemque
1119 514 1217 561 anuo
1246 496 1301 563 ille

108 627 213 673 uanus
235 606 398 671 oculorum
420 603 607 670 eaecitatem
630 601 771 668 incurrit.
816 602 934 686 quique
955 621 1027 667 cum
1050 604 1085 669 in
1111 606 1224 671 multa
1245 628 1299 691 po·

109 717 190 785 situs
213 717 384 783 securitate
412 714 446 780 in
468 713 632 797 regalibus
654 711 787 795 degeret
809 711 1114 798 multitudinemque
1141 717 1298 799 pecunia-

109 849 179 893 rum
210 834 241 892 et
264 824 600 911 splendidissimarum
623 822 877 889 substantiarum
908 822 974 887 illic
1003 843 1045 890 ex
1068 825 1189 894 multis
1211 835 1325 894 retros

109 936 307 1022 temporibus
330 935 372 1000 ab
395 935 446 1001 bis
476 934 531 1020 qui
553 938 650 999 autea
671 933 910 1018 imperauerant
931 952 972 998 ex
992 935 1295 1020 proscriptionibus

109 1056 141 1112 et
162 1046 302 1112 diuersis
326 1045 549 1110 occasionibus
571 1042 775 1126 maximeque
796 1063 817 1108 a
838 1041 1002 1128 praedicto
1016 1043 1210 1112 iustiniano
1231 1049 1294 1112 ool-

113 1159 267 1222 leotarum
296 1154 485 1237 inuenisset
523 1153 604 1220 baec
633 1154 752 1220 frustra
780 1159 812 1218 et
832 1153 994 1220 incassum
1017 1171 1056 1217 ac
1078 1153 1157 1222 sine
1180 1155 1294 1224 dolore

108 1265 272 1351 dispersit.
316 1271 348 1331 et
381 1265 414 1330 iu
447 1263 719 1348 disputationibus
753 1262 883 1346 quidem
916 1263 981 1329 suis
1013 1263 1228 1334 rationabilis
1260 1275 1292 1333 et

108 1376 253 1463 prudeus
276 1374 518 1455 aestimabatur,
555 1374 589 1439 in
618 1372 743 1440 actibus
765 1380 873 1439 autem
894 1372 1063 1439 inhoneste
1087 1393 1126 1439 uo
1150 1376 1331 1461 indiguero

108 1488 206 1553 uitam
237 1505 464 1552 consummans
493 1483 717 1568 improbabilis
739 1481 858 1567 ubique
886 1481 1182 1551 demonstrabatur.
1221 1495 1289 1553 erat

107 1605 214 1665 autem
238 1597 419 1662 haereticus
442 1601 475 1660 et
496 1592 632 1658 adulter.

20 1709 86 1775 XX
193 1706 288 1772 Anno
311 1704 353 1770 ab
376 1703 598 1771 incarnatione
619 1700 741 1767 domini
770 1702 1057 1786 septingentesimo
1080 1711 1202 1786 quarto
1224 1707 1289 1772 Ro—

107 1817 212 1883 manis
234 1816 372 1900 imperat
386 1816 602 1880 Pmmnrevs
624 1813 679 1897 qui
701 1812 850 1896 regnauit
863 1808 966 1879 ‘annis
987 1811 1123 1878 duobus.
1169 1815 1287 1881 Arabi—

108 1927 168 1991 hus
191 1933 298 1989 autern
321 1930 451 2008 praeest
472 1920 601 2001 Vhalid‚
639 1922 694 2006 qui
721 1921 873 1988 ducatum
900 1942 1017 1988 nouem
1045 1923 1151 1988 tenuit
1173 1926 1282 1993 annis.
1302 1942 1328 1992 u

108 2054 194 2100 anuo
222 2034 320 2116 igitur
348 2032 475 2117 imperii
504 2032 555 2098 sui
577 2032 779 2117 Philippicus
807 2033 910 2117 primo
932 2033 1102 2098 Armenios
1132 2032 1287 2102 deterre

107 2163 167 2211 aua
199 2143 325 2228 pellens
358 2142 392 2206 in
413 2141 568 2206 Armenia
600 2148 715 2226 quarta
747 2149 779 2208 et
805 2143 956 2209 Melitene
989 2143 1137 2208 habitare
1165 2146 1285 2229 coegit.

106 2273 202 2338 porro
225 2273 289 2318 nou
312 2252 494 2335 praeualuit
515 2252 647 2319 saeuius
669 2253 790 2317 moueri
813 2261 925 2319 contra
946 2261 1089 2320 sanctam
1106 2255 1282 2322 eeclesiam

106 2370 139 2430 et
160 2364 378 2430 uniuersalem
401 2368 525 2428 sextam
549 2359 708 2447 synodum
732 2361 918 2430 subuertere
940 2362 1074 2430 studens
1101 2361 1283 2450 diuinaque

105 2474 148 2540 ab
171 2493 210 2540 eo
233 2474 384 2538 roborata
406 2480 481 2538 sunt
502 2471 664 2555 dogmata.
709 2472 852 2558 repperit
873 2479 979 2538 autem
1010 2473 1060 2539 sui
1088 2493 1208 2542 sensus
1231 2476 1282 2541 Io-
1297 2496 1328 2546 to

105 2584 256 2664 hannem,
281 2603 376 2665 quem
399 2583 585 2666 episcopum
602 2580 926 2669 constantinopoleos
942 2583 1016 2649 tecit
1030 2583 1178 2668 deposito
1193 2583 1282 2670 Cyro

105 2692 256 2777 praesule
278 2710 373 2772 quem
395 2698 427 2756 ot
450 2691 546 2756 exilio
569 2692 726 2775 relegauit
748 2694 781 2758 in
803 2694 999 2760 monasterie
1022 2692 1156 2772 Chorus,
1186 2694 1283 2760 Nico·

105 2801 257 2884 laumque
280 2821 301 2866 a
322 2800 457 2865 diacono
481 2798 620 2864 Cuucmn
643 2801 791 2867 ellectum
814 2804 868 2887 qui
891 2822 961 2868 cum
985 2801 1168 2868 medicinali
1192 2814 1283 2872 esset

103 2911 278 2996 disciplina
299 2911 456 2994 sophista.
486 2917 561 2974 tunc
585 2919 736 2994 quaestor
758 2920 828 2977 erat
850 2932 888 2977 ao
910 2912 1073 2996 Elpidium
1105 2912 1278 2979 diaconum

103 3040 241 3104 magnae
276 3020 432 3085 ecelesiae
464 3026 561 3103 atque
589 3019 781 3086 Antiochum
813 3022 1095 3107 chartophylacem
1129 3030 1161 3087 et
1193 3024 1278 3092 alios
1295 3045 1325 3095 25

103 3147 226 3192 morum
250 3126 426 3192 eorundem
448 3130 503 3210 qui
526 3129 622 3194 etiam
646 3131 765 3216 scripto
787 3132 1107 3198 anathematizauere
1129 3140 1278 3200 sanctam

104 3242 229 3304 sextam
253 3235 421 3319 synodum.
466 3237 590 3304 interca
612 3240 770 3325 Bulgares
792 3261 851 3327 per
872 3242 987 3308 Philca
1008 3243 1091 3308 elam
1114 3243 1147 3306 iu
1175 3264 1279 3328 angu-

103 3352 188 3414 stum
209 3344 390 3412 incidentes
414 3353 445 3412 et
467 3368 587 3431 magna
608 3351 708 3416 caede
731 3351 940 3435 lacteusque
963 3352 1005 3417 ad
1028 3351 1139 3418 urbem
1154 3351 1279 3420 discur-

103 3463 212 3523 rentes
235 3463 267 3523 et
288 3457 405 3523 multos
428 3458 675 3525 transuchoutes
698 3460 883 3546 nuptiisque
907 3462 1067 3547 opulentis
1090 3468 1122 3527 et
1144 3462 1278 3547 dapsili-

102 3567 162 3634 hus
191 3565 337 3652 prandiis
366 3587 438 3632 cum
467 3567 557 3632 uario
585 3578 719 3653 argento
748 3577 918 3651 ceteroque
953 3577 1111 3658 apparatu
1139 3575 1326 3656 reperiisse

101 3696 204 3761 usque
226 3675 270 3742 ad
291 3676 432 3771 Auream
454 3684 579 3762 portam
602 3678 819 3746 discurrentes
842 3687 973 3764 totaque
995 3681 1121 3747 Thrace
1152 3684 1278 3767 praeda

101 3794 261 3853 euacuata
282 3786 390 3853 illaesi
411 3806 483 3852 cum
506 3787 682 3856 innumeris
704 3791 876 3874 pecoribus
904 3790 948 3855 ad
976 3792 1108 3877 propria
1129 3799 1205 3858 suut
1226 3815 1276 3860 re·

168 4070 370 4151 3th·criI)
440 4084 691 4139 llconlumaulll
769 4091 796 4138 15
816 4092 905 4140 autem
923 4085 1019 4140 cml)
1070 4087 1171 4143 uth
1244 4097 1274 4144 ll

100 4175 225 4243 melitene
242 4175 269 4230 D
340 4180 370 4230 te
388 4177 526 4232 eccleham
544 4176 567 4230 da
585 4178 681 4232 cml)
753 4182 782 4231 19
800 4177 892 4231 diurna
909 4192 961 4248 que
974 4178 1001 4233 D
1059 4184 1091 4234 m
1110 4185 1275 4252 erat-Agel-

101 4250 179 4333 prdrit
197 4266 257 4332 ΒΡ,
276 4268 496 4340 Bmtqarsr'uauq
514 4270 683 4336 Anastasius,
701 4269 855 4325 emcnduur‘t
874 4270 1006 4326 Gruterus
1084 4276 1115 4327 25
1135 4277 1274 4345 cartophr-

98 4339 162 4412 lac⁸e
178 4356 204 4411 D
272 4362 303 4411 27
322 4361 447 4430 uulgaret
461 4361 488 4417 b
556 4366 587 4416 31
606 4361 734 4433 prqdeD
