2834 5394
564 693 638 740 car.
661 693 795 740 rur-ru
1211 678 1272 738 247

151 862 227 908 sorore
242 843 432 911 Armentarii
457 844 645 929 progenitus
673 864 813 929 ueroque
841 846 971 911 nomine
999 852 1075 912 ante
1103 846 1272 930 imperium

150 955 214 1019 Caua
229 953 321 1020 dictus
350 960 424 1039 post
451 954 620 1039 imperium
643 954 793 1021 Galerius
815 956 1008 1022 Maximinus
1037 956 1272 1041 appellabatur.

149 1065 234 1131 Caesar
256 1064 484 1147 quadriennio,
521 1064 640 1130 dehinc
666 1086 725 1150 per
753 1065 908 1131 orientem
936 1066 1102 1148 Augustus
1136 1066 1274 1131 triennio

149 1176 187 1239 luit
200 1182 256 1240 orm
276 1174 405 1259 quidem
427 1182 524 1257 atque
546 1175 690 1241 instituto
713 1176 870 1260 pastorali
899 1196 1010 1240 uerum
1040 1176 1274 1260 sapientissimi

128 1286 260 1369 urumque
281 1304 319 1348 ac
340 1285 519 1351 litterarum
542 1287 651 1366 cultor,
675 1286 806 1370 ingenio
822 1287 939 1367 quieto,
962 1287 1031 1352 nini
1053 1287 1187 1369 auidior,
1211 1307 1275 1369 quo

150 1394 222 1460 ebrius
240 1393 397 1479 quaedam
419 1402 569 1479 corrupta
591 1403 698 1461 mente
721 1416 839 1481 aspera
861 1396 1002 1479 iubebat,
1026 1396 1112 1480 quod
1135 1418 1206 1462 cum
1229 1399 1275 1482 pi-

150 1512 210 1585 geret
225 1505 344 1588 lactum,
372 1505 495 1571 differri
523 1525 606 1588 quae
627 1507 847 1590 praecepisset
869 1507 902 1571 in
925 1511 1050 1591 tempus
1074 1507 1215 1573 sobrium
1238 1526 1277 1571 ac

151 1616 298 1680 nauhnum
319 1616 441 1680 statuit.
484 1616 606 1682 Valens
633 1617 758 1681 interca
785 1617 819 1679 in
849 1616 970 1681 oriente
993 1618 1034 1681 ab
1058 1617 1198 1682 exercitu
1221 1618 1276 1680 im·

150 1732 241 1805 perator
263 1726 445 1811 appellatus
474 1726 516 1790 ab
543 1725 655 1791 codem
678 1725 803 1790 Licinio
826 1734 927 1791 morte
950 1728 1112 1792 multatur.
1157 1725 1276 1791 deinde
1314 1764 1317 1770 Δ

113 1844 136 1889 ¹⁴¹
150 1832 292 1901 Alexander
313 1835 368 1919 qui
390 1835 476 1920 apud
499 1834 855 1920 Carthagincmmperat
886 1855 921 1900 or
943 1843 994 1902 est
1016 1836 1127 1917 lactus,
1151 1856 1172 1899 a
1194 1835 1276 1899 Con-

149 1945 245 2008 stantini
262 1946 404 2010 exercitu
424 1946 596 2029 iugulatur.
640 1946 702 2010 iste
725 1947 784 2010 luit
800 1946 909 2030 Phryx
932 1946 1065 2029 origine,
1088 1945 1218 2028 ingenio
1241 1945 1278 2009 ti-

149 2050 230 2134 midus,
246 2055 375 2121 interior
396 2054 553 2122 aduersus
574 2056 718 2121 laborem
742 2056 819 2121 uitio
842 2064 992 2123 senectae
1007 2059 1133 2122 aetatis.
1177 2056 1276 2139 igitur

150 2158 339 2232 Constantinus
371 2174 486 2249 quarto
519 2165 642 2231 decimo
674 2166 800 2250 imperii
834 2167 883 2231 sui
912 2186 998 2231 anno
1020 2167 1118 2231 totius
1140 2149 1278 2230 Romani

149 2269 211 2338 orbis
226 2282 419 2340 monocrator
440 2275 573 2341 effectus
602 2295 728 2340 omnem
757 2296 865 2340 curam
894 2277 1057 2342 transtulit
1084 2274 1127 2340 ad
1155 2274 1276 2355 diuina,

111 2381 262 2451 ltccclcsias
283 2387 411 2468 crigens
440 2392 471 2450 et
497 2385 674 2450 liberaliter
702 2385 762 2451 has
790 2405 831 2451 ex
859 2386 983 2451 ratione
1006 2386 1135 2470 publica
1158 2385 1277 2451 drtans.

149 2487 193 2555 iste
211 2496 334 2578 primam
363 2497 469 2579 legem
497 2495 626 2579 scripsit
647 2495 803 2560 idolorum
833 2497 956 2581 templa
983 2497 1035 2562 his
1062 2495 1157 2575 tradi,
1195 2515 1279 2578 quac

150 2597 242 2668 Christo
260 2612 334 2671 sunt
356 2604 510 2689 deputata
524 2640 566 2649 —
581 2624 652 2668 cnm
675 2625 713 2669 eo
736 2625 815 2671 sane
837 2607 926 2688 leges
949 2606 1131 2690 proterebat
1145 2605 1280 2689 Crispus

150 2708 209 2779 filins
224 2715 286 2782 cius
307 2752 350 2761 -
372 2714 546 2781 secundam
570 2734 646 2779 uero
669 2713 871 2781 Christianos
895 2718 980 2782 solos
1003 2716 1151 2795 militare,
1180 2715 1281 2798 genti-

150 2816 191 2886 bus
206 2845 236 2889 ac
253 2826 445 2892 exercitibus
466 2825 658 2908 principari:
688 2826 782 2891 tertia
804 2826 885 2892 duas
908 2826 1080 2911 paschales
1107 2823 1282 2889 hebdoma-

111 2926 191 2996 ²ldas
205 2955 288 3002 mam
311 2936 433 3003 scilicet
453 2943 529 3001 ante
551 2943 583 3000 et
604 2937 737 2999 alteram
761 2944 834 3019 post
856 2936 1120 3002 resurrectionem
1144 2934 1214 2999 sine
1236 2933 1281 2996 la·

151 3036 203 3106 lore
218 3049 399 3131 cuiusquam
421 3047 527 3130 operis
549 3043 772 3111 celebrandas.

207 3155 257 3223 His
277 3158 324 3222 ita
344 3157 446 3239 gestis
466 3176 531 3240 pax
553 3155 713 3240 profunda
736 3163 767 3219 ct
782 3154 998 3238 tranquillitas
1013 3154 1148 3239 optinuit
1162 3154 1282 3235 orbem,
1307 3159 1355 3224 XI

155 3265 325 3332 cterultatio
348 3265 460 3331 fideles
483 3264 745 3330 concurrentibus
775 3265 906 3329 assidue
929 3265 1077 3329 omnibus
1099 3263 1284 3329 nationibus

151 3368 180 3433 ad
193 3374 273 3442 idem
295 3375 416 3441 Christi
438 3382 468 3439 ct
492 3374 662 3459 baptizatis
686 3394 723 3438 ac
745 3375 851 3458 patria
873 3374 1165 3458 conquassantibus
1188 3375 1284 3439 simu·

120 3477 219 3550 2⁵lana.
255 3508 366 3552 uerum
389 3486 473 3550 enim
498 3504 573 3549 ucro
596 3491 630 3549 ut
652 3485 786 3568 imperia
808 3484 938 3549 difficile
960 3484 1161 3549 concordiam
1184 3490 1287 3548 custo·

153 3586 223 3679 diunt,
241 3594 485 3677 Constantinus>
514 3595 563 3658 uir
585 3595 705 3677 ‚ingens
728 3602 760 3659 et
789 3595 897 3659 cornia
925 3595 1050 3660 efficere
1072 3596 1180 3660 nitens
1203 3612 1287 3674 quae

153 3700 228 3770 anino
239 3711 475 3792 praeparasset,
499 3703 593 3769 simul
609 3704 821 3789 principatum
837 3707 934 3771 totius
957 3705 1043 3770 orbis
1066 3705 1221 3769 affectans
1237 3703 1287 3767 Li·

155 3806 211 3877 dulo
227 3817 341 3882 bellum
363 3815 469 3879 intulit
491 3834 684 3896 numnquam
709 3813 912 3880 necessitudo
936 3824 967 3880 ot
989 3814 1130 3879 affinitas
1153 3833 1224 3878 cunr
1247 3834 1286 3879 co

156 3931 215 3988 ast
231 3946 265 3993 ac
285 3928 389 4013 primo
411 3944 483 3989 eum
507 3924 540 3988 in
563 3925 733 3989 Pannonia
755 3924 864 4007 (uicit)
888 3924 1029 3990 secunda
1052 3924 1138 4008 apud
1155 3923 1287 3988 Cibalae

124 4020 230 4103 ³'libata
257 4035 411 4123 paludem
438 4035 585 4099 Hiulcam
622 4035 751 4099 nomine
786 4032 998 4099 Constantino
1032 4042 1137 4100 castra
1171 4032 1289 4097 Licinii

203 4353 371 4411 litteratorii
389 4353 413 4407 [1
481 4351 666 4407 idrllemrrll
753 4359 784 4406 lc
802 4352 987 4420 kartagpnel)
1057 4357 1083 4404 11
1107 4351 1240 4405 cxcrcrtui
1256 4350 1290 4404 D*

159 4428 226 4496 imp
285 4452 315 4502 13
334 4445 475 4515 quartall
546 4450 576 4497 15
595 4446 682 4498 erreul
698 4444 724 4499 Ι)
794 4450 824 4498 ld
843 4443 1047 4498 ebdomadalD
1115 4448 1147 4497 27
1167 4443 1294 4497 affectans

163 4522 179 4576 ⁰
211 4539 236 4592 29
246 4550 309 4612 post
326 4538 465 4594 eisetadd.
482 4537 552 4591 Nam
572 4539 646 4592 lorcr
663 4537 812 4591 constonoa
828 4539 832 4604 l
847 4544 931 4606 nupta
948 4538 1038 4591 hermo
1057 4542 1115 4590 crat
1132 4536 1159 4590 B
1226 4543 1293 4590 urcrt

161 4623 196 4678 ¹⁰¹¹¹·
213 4626 255 4687 CB
339 4630 454 4688 [munda
480 4630 548 4692 ΗΒ,
576 4631 673 4685 detrude
704 4631 765 4685 aaa
796 4639 896 4699 ingenti
982 4637 1115 4698 apparatu
1140 4629 1239 4684 bellum
1266 4630 1293 4685 B

162 4711 277 4781 εῐΜιιῐΒ
343 4729 472 4783 att-nas,
491 4729 505 4779 3
523 4725 555 4794 <>
573 4724 786 4791 D:111ltrulente
805 4724 960 4792 repentinus
976 4725 1118 4791 opprcsht·
1132 4724 1293 4792 omniqueB

163 4804 256 4872 illone
270 4818 395 4874 hcrnnI)
