2834 5394
169 216 231 280 598
668 234 761 281 tunm
782 234 865 281 xxvi

163 384 300 449 suntab
321 384 388 449 illo.
418 385 665 468 comprehensus
687 392 795 451 autem
817 391 849 450 et
869 384 977 449 multis
998 384 1115 468 poenis
1138 384 1294 451 affectus
1317 405 1374 452 ex·

165 494 289 559 cusauit
316 514 351 559 sc
374 495 578 559 daemonium
607 496 728 562 habere
749 493 965 578 praetendens
995 495 1195 577 nullumque
1228 515 1371 579 prorsus

73 591 143 661 XX
163 622 328 671 accusans.
372 613 406 669 at
427 605 483 670 ille
505 605 590 670 hunc
611 604 644 669 in
666 605 754 687 ligno
775 603 912 669 muniuit
933 624 1004 669 cum
1026 604 1253 687 patientibus.

249 715 341 780 Multi
363 735 439 796 ergo
461 714 614 799 deinceps
635 716 782 797 augurati
804 722 878 780 sunt
914 715 1053 781 enormis
1079 714 1153 780 lore
1183 717 1276 780 mali
1307 717 1391 803 hoe

164 824 309 908 signum,
346 833 570 891 asseuerantes
591 833 657 890 tarn
679 826 911 908 imperantibus
939 845 1034 907 quam
1064 824 1232 890 subiectis
1265 841 1398 908 queunt

164 1064 251 1125 uero,
274 1044 328 1126 qui
343 1066 427 1110 nunc
442 1046 619 1111 Paulieiani
635 1053 666 1112 et
680 1046 858 1128 Athingani
881 1046 1036 1126 dicuntur,
1059 1045 1183 1126 quique
1202 1046 1243 1110 in
1261 1047 1368 1131 Pbry-

164 1153 219 1235 gia
241 1161 273 1219 et
294 1153 460 1237 Lycaonia
487 1156 650 1220 constituti
686 1154 827 1221 contines
856 1163 888 1221 et
916 1155 1013 1221 uicini
1042 1155 1110 1221 eius
1141 1155 1372 1221 habebantur·

165 1262 287 1328 amicus
309 1263 561 1331 feruentissimus
584 1274 660 1343 erat,
699 1266 861 1349 responsis
889 1285 997 1331 eorum
1026 1284 1157 1347 semper
1179 1274 1218 1330 et
1244 1266 1367 1331 immo-

166 1373 342 1439 lationibus
369 1377 618 1458 congratulatus.
663 1376 696 1441 in
725 1376 839 1458 quibus
868 1383 900 1440 et
928 1374 1057 1458 quando
1080 1375 1284 1442 Bardauius
1307 1397 1367 1461 pa·
1385 1389 1410 1440 rt

165 1483 274 1551 tricius
297 1492 408 1552 contra
430 1505 502 1551 eum
524 1486 704 1568 insurrexit,
734 1486 785 1550 his
814 1485 980 1551 aduocatis
1008 1485 1093 1550 hunc
1121 1485 1366 1553 molitionibus

164 1593 305 1679 ipsorum
327 1596 463 1678 subegit.
507 1604 631 1662 taurum
661 1596 779 1679 quippe
809 1596 843 1660 in
875 1597 948 1661 lacu
977 1594 1116 1678 quodam
1138 1595 1255 1662 ferreo
1281 1599 1365 1681 palo

165 1705 314 1770 cornibus
342 1705 482 1789 alligans
518 1707 561 1772 ad
587 1714 704 1772 terram
739 1707 938 1771 incuruatum
967 1707 1013 1771 sic
1041 1705 1117 1770 dum
1145 1709 1301 1789 mugiret
1331 1716 1367 1775 et

165 1815 363 1880 uolutaretur
395 1816 497 1881 occidi
530 1817 606 1881 lecit
637 1816 794 1898 huiusque
826 1824 950 1882 uestem
982 1816 1017 1879 in
1043 1815 1131 1879 mola
1154 1835 1262 1881 uersa
1286 1819 1365 1884 uice

165 1924 290 1987 molens
320 1931 351 1988 et
372 1925 644 1991 incantationibus
664 1946 741 1990 usus
762 1926 929 1991 uictoriam
950 1925 1023 1990 tulit
1045 1924 1263 2008 permittente
1296 1927 1365 1993 deo
1385 1940 1411 1990 ts

166 2038 298 2115 propter
328 2035 563 2101 multitudinem
596 2042 798 2121 peecatorum
830 2043 1019 2101 nostrorum.
1063 2034 1116 2099 isti
1149 2034 1266 2100 locum
1298 2037 1363 2103 sub

167 2145 335 2230 imperium
365 2145 433 2210 eius
461 2145 571 2229 adepti
598 2152 674 2212 sunt
694 2145 853 2229 intrepide
874 2144 1097 2212 conuersandi.
1141 2144 1235 2211 unde
1261 2149 1364 2213 multi

65 2247 149 2314 XXI
170 2255 326 2322 leuiorum
349 2255 490 2321 infandis
512 2276 621 2322 eorum
643 2256 782 2340 corrupti
803 2262 878 2320 sunt
898 2256 1002 2322 scetis.

252 2368 292 2432 In
308 2366 486 2432 Exaeionio
508 2387 585 2433 uero
608 2366 737 2449 quidam
760 2366 861 2431 falsus
883 2365 1017 2431 eremita
1031 2365 1185 2431 Nicolaus
1200 2367 1355 2451 nomine,

167 2483 199 2542 et
220 2475 350 2559 quidam
373 2497 444 2542 cum
466 2497 505 2543 eo
527 2476 708 2560 blasphemi
729 2475 806 2540 iacti
827 2474 960 2557 fuerant:
974 2475 1071 2540 etiarn
1094 2474 1169 2539 recti
1185 2478 1357 2544 sermonis
1375 2485 1408 2535 ab

167 2587 464 2670 uenerabiliumque
485 2588 658 2670 imaginum
681 2586 868 2667 aduersarii,
905 2606 984 2668 quos
1007 2584 1207 2668 Nicephorus
1237 2586 1359 2653 deien-

168 2694 275 2775 debat,
313 2703 345 2760 et
373 2718 530 2761 srrmmunr
559 2697 758 2763 sacerdotem
788 2715 961 2779 omnesque
983 2693 1158 2762 secundum
1181 2694 1285 2761 deum
1308 2698 1357 2761 ui-

165 2812 279 2871 uentes
307 2805 413 2872 tristes
441 2807 501 2871 bac
529 2828 587 2891 pro
615 2828 712 2872 causa
737 2805 905 2872 reddebat.
949 2826 1048 2889 saepe
1070 2824 1208 2886 namque
1230 2806 1356 2872 aduer-

166 2935 221 2980 sus
243 2935 298 2981 eos
321 2917 553 3000 queritantibus
568 2918 753 3000 indignatus
768 2924 825 2998 est,
848 2916 1030 2981 inimicitias
1052 2917 1085 2980 in
1101 2915 1202 2978 uicem
1218 2916 1352 2996 agitan-

165 3024 250 3090 tibus
273 3026 368 3090 ualdc
391 3028 626 3109 congratulans,
658 3025 808 3092 deridens
830 3046 956 3090 omnem
980 3025 1205 3105 Christianum,
1236 3027 1350 3107 proxi-
1368 3035 1401 3086 25

165 3154 252 3198 mum
281 3135 468 3218 diligentem
505 3136 603 3201 ueluti
639 3136 819 3201 diuinorum
852 3136 1077 3201 mandatorum
1107 3155 1252 3215 euersor,
1295 3137 1350 3201 cui

166 3242 305 3308 studium
328 3253 396 3310 erat
418 3246 536 3312 iudicia
551 3246 756 3311 rationabilia
778 3254 809 3312 et
830 3246 1071 3311 inrationabilia
1085 3254 1197 3310 contra
1211 3266 1347 3312 omnem

166 3353 330 3418 hominem
352 3355 385 3419 in
400 3356 597 3438 Magnaurae
619 3357 768 3440 poenalis
790 3356 1023 3437 commonendi,
1047 3376 1109 3437 quo
1131 3374 1225 3420 nemo
1248 3375 1348 3421 uaca-

164 3470 331 3547 retegere
353 3465 507 3534 aduersus
527 3467 708 3550 impietates
730 3467 813 3547 eius,
843 3465 983 3547 denique
1004 3466 1158 3530 militares
1180 3465 1347 3549 principes

164 3597 254 3643 more
276 3597 438 3642 seruorum
462 3579 506 3642 uti
528 3577 687 3661 episcopis
716 3583 748 3642 et
769 3576 928 3642 inferioris
951 3575 1072 3641 ordinis
1094 3574 1216 3641 eleusis
1238 3575 1343 3640 iussit.
1364 3582 1397 3634 ab

165 3685 310 3753 aditurus
343 3687 507 3773 episcopia
534 3696 565 3754 et
594 3687 789 3752 monasteria
818 3693 850 3751 et
885 3685 935 3750 his
971 3705 1052 3768 quae
1087 3705 1195 3750 eorum
1232 3691 1344 3750 esseut

164 3796 404 3862 auctorabiliter
430 3799 586 3864 abusuros
621 3818 677 3863 eos
706 3797 760 3880 qui
787 3817 808 3861 a
835 3796 965 3861 saeculo
993 3795 1111 3860 diuinis
1140 3795 1345 3860 contulerant

237 3991 247 4039 1
278 3986 356 4055 penis
382 3986 408 4040 Ι)
506 3990 672 4052 taugunetr
697 3984 723 4038 l)
820 3984 931 4037 mormrl
955 3981 1040 4036 forme
1070 3981 1095 4036 D
1214 3987 1230 4036 6
1253 3982 1344 4037 blam-

168 4066 320 4146 chelordll
406 4083 420 4131 8
444 4078 603 4133 lrcaonroll
690 4082 716 4129 11
747 4082 841 4131 contra
860 4078 885 4130 le
902 4075 1074 4144 patrrcmll)
1180 4080 1209 4128 12
1236 4075 1298 4129 locu
1319 4077 1346 4130 I)

164 4171 281 4237 quodam
300 4172 396 4225 omn
520 4177 547 4224 11
566 4187 601 4223 rm
619 4171 690 4223 mola
707 4170 765 4234 (sed
781 4186 809 4223 m
828 4169 916 4232 D⁴tD
1003 4173 1033 4221 16
1052 4168 1158 4221 urob
1246 4172 1276 4219 19
1295 4183 1343 4221 ex-

164 4268 265 4318 actronr
285 4264 310 4318 D
375 4265 503 4317 heremrta
521 4263 546 4318 Ι)
649 4268 681 4316 lt
700 4268 788 4330 quent
806 4270 870 4317 ante
885 4264 889 4330 Ι
904 4267 967 4315 ante
984 4259 1180 4328 mdrgnatulD
1267 4264 1298 4313 27
1319 4261 1344 4314 dr

164 4371 216 4407 om.
236 4355 262 4409 D
330 4363 362 4410 28
381 4361 444 4424 quo]
463 4356 559 4425 queD
