2834 5394
558 708 631 756 cnr.
654 709 863 756 nvn-xvim
1256 698 1295 761 89

180 859 219 926 du
230 880 270 943 pro
287 860 413 926 consule
428 859 595 926 Vaccaeos
610 860 774 926 innoxiam
797 869 926 944 gentem
949 868 980 927 et
1002 863 1180 947 supplicem
1196 864 1293 930 etiam

174 976 248 1036 surb
268 968 455 1056 prohibente
480 971 691 1054 pertinaciter
719 990 907 1056 expugnare
935 974 1105 1057 temptauit
1133 973 1192 1040 sed
1220 994 1293 1040 mox

112 1102 115 1109 ·
168 1089 259 1165 accepta
284 1079 374 1146 clade
405 1079 603 1164 grauissima
634 1079 801 1165 improbae
832 1082 1033 1166 pertinaciae
1065 1103 1188 1167 poenas
1224 1085 1292 1150 luit.

164 1209 202 1256 rex
216 1191 290 1256 milia
309 1191 431 1275 quippe
451 1191 670 1256 Romanorum
702 1192 736 1257 in
762 1191 824 1256 hoc
851 1193 972 1258 iniusto
1002 1192 1087 1257 bello
1115 1193 1292 1261 iustissime

99 1382 102 1389 Ι
139 1311 227 1366 tarsa
241 1309 320 1381 sunt,
350 1300 468 1384 reliqui
491 1290 614 1366 exustis
635 1301 750 1368 eastris
773 1301 872 1367 armis
895 1302 992 1367 etiam
1015 1303 1150 1387 perditis
1182 1322 1293 1371 euase-

159 1418 214 1476 mnt
249 1430 305 1476 neo
336 1411 445 1478 minus
476 1410 581 1495 turpis
615 1410 696 1476 baec
727 1411 788 1478 sub
819 1411 947 1478 Metello
976 1411 1086 1479 clades
1110 1433 1206 1497 quam
1231 1415 1291 1481 sub

156 1520 268 1587 brutino
290 1521 359 1586 luit.

212 1632 314 1698 Sentio
336 1630 453 1696 Fuluio
473 1630 590 1695 Flacco
612 1628 731 1707 Quinto
754 1630 929 1714 Calpurnio
956 1632 1074 1698 Pisone
1102 1634 1289 1701 consulibus
1311 1635 1342 1699 X
1414 1643 1417 1693 ι

153 1741 241 1806 lenm
260 1761 340 1827 pner
362 1760 403 1805 ex
425 1740 546 1805 aneilla
567 1747 664 1807 natns
697 1740 874 1826 quadripes
904 1741 1151 1825 quadrimanus,
1189 1746 1290 1826 oculis

122 1857 282 1934 beedmot,
315 1849 449 1917 auribus
482 1849 631 1932 totidem,
663 1858 781 1916 natura
814 1851 900 1915 uirili
933 1850 1062 1936 duplex.
1113 1854 1147 1918 in
1181 1855 1293 1921 Sicilia

154 1981 219 2027 nom
241 1962 346 2028 Aetna
372 1968 485 2027 uastos
513 1960 607 2044 ignes
638 1962 796 2027 eruotauit
828 1981 867 2025 ac
901 1960 993 2037 fudit,
1028 1962 1082 2045 qui
1117 1971 1292 2029 torrentum

155 2070 220 2136 molo
245 2093 303 2158 per
331 2091 436 2157 prona
467 2070 663 2155 praecipites
691 2072 839 2155 proxima
867 2091 1014 2155 quaeque
1044 2073 1292 2158 corripientibus

156 2198 270 2248 uetare
290 2182 440 2264 flammis,
473 2182 700 2265 longinquiora
730 2189 837 2247 autem
860 2182 982 2247 fauillis
1005 2181 1120 2249 calidis
1143 2203 1214 2248 cum
1237 2205 1291 2249 ua·

152 2310 207 2374 pore
221 2293 307 2376 gram
336 2294 403 2358 late
425 2291 635 2358 uolitantibus
663 2299 854 2357 torruerunt.
899 2292 984 2376 quod
1008 2292 1140 2359 Siciliae
1163 2313 1291 2379 semper

123 2402 144 2453 1⁵
153 2404 324 2468 amanium
346 2423 451 2486 genus
474 2402 608 2469 monstri
636 2422 700 2466 non
723 2401 916 2486 portendere
938 2404 1058 2468 malurn
1082 2402 1209 2470 adsolet
1231 2405 1288 2471 sed

150 2508 245 2578 blane.
286 2514 321 2578 in
344 2513 542 2579 Bononiensi
564 2533 642 2596 agro
664 2512 772 2595 fruges
793 2512 827 2578 in
850 2513 1019 2579 arboribus
1042 2521 1139 2579 natac
1162 2522 1246 2581 sunt.

209 2624 302 2707 Igitur
323 2624 358 2689 in
374 2623 486 2690 Sicilia
501 2622 620 2688 bellum
635 2622 754 2688 seruile
777 2631 878 2687 ortum
902 2631 961 2704 ost,
985 2623 1071 2707 quod
1093 2624 1176 2690 adeo
1199 2633 1291 2690 atron

150 2741 269 2815 etgrane
291 2732 496 2799 multitudine
519 2752 685 2799 seruorum
707 2733 865 2798 instructu
887 2734 1051 2817 copiarum
1080 2740 1112 2799 et
1134 2735 1291 2817 magnitu-

150 2838 203 2907 dine
219 2845 331 2909 uirium
354 2844 415 2908 tuit
435 2851 470 2908 ut
492 2863 557 2907 non
578 2841 683 2906 dicam
706 2852 871 2926 praetores
895 2845 1066 2924 Bonnense,
1100 2864 1180 2925 quos
1204 2845 1291 2927 peni·

117 2948 184 3015 iltm
199 2953 384 3037 profligauit,
408 2953 466 3019 sed
487 2954 635 3019 consules
650 2972 776 3036 quoque
792 2953 950 3017 terruerit.
994 2972 1070 3017 nam
1086 2954 1292 3036 septuaginta

150 3061 213 3126 uilia
231 3084 394 3129 seruorum
416 3069 492 3127 tunc
519 3063 553 3128 in
580 3083 671 3127 arma
699 3062 954 3146 conspirantium
983 3062 1082 3128 fuisse
1112 3064 1291 3129 referuntur

149 3182 252 3256 ncepta
272 3174 353 3239 urbe
374 3174 527 3240 Messana
549 3192 632 3255 qnae
655 3191 767 3238 seruos
789 3173 968 3238 liberaliter
990 3172 1118 3239 habitos
1147 3173 1181 3237 in
1209 3194 1290 3258 paee

149 3282 281 3349 unfinuit.
326 3292 466 3348 ceterum
490 3282 603 3348 Sicilia
635 3282 669 3346 in
697 3281 758 3347 boc
788 3283 857 3349 solo
889 3284 1037 3350 miserior
1077 3283 1154 3365 quia
1183 3285 1291 3350 insula

148 3397 343 3478 enumquam
367 3413 445 3477 erga
466 3400 594 3478 pactum
617 3413 710 3458 suum
733 3393 813 3458 iuris
829 3392 938 3458 idonei
954 3412 1039 3456 nune
1054 3394 1202 3476 tyrannis
1219 3394 1291 3458 sub·

116 3495 206 3567 ”ina
224 3524 306 3569 nnnc
328 3505 443 3583 seruis,
473 3505 526 3569 uel
548 3504 613 3568 illis
637 3502 803 3567 dominatu
832 3502 977 3586 improbo
1000 3500 1204 3587 exigentibus
1228 3521 1291 3569 scr-

147 3609 251 3679 uinum
273 3616 325 3679 uel
347 3615 420 3680 istis
441 3613 705 3699 praesumptione
728 3632 884 3696 peruersa
906 3613 1174 3679 commutantibus
1197 3613 1291 3679 liber-

146 3726 219 3787 ntem
239 3724 379 3789 maxime
413 3725 491 3807 qnia
522 3725 635 3788 clausa
666 3721 808 3805 undique
837 3723 918 3786 mari
948 3742 1079 3806 egerere
1110 3724 1196 3789 lonas
1225 3744 1290 3788 non

145 3827 215 3897 tole
232 3840 339 3918 potest
366 3833 551 3899 intestinum
581 3833 710 3898 malum.
755 3833 936 3915 niperinam
966 3834 1085 3917 quippe
1113 3833 1291 3916 conceptio·

144 3957 198 4005 nem
216 3943 406 4027 perditionis
421 3952 516 4009 'snae
544 3943 624 4008 aluit
652 3962 713 4009 sna
733 3941 869 4008 libidine
891 3951 1018 4007 auctam
1041 3962 1100 4008 sua
1122 3949 1223 4007 morte
1245 3943 1291 4006 ui-

114 4048 249 4118 bonam.
294 4055 329 4118 in
349 4053 411 4118 hoc
434 4060 541 4119 autern
565 4053 693 4119 seruilis
716 4053 870 4118 tumultus
887 4053 1038 4116 excitatio
1055 4059 1174 4135 quanto
1189 4052 1292 4116 rarior

146 4162 234 4229 ueris
254 4171 343 4229 tanto
366 4164 575 4229 truculentior
590 4171 648 4242 est,
672 4163 749 4246 quia
764 4162 942 4228 intentione
958 4168 1176 4226 commonetur
1188 4162 1292 4227 libera

146 4271 287 4339 multitudo
311 4281 345 4338 nt
367 4273 504 4358 patriam
526 4281 654 4357 augeat,
678 4272 806 4338 seruilis
829 4279 862 4337 ut
883 4271 1007 4355 perdat.

199 4570 333 4625 luerent
349 4569 376 4625 b
461 4569 664 4638 lpertlnntrter
681 4565 708 4621 b
802 4571 948 4635 :lptrnatre
965 4565 1049 4634 penas
1066 4565 1092 4618 b
1169 4565 1288 4618 ⁴trultri-

150 4652 230 4715 lmd
292 4667 431 4717 tmancro
449 4660 489 4716 D*
558 4658 802 4729 aquadnman·D
873 4663 899 4711 ll
922 4657 1027 4712 etnal)
1105 4662 1133 4710 15
1153 4657 1291 4714 alloletl)

152 4749 175 4798 ¹6
186 4748 313 4809 bononenlr
330 4755 357 4810 b
433 4758 464 4809 18
481 4757 614 4809 instructu
631 4753 815 4822 magnitudrne
833 4768 970 4820 copiarum
987 4753 1057 4804 unni
1076 4750 1101 4804 I)
1176 4756 1209 4805 24
1227 4752 1293 4806 runt

150 4837 214 4897 done
231 4846 349 4903 domas:
367 4865 420 4902 rurr
439 4847 529 4902 lrdone
547 4848 573 4901 b
641 4851 673 4900 28
691 4847 840 4915 brpermam
859 4845 885 4898 b
953 4849 986 4898 29
1005 4850 1128 4900 aucteam
1146 4843 1173 4899 b
