3142 5056
518 373 627 421 INDEX
649 373 887 424 camnvnoavnt

146 529 162 578 1
196 523 286 578 Busur
304 522 435 576 Isauriam
453 522 586 591 irrumpit,
608 522 675 577 mul·

111 618 146 671 tis
164 615 261 672 occisis
287 621 314 670 et
332 615 427 685 captis.
462 615 597 670 Constans
615 631 675 670 cum

112 709 243 764 Muhauia
270 723 364 778 pacem
390 708 466 764 lacit.
508 708 674 778 Pasagnates

111 803 246 856 Amemus
271 801 380 856 foedare
414 807 494 870 pacto
530 817 591 856 cnm
614 801 674 855 Mu·

1228 359 1291 423 657

726 529 859 594 peratore.
894 523 1011 593 quidque
1034 522 1113 578 ambo
1139 523 1213 592 apud
1228 523 1290 580 blu-

727 617 836 671 hauiam
854 617 963 686 egerint.

762 714 793 763 11
828 709 953 764 Andreae
971 715 998 763 et
1014 707 1099 777 Sergii
1120 724 1211 764 coram
1229 709 1290 765 Mu-

725 802 807 857 hauia
832 803 916 858 rixae
949 801 1095 857 ltlubauiae
1119 802 1227 872 iniquae
1241 818 1291 872 po·

113 1003 175 1042 cum
193 986 287 1042 reddit.
312 987 380 1042 cinis
398 1002 413 1042 1
431 987 505 1042 caelo
523 986 674 1056 prodigiose
724 987 827 1044 iniecta
845 989 880 1044 ad
898 989 1087 1057 imperatorem
1105 988 1214 1042 reditus.

114 1080 194 1135 cadit.
228 1080 373 1134 Muhauias
406 1079 531 1135 Rhodum
561 1080 675 1135 inuadit

112 1173 211 1229 colossi
236 1173 400 1237 destructio,
436 1174 548 1243 eiusque
574 1173 674 1241 magni·

109 1266 186 1322 tudo.
220 1267 325 1322 Abibus
342 1267 463 1320 Arabum
488 1271 597 1334 praetor
622 1266 675 1319 Ar·

112 1359 228 1414 meniam
245 1359 432 1428 depopulatur.

148 1457 162 1505 5
193 1451 339 1508 Muhauiae
358 1451 617 1521 Constantinopolim
634 1451 674 1504 in·

110 1545 204 1600 uasuri
221 1551 369 1614 apparatus
386 1544 491 1600 1111111
505 1544 609 1613 Tripoli
633 1543 675 1598 in-

111 1652 218 1703 census,
236 1639 396 1709 Amirasque
413 1643 577 1708 peremptus.
611 1636 674 1691 blu-

762 1088 790 1136 11
828 1081 935 1151 Sergius
960 1063 1019 1151 ope*
1041 1081 1184 1136 barbarica
1206 1081 1290 1152 impe-

725 1181 798 1230 trata
822 1175 928 1230 rediens
945 1176 974 1229 in
989 1174 1100 1229 insidias
1116 1174 1287 1244 praecipitat,

726 1273 753 1324 et
776 1268 811 1323 ab
840 1267 950 1323 Andrea
974 1273 1068 1337 captus
1097 1268 1219 1324 uirilibus
1243 1283 1290 1322 ex·

727 1361 808 1416 sectis
827 1360 1007 1430 suspenditur.

765 1459 792 1509 11
822 1452 992 1523 Nicephorus
1009 1453 1140 1522 patricius
1158 1451 1288 1509 aduersus
1383 1527 1386 1532 Ι

725 1546 855 1602 Saborem
873 1547 908 1601 ab
924 1547 1087 1616 imperatore
1104 1545 1208 1600 missus.
1239 1545 1289 1600 Sa·

725 1641 798 1696 boris
823 1655 859 1695 ex·
891 1655 957 1695 casu
987 1639 1118 1693 interitus.
1153 1637 1289 1694 Phadalas

111 1731 210 1786 hauias
226 1731 308 1786 nihilo
322 1732 410 1786 minus
427 1731 456 1785 in
465 1730 535 1786 bello
546 1735 672 1799 suscepto
723 1733 871 1788 Mubauiue
905 1733 974 1798 dux,
1009 1731 1167 1786 auxiliatum
1193 1732 1290 1786 missus
1353 1719 1358 1728 ’

109 1824 199 1894 pergit
216 1823 350 1894 ahnmque
363 1823 585 1879 labrumnaualis
602 1829 674 1878 etru-

77 1971 88 1988 ,
110 1924 209 1973 cturae
227 1917 374 1972 constituit.

147 2015 164 2064 6
198 2010 353 2064 Constantis
365 2026 426 2064 cum
436 2009 567 2065 hluhauia
584 2025 675 2080 pugna

107 2103 204 2158 nauali
229 2101 392 2158 decertaturi
425 2104 496 2158 uisio
531 2109 674 2158 nocturna.

106 2195 228 2252 Romani
244 2211 262 2250 a
279 2195 420 2251 Saracenis
437 2197 574 2265 superati,
591 2196 676 2266 impe-

103 2296 203 2346 ratore
228 2289 277 2343 uix
294 2294 403 2344 seruato
420 2287 538 2358 iugaqtm
556 2289 656 2358 elapso.

140 2388 155 2437 ‘l
196 2381 312 2436 Hotmen
338 2381 414 2436 ducis
440 2382 561 2437 Arabum
591 2381 675 2436 inter·-

101 2478 169 2532 11111.
210 2474 360 2530 discordiae
386 2473 419 2528 de
436 2489 508 2529 nouo
526 2473 596 2529 duce
623 2473 675 2528 eli-

100 2568 199 2639 gendo
210 2569 288 2622 inter
305 2566 465 2631 Saracenos,
484 2567 599 2636 quaein
619 2567 674 2621 bel-

101 2665 163 2720 lum
201 2661 326 2730 erumpit.
382 2659 528 2714 Mubauias
569 2659 675 2714 deuicto

101 2757 170 2812 Hali
188 2768 301 2822 regnum
318 2755 428 2808 obtinet.
459 2752 615 2808 0111111111
630 2767 677 2807 ex·

101 2848 216 2919 poditio
240 2847 268 2901 in
286 2846 458 2902 solemnium.
493 2861 547 2915 pax
571 2845 676 2900 aCon-

98 2947 199 2999 stante
219 2956 279 2994 curn
297 2940 429 2994 Mnhauia
445 2939 527 3024 11111.
648 2925 652 2928 ’

139 3040 155 3089 8
189 3033 327 3087 Constans
344 3031 455 3088 fratrem
472 3033 612 3102 proprium
628 3047 675 3086 oc·

100 3128 183 3182 cidit.
220 3125 284 3180 Hali
307 3124 369 3180 dolo
392 3131 488 3180 necato
530 3124 675 3180 Muhauias

99 3223 161 3276 iam
180 3219 257 3274 solus
281 3233 376 3273 secure
392 3224 493 3288 regnat.
530 3218 674 3286 Charurgi-

100 3321 200 3370 tarum
227 3311 356 3365 haeresis.
391 3311 546 3366 Hisamitae.
587 3310 674 3365 Hera-

98 3408 200 3465 clitae.
238 3403 372 3458 Constans
406 3403 507 3457 1111111
532 3403 675 3472 imperium

97 3501 227 3556 Romam
252 3495 399 3550 transferre
426 3503 547 3550 conatur.
582 3495 675 3550 uariae

98 3595 325 3652 Saracenorum,
343 3587 386 3642 uel
404 3589 540 3652 Arabum,
559 3587 674 3642 118111-

98 3689 238 3746 uinornm
255 3682 379 3736 incursus
398 3685 426 3734 et
442 3681 605 3750 irruptiones
626 3680 675 3735 ho·

94 3781 189 3839 stiles.

135 3880 153 3929 9
192 3871 287 3925 Busur
308 3867 349 3920 bis
366 3865 501 3920 hostiliter
515 3865 675 3920 Romaniam

94 3964 223 4024 inuadit.
245 3959 581 4015 SaboriiArmeniacorum
596 3973 676 4029 prae·

95 4062 170 4118 toris
210 4053 333 4110 rebellio.
370 4053 416 4122 qui
439 4051 559 4120 Sergium
591 4053 674 4121 magi·

93 4160 191 4210 strum
212 4147 331 4202 militum
355 4143 437 4200 mittit
453 4143 488 4198 ad
506 4144 675 4210 diabaulau,

95 4253 129 4303 nt
159 4242 217 4300 sibi
242 4239 374 4293 aduersas
399 4237 573 4292 Constantem
598 4239 677 4293 auri·

93 4343 227 4398 liaretur.
266 4332 362 4386 missus
386 4331 556 4386 adeundum
580 4337 677 4386 contra

93 4431 230 4501 Sergium
242 4423 367 4478 Andreas
377 4423 565 4479 cubicularius.
576 4423 610 4478 ab
625 4425 674 4479 im-

150 4525 279 4567 llrsroau
292 4528 410 4560 monnau

725 1826 829 1892 Sabori,
859 1825 997 1890 11111111,
1021 1825 1130 1879 Amorio
1153 1824 1285 1894 Phrygiae

726 1927 823 1989 capto,
859 1919 958 1974 multos
984 1917 1108 1988 captiuos
1142 1917 1288 1972 abducunt.

725 2013 813 2068 hieme
835 2011 909 2067 lacta
933 2010 1056 2066 Andreas
1082 2011 1222 2066 Amorium
1246 2011 1288 2065 in·

726 2105 802 2161 uadit
819 2106 979 2175 Arabasque
995 2119 1087 2159 omues
1105 2103 1201 2158 caedit.

764 2203 793 2254 13
829 2196 985 2253 Constantis
1002 2197 1169 2265 imperatoris
1194 2196 1290 2251 caedes

727 2293 836 2361 musque
853 2290 962 2346 occasio
979 2295 1007 2344 et
1024 2304 1131 2345 caueae.
1166 2289 1290 2345 ldiainius

727 2384 834 2453 quidam
850 2383 994 2438 Armenium
1024 2384 1171 2452 imperator
1187 2380 1288 2446 factus,

726 2492 789 2532 mox
814 2474 1025 2530 aConstantino
1054 2474 1209 2529 Constantis
1234 2473 1289 2528 filio

725 2569 840 2625 eccisus.

764 2667 792 2716 11
837 2660 1031 2716 Constantinus
1063 2660 1104 2714 llI
1143 2660 1289 2730 inperator

727 2755 811 2810 LXII.
837 2755 894 2809 eius
913 2753 1042 2808 aduersus
1054 2753 1151 2808 fratres
1166 2753 1291 2808 saeuitia.

727 2853 873 2918 tempestas
899 2861 995 2915 magna
1029 2845 1110 2901 lacta.
1153 2845 1289 2900 Pbaladas

727 2941 825 2996 iterum
843 2940 940 2994 multos
959 2939 1083 3007 captiuos
1101 2937 1219 2992 abducit.
1242 2938 1289 2992 iris

726 3032 867 3102 apparuit,
890 3031 1036 3101 populique
1053 3030 1204 3100 trepidatio.
1239 3029 1289 3084 Sa*

726 3139 884 3181 racemorum
903 3124 997 3178 classis
1016 3130 1110 3178 contra
1125 3123 1271 3179 Romanos.

764 3224 792 3273 15
828 3217 1006 3272 Saracenicae
1042 3215 1135 3271 1111111
1176 3217 1288 3285 irruptio

726 3312 836 3381 eiusque
854 3309 952 3365 clades.
987 3309 1095 3363 tandun
1118 3309 1147 3362 iu
1170 3308 1291 3363 discessu

725 3409 883 3474 tempestate
904 3402 975 3472 perit
992 3402 1085 3456 onmis.
1119 3402 1173 3456 alia
1189 3401 1290 3456 Roma-

725 3513 820 3552 norum
830 3496 944 3551 uictoria
954 3494 987 3548 de
998 3492 1119 3562 Snphian
1128 3493 1183 3548 filio
1194 3490 1287 3562 Auph.

727 3590 847 3645 Callinici
864 3587 1004 3644 architecti
1022 3585 1168 3640 artificioso
1192 3591 1293 3641 strate-

726 3689 831 3753 gemate
847 3680 915 3750 ignis
941 3679 1037 3734 marini
1060 3679 1165 3734 Arabes
1193 3693 1289 3746 magno

727 3775 817 3832 allecti
834 3774 940 3828 damno.
1248 3763 1252 3772 ’

762 3873 794 3923 111
835 3867 939 3934 signum
973 3865 1002 3919 ln
1037 3864 1120 3919 caelo.
1161 3863 1289 3919 locustae.

726 3959 877 4015 Mardaitae
898 3958 1011 4027 ingressi
1035 3957 1170 4012 Libanum
1201 3957 1291 4012 omnia

726 4053 848 4108 obtinent
864 4051 1076 4120 Hierosolymam
1099 4065 1192 4120 usque.
1229 4049 1291 4103 Mu-

726 4145 822 4199 hauiae
838 4144 932 4210 timor,
955 4145 1001 4212 qui
1018 4159 1112 4212 pacem
1140 4157 1201 4197 cum
1219 4141 1290 4196 Con·

726 4237 845 4292 stantino
863 4237 999 4292 contrahit
1015 4235 1127 4290 firmam.

762 4335 792 4384 11
827 4345 883 4398 pax
908 4329 1015 4383 firmata
1040 4335 1066 4382 et
1090 4343 1151 4383 cum
1169 4327 1291 4382 Chaiano

727 4423 819 4478 Auaro
863 4429 890 4478 et
923 4422 1030 4492 regibus
1070 4420 1295 4491 principibusque

1049 4525 1082 4578 11
