2834 5394
539 637 612 686 cur.
634 637 741 686 xvnr-
756 638 804 686 xx
1196 629 1257 692 375

84 788 220 852 Romam
243 805 314 851 cum
337 805 435 852 manu
458 786 568 852 ualida
590 786 701 872 dirigit
723 796 757 854 ut
777 787 918 855 afflictae
932 792 1053 858 Romae
1069 796 1255 877 quantotius

85 895 282 961 subueniret.
325 896 354 962 is
387 895 429 960 ad
456 896 585 961 ltaliam
618 899 754 964 ueniens
786 918 858 963 oum
888 900 1111 985 Langobardis
1145 903 1257 972 foedus

87 1005 161 1069 iniit
188 1013 221 1070 et
248 1003 289 1070 ad
311 1005 429 1070 Alboin
459 1007 582 1089 legatos
610 1007 720 1089 dirigit
748 1017 907 1093 quatenus
929 1010 959 1075 ei
983 1018 1163 1094 pugnaturo
1184 1031 1257 1078 cum

88 1113 205 1181 Gothis
227 1115 383 1180 auxilium
405 1115 610 1181 ministraret.
655 1123 730 1181 tune
751 1118 870 1184 Alboin
892 1119 995 1185 electa
1017 1141 1035 1186 e
1063 1121 1130 1186 suis
1158 1142 1257 1187 manu

53 1222 208 1290 adircxit
229 1225 284 1308 qui
306 1225 460 1291 Romanis
482 1224 654 1291 aduersum
677 1225 802 1294 Gothos
825 1229 1014 1312 suffragium
1036 1230 1165 1296 ferrent.
1202 1231 1258 1315 qui

88 1354 147 1417 per
168 1334 268 1399 uraris
289 1332 448 1399 Adriatici
470 1335 576 1400 sinum
598 1337 773 1402 transuecti
796 1339 909 1404 sociati
931 1340 1086 1406 Romanis
1103 1360 1257 1423 magnum

87 1463 159 1507 cum
182 1442 297 1509 Gothis
319 1450 481 1508 certamen
503 1445 615 1510 iniere.
660 1446 777 1529 quibus
806 1446 848 1511 ad
878 1448 1121 1514 internicionem
1151 1469 1257 1534 paene

88 1555 286 1637 consumptis
308 1573 416 1635 regem
438 1553 589 1633 Totilam,
612 1554 667 1639 qui
689 1557 774 1620 ultra
795 1556 905 1621 decem
927 1579 1030 1625 annos
1052 1566 1257 1642 regnauerat,

86 1662 245 1728 interfecit
267 1669 298 1727 et
320 1664 513 1729 uestimenta
536 1664 605 1730 eius
627 1671 761 1730 cruenta
783 1685 855 1730 cum
877 1686 996 1732 corona
1010 1668 1174 1752 lapidibus
1189 1688 1260 1754 pre·

38 1782 73 1833 ιο
88 1771 181 1838 tiosis
213 1780 369 1838 exornata
401 1773 489 1838 misit
516 1774 639 1856 regium
668 1774 779 1839 urbem
809 1782 841 1840 et
869 1776 954 1841 iacta
983 1784 1058 1842 sunt
1086 1776 1128 1841 ad
1158 1777 1259 1861 pedes

89 1881 292 1965 imperatoris
313 1901 422 1947 coram
445 1890 568 1948 senatu.
613 1883 730 1948 deiude
753 1883 849 1950 urbes
871 1904 980 1949 eorum
1008 1886 1148 1952 munitas
1176 1886 1259 1953 duas

89 1990 222 2074 capiens
243 1991 404 2057 Veronam
434 1992 555 2058 scilicet
584 2000 616 2058 ct
645 1993 795 2057 Brexiam
824 2000 856 2059 et
885 1994 1064 2059 Romanam
1092 1994 1256 2061 ciuitatem

89 2099 337 2185 uniuersamque
359 2101 488 2165 Italiam
518 2101 560 2167 ad
588 2102 634 2166 rei
663 2103 812 2185 publicae
834 2104 907 2168 iura
928 2102 1055 2169 reduxit
1076 2108 1108 2168 ct
1129 2105 1258 2187 Lango-

88 2209 207 2276 bardos
230 2210 403 2276 honoratos
426 2211 535 2277 multis
559 2213 744 2277 muneribus
766 2212 808 2277 ad
822 2213 954 2297 propria
969 2213 1091 2279 remisit
1106 2213 1258 2299 omnique

38 2336 71 2385 15
87 2327 230 2404 tempore
252 2341 315 2404 quo
337 2320 543 2405 Langobardi
574 2322 787 2405 possederunt
809 2323 995 2390 Pannonias
1016 2324 1181 2389 Romanae
1211 2323 1258 2388 rei

88 2429 236 2513 publicae
258 2429 415 2496 aduersus
438 2431 583 2496 aemulos
605 2431 768 2498 adiutores
791 2432 927 2496 fuorunt.

171 2538 300 2604 Interea
321 2541 494 2605 Salomone
516 2539 622 2623 Libya
644 2548 861 2606 commorante
882 2541 1052 2608 uniuersos
1080 2563 1187 2608 muros
1216 2542 1257 2608 ci·
1283 2538 1348 2603 XX

88 2648 199 2713 uitatis
221 2648 308 2715 illius
330 2649 516 2733 prouinciae
539 2651 675 2714 nmniuit
697 2658 729 2715 ct
751 2650 903 2734 quoniam
925 2650 1078 2716 Maurusii
1102 2650 1258 2718 discesse-

87 2764 161 2824 runt
190 2767 221 2822 a'
239 2757 380 2823 Numida
408 2759 483 2823 uicti
511 2759 620 2823 Zabcn
650 2760 813 2841 regionem
842 2766 938 2842 atque
969 2759 1197 2823 Mauritaniam
1227 2766 1261 2824 et

38 2884 71 2936 20
89 2866 240 2952 Sitiphim
278 2869 478 2951 metropolim
517 2868 576 2933 sub
612 2869 731 2932 tributo
767 2868 921 2933 Romanis
959 2867 1073 2932 effecit.
1125 2867 1257 2934 alterius

89 2977 175 3042 enim
197 2977 411 3040 Mauritaniae
434 2975 589 3042 Caesar-ia
610 2979 716 3061 prima
737 2977 924 3061 metropolis
947 2983 1006 3042 cst.

173 3087 300 3151 Interea
322 3087 477 3151 Hiberum
508 3107 563 3151 rcx
586 3086 808 3152 Zamanardus
838 3086 967 3152 nomine
990 3086 1258 3172 Constantinopo

89 3196 145 3260 lim
166 3195 313 3261 ascendit
334 3196 376 3260 ad
398 3196 614 3262 Iustinianum
638 3197 863 3281 imperatorem
886 3216 957 3261 cum
980 3198 1114 3264 muliere
1142 3217 1181 3262 ac
1210 3217 1258 3264 se-

87 3305 254 3371 natoribus
277 3308 345 3372 suis
369 3325 487 3389 rogans
510 3326 582 3370 cum
605 3314 639 3370 ut
661 3315 747 3373 essct
768 3308 982 3371 Romanorum
1005 3313 1204 3371 concertator
1226 3313 1260 3372 ct

37 3431 70 3482 ta
87 3435 260 3499 germanus
281 3416 422 3479 amicus.-
457 3422 490 3481 at
513 3416 685 3500 imperator
708 3416 803 3482 huius
825 3414 912 3479 modi
935 3416 1100 3499 proposito
1122 3415 1191 3481 cius
1208 3435 1258 3480 ac

88 3532 180 3610 cepto
212 3526 322 3590 multis
355 3545 428 3590 cum
462 3533 493 3590 ct
526 3532 692 3591 senatores
723 3526 793 3590 eius
822 3525 1049 3593 munificentiis
1078 3525 1257 3591 honorauit.

88 3635 234 3700 similiter
256 3641 288 3700 et
310 3636 457 3718 Augusta
479 3636 569 3700 uxori
593 3636 663 3701 cius
686 3636 813 3700 uariata
834 3635 971 3718 gemmis
993 3643 1182 3701 ornamenta
1204 3634 1258 3700 do-

88 3745 179 3809 nauit
200 3753 231 3809 et
254 3743 444 3809 dimiserunt
466 3763 520 3808 cos
544 3745 677 3828 pacifice
699 3743 741 3808 ad
764 3746 927 3829 proprium
952 3765 1094 3828 regnum.

172 3854 295 3920 Octauo
323 3874 408 3919 anno
438 3855 565 3938 imperii
593 3854 765 3919 Iustiniani
793 3873 894 3938 passa
923 3864 974 3920 cst
1000 3875 1020 3918 a
1042 3853 1156 3919 diuina
1177 3853 1259 3919 indi·

37 3975 71 4026 to
86 3963 238 4046 gnatione
260 3963 498 4048 Pompeiopolis
520 3964 654 4046 Mysiae,
686 3963 788 4028 scissa
811 3964 896 4026 enim
917 3969 967 4028 est
988 3969 1094 4029 terrac
1116 3970 1203 4028 motu
1226 3970 1259 4029 et

87 4072 235 4137 obrutum
257 4080 307 4139 cst
328 4067 468 4139 medium
492 4073 633 4139 ciuitatis
656 4092 727 4136 cum
752 4071 986 4138 habitatoribus
1015 4078 1049 4137 et
1070 4079 1163 4136 erant
1185 4072 1258 4139 sub

88 4189 139 4249 tus
171 4190 290 4248 terram
323 4191 355 4248 ct
386 4203 482 4249 uoces
515 4203 624 4247 eorum
658 4182 873 4247 audiebantur
894 4181 1101 4246 clamantium
1133 4186 1167 4246 ut
1195 4181 1258 4249 sibi

88 4291 308 4357 misericordia
330 4301 557 4376 praestaretur.
602 4299 635 4357 ct
657 4293 757 4356 multa
779 4290 913 4356 donauit
934 4292 1109 4376 imperator
1124 4291 1166 4357 ad
1183 4289 1258 4358 edu·

154 4479 359 4548 dquatmulD
435 4478 608 4547 bmaguol)
700 4482 879 4532 leertamme
895 4475 1075 4533 rulucruutD
1165 4483 1194 4531 lo
1212 4493 1257 4533 or-

87 4571 195 4626 nataD
284 4578 312 4626 13
330 4573 509 4641 longobardos
524 4573 669 4627 honeratol
685 4587 746 4626 curn
763 4569 790 4625 D
895 4575 923 4624 15
943 4569 1100 4639 longobardi
1117 4576 1259 4640 pannoma

88 4665 255 4732 possiderunt
273 4664 299 4719 D
385 4671 415 4719 tl
436 4666 574 4719 ciuitatum
592 4666 659 4720 cont
682 4663 812 4719 Gruterus
915 4667 948 4717 tt)
966 4663 1061 4732 rtrphm
1078 4662 1148 4729 ΒΡ,
1165 4663 1258 4733 iaphxn

86 4757 321 4829 ‘Bouporst'aaus'
397 4763 429 4812 32
449 4759 495 4812 uui
511 4761 568 4814 ffir-
584 4758 610 4813 D
