3154 5084
548 340 621 388 cnr.
643 338 851 388 nvn-nrum
1247 319 1287 382 33

127 495 246 576 missus,
276 494 331 578 qui
360 493 452 578 prius
479 491 564 558 inter
591 493 716 575 legatos
746 489 913 557 sollicitari
941 509 1006 554 non
1028 493 1154 573 poterat
1176 493 1291 571 quarta

122 607 207 689 ¹regni
238 611 330 688 parte
362 603 534 688 promissa.
584 609 660 668 tunc
688 621 760 666 cum
789 599 897 665 uicina
929 604 1036 665 castra
1068 599 1139 683 ipse
1173 604 1205 664 et
1232 617 1290 663 rex

126 714 285 794 haberent,
320 712 465 778 medicus
500 711 618 796 Pyrrhi
654 719 746 778 nocte
784 709 828 774 ad
864 729 937 776 eum
974 709 1063 774 uenit
1099 708 1289 794 promittens

127 843 238 890 ueneno
253 844 288 890 se
300 823 461 909 Pyrrhum
484 821 662 888 occisurum
685 821 713 888 si
729 821 791 886 sibi
811 818 936 904 aliquid
952 819 1165 904 polliceretur.
1195 838 1289 903 quem

101 935 282 1002 ⁵Fabricins
310 934 454 999 uinctum
482 931 593 998 reduci
621 931 717 998 iussit
745 930 788 995 ad
817 930 981 996 dominum
1009 929 1198 1014 Pyrrhoque
1227 927 1291 992 dici

128 1064 200 1128 qnae
226 1055 338 1109 contra
365 1050 463 1128 caput
493 1042 563 1108 eius
594 1041 739 1107 medicus
767 1040 1005 1125 spopondisset.
1049 1046 1116 1103 tum
1147 1059 1205 1104 rex
1235 1036 1290 1104 ad·

128 1155 248 1220 miratus
270 1173 344 1220 eum
367 1152 490 1220 dixisse
513 1153 612 1217 iertnr
635 1151 706 1217 ‘illc
729 1150 959 1216 cstFabricius
982 1149 1038 1234 qui
1060 1148 1224 1215 difficilius
1245 1147 1287 1213 ab

129 1263 284 1330 honestate
307 1284 404 1347 quam
427 1263 512 1328 sola
532 1281 629 1328 cursu
651 1281 709 1327 suc
732 1261 836 1326 auerti
857 1259 980 1344 potest.¹
1008 1257 1170 1345 <Pyrrhus
1192 1258 1290 1342 igitur

128 1373 203 1440 bello
228 1374 349 1440 tractus
377 1372 556 1454 Agathocle
587 1389 665 1455 rege
693 1371 898 1456 Syracusano
927 1376 1051 1436 mortuo
1085 1368 1127 1435 ad
1157 1369 1289 1436 Siciliae

89 1491 114 1539 lt
127 1484 289 1550 arcessitus
329 1483 499 1567 imperinm
533 1481 711 1567 Syracusas
751 1479 936 1564 concessit.)
993 1479 1162 1546 Fabricius
1195 1479 1289 1544 uictIs

127 1594 255 1660 Lucanis
277 1600 310 1658 et
332 1592 533 1659 Samnitibus
553 1591 774 1676 triumphauit.

202 1701 283 1786 <Sed
298 1705 514 1769 Romanorum
535 1702 666 1768 miseria
680 1701 778 1767 nullis
793 1705 900 1767 cessat
922 1698 1064 1766 indutiis.
1095 1699 1292 1765 consumitur
1304 1693 1433 1759 XVIIII

128 1813 299 1880 morborum
322 1813 417 1879 malis
446 1810 653 1897 intercapedo
677 1811 834 1876 bellorum
857 1816 982 1875 etcum
1005 1811 1082 1876 loris
1105 1816 1293 1877 cessatura

129 1923 251 2007 proelio,
267 1923 376 2008 agitur
391 1924 549 1990 introrsus
564 1922 616 1986 ira
630 1919 671 1986 dc
687 1922 786 1986 caelo.
817 1941 892 1985 narn
908 1921 1010 1986 Fabio
1027 1921 1163 2006 Gurgite
1177 1920 1292 1987 iterum

91 2037 114 2086 ¹⁵
128 2032 204 2099 Gaio
224 2032 364 2099 Genutio
386 2032 540 2117 (llepsina
561 2031 748 2098 consulibus
770 2031 957 2116 pestilentia
983 2033 1094 2116 granis
1117 2031 1228 2098 urbem
1255 2051 1293 2096 ac

127 2142 203 2209 fines
231 2142 301 2209 eius
330 2142 453 2209 inuasit
480 2162 564 2226 quae
592 2162 663 2207 curn
691 2161 804 2208 omncs
827 2147 902 2206 tunc
934 2143 1108 2227 praecipue
1143 2142 1294 2207 mulieres

127 2253 324 2337 pecudesque
355 2253 532 2338 corripiens
559 2253 683 2318 necatis
722 2251 756 2316 in
785 2260 874 2317 utero
911 2253 1029 2318 ictibus
1058 2252 1165 2317 futura
1200 2252 1292 2337 prole

129 2363 280 2429 minabat
311 2369 343 2428 et
375 2363 546 2429 inmaturis
568 2361 726 2446 partubus
758 2381 830 2426 curn
852 2363 995 2446 periculo
1018 2367 1157 2428 matrum
1179 2360 1295 2428 extorti

128 2472 252 2538 abomus
281 2471 521 2558 proiciebantur
542 2470 623 2536 adeo
646 2477 681 2536 ut
703 2470 851 2538 defutura
873 2471 1035 2539 successio
1058 2479 1090 2537 et
1111 2472 1292 2537 defuturum

89 2583 114 2632 ‘²⁰
127 2583 332 2648 animantium
354 2601 458 2666 genus
481 2581 631 2666 adempto
654 2582 764 2648 uitalis
786 2588 898 2666 partus
920 2582 1065 2666 legitimo
1093 2581 1206 2647 ordine
1229 2601 1295 2647 cre·

127 2689 275 2776 deretur.)
303 2693 454 2770 consules
469 2691 586 2759 deinde
601 2691 717 2759 Curius
731 2692 892 2758 Dentatus
908 2700 940 2759 et
956 2691 1124 2758 Cornelius
1138 2691 1295 2758 Lentulus

126 2799 291 2869 aduersum
312 2802 473 2888 Pyrrhum
496 2803 588 2870 missi
611 2809 695 2870 sunt.
739 2801 880 2885 <interea
912 2821 1078 2868 reuersum
1111 2822 1153 2868 ex
1184 2802 1296 2868 Sicilia

125 2911 276 2989 Pyrrhum
309 2911 426 2978 Curius
457 2914 618 2980 Dentatus
647 2914 759 2979 consul
794 2913 922 2998 excepit
953 2914 1147 2997 tertiumque
1174 2913 1295 2978 bellum

127 3027 233 3087 contra
252 3023 404 3108 Epirotas
426 3021 514 3107 apud
528 3023 706 3088 Lucaniam
728 3023 761 3088 in
777 3021 926 3090 Arusinis
949 3023 1072 3108 campis
1087 3029 1212 3105 gestum
1235 3029 1293 3089 cst.

89 3130 114 3179 ²⁵
128 3129 231 3216 itaque
260 3133 365 3217 primo
398 3152 555 3200 concursu
591 3153 662 3198 curn
693 3132 811 3218 Pyrrhi
844 3133 963 3200 milites
991 3135 1208 3200 Romanorum
1241 3133 1298 3198 im-

128 3243 288 3323 pressione
310 3241 511 3326 trepidarent
538 3250 569 3308 et
601 3243 906 3327 circumspectantes
935 3243 1045 3328 fugam
1073 3243 1159 3309 bello
1181 3243 1297 3309 cedere

128 3353 316 3436 molirentur,
339 3352 483 3437 Pyrrhus
506 3352 697 3436 elephantos
726 3372 767 3418 ex
789 3353 945 3420 subsidiis
967 3354 1063 3420 iussit
1083 3352 1203 3420 induci.
1237 3355 1299 3418 Ro·

128 3462 208 3526 mani
236 3463 360 3529 assueti
388 3462 452 3528 iam
482 3481 627 3547 pugnare
655 3481 728 3527 cum
760 3462 863 3529 beluis
896 3483 967 3529 cum
989 3465 1156 3530 malleolos
1179 3471 1297 3548 stuppa

128 3569 281 3639 inuolulos
304 3591 343 3636 ac
364 3572 436 3657 pice
459 3572 592 3655 oblitos,
621 3573 713 3639 uncis
742 3573 876 3659 insuper
898 3575 1020 3640 aculeis
1043 3581 1182 3656 tenaces,
1206 3592 1297 3659 prac-

188 3725 278 3776 llum
297 3722 325 3776 B
400 3727 513 3778 anocte
530 3719 632 3777 om.V
706 3725 767 3778 lle
785 3739 835 3778 om.
860 3724 886 3776 V
953 3725 979 3779 te
997 3735 1100 3779 ueneno
1119 3721 1146 3777 Ι)
1215 3721 1297 3777 5do-

126 3827 221 3868 ninum
238 3814 323 3870 ‘liber
340 3814 510 3887 Bonpcrsi':
544 3800 627 3869 domii
643 3814 678 3881 Ι),
696 3814 793 3870 deinde
810 3815 872 3871 ducr
889 3816 924 3871 θ’
992 3817 1115 3886 dcapud
1132 3819 1159 3868 Ι)
1243 3829 1299 3869 am·

127 3908 233 3960 mmatul
250 3907 285 3973 B,
304 3913 462 3962 ammiratur
479 3906 506 3962 ll
575 3911 662 3977 Squa
679 3906 706 3962 l)
781 3908 1166 3979 8-10<>1):tumrexad
1185 3909 1299 3964 lrcrlram

126 3998 257 4065 profectui
272 4003 312 4055 sl't
331 4000 390 4054 BV
491 4004 506 4054 9
524 4000 684 4069 agathoclen
702 4007 808 4056 mortuo
833 4018 896 4070 rege
920 4004 1069 4058 tusculano
1088 4003 1124 4058 ad
1142 4004 1254 4058 Ircrham
1272 4003 1298 4057 D

130 4095 155 4142 lt
172 4091 351 4148 imaculalD
446 4097 476 4147 12
500 4092 623 4147 rndutrul
643 4091 678 4147 0¹
771 4099 801 4148 15
831 4095 941 4164 deplrna
958 4095 985 4151 ll
1078 4101 1108 4152 16
1127 4100 1298 4168 precipucll

132 4188 155 4236 lt
172 4185 264 4240 loctrb.
284 4187 310 4241 1)
382 4193 412 4242 19
430 4187 465 4241 ad
482 4185 638 4241 defuturum
661 4193 827 4242 animantum
847 4190 872 4241 ll
941 4193 1050 4255 22-34,
1070 4195 1083 4243 l
1102 4192 1135 4260 <>
1153 4191 1193 4245 D:
1211 4194 1303 4247 cunni

128 4283 215 4332 ronna
233 4294 293 4333 eum
306 4287 446 4349 pugnaurt.
465 4285 614 4334 exercrtum
632 4281 691 4333 erut
706 4281 813 4335 cccrdrt.
831 4284 918 4350 iprum
936 4287 1070 4338 tarantum
1088 4283 1193 4352 frrgaurt
1212 4286 1299 4340 cultra

128 4377 216 4439 cosprt.
235 4387 268 4426 ea
284 4373 329 4428 dre
346 4375 424 4429 caela
441 4374 556 4429 holtrum
570 4375 649 4446 ῑιιῑι]
670 4373 729 4427 BV
785 4377 815 4428 22
836 4375 901 4430 lrcrlr
920 4392 1029 4446 pyrrum
1048 4374 1074 4429 Ι)
1125 4381 1157 4431 25
1176 4376 1299 4432 curluD

129 4463 238 4528 pyrni)
306 4469 337 4520 il
355 4470 453 4538 pyrrul
468 4467 599 4523 elefantus
614 4467 640 4522 D

182 4555 295 4600 limonia
309 4571 434 4602 mentun
1079 4575 1093 4624 3
