2834 5394
199 284 259 346 156
708 300 800 346 nunu
824 301 857 345 ιί

194 456 288 515 nocte
320 451 554 516 interueniente
581 452 754 534 Pompeius
788 451 881 535 sequi
913 452 1024 517 noluit.
1068 452 1216 534 dixitque
1248 450 1398 517 Gaesar-

195 579 255 626 ncc
276 561 463 644 Pompeium
496 561 578 626 scire
611 562 740 626 uincere
774 568 805 625 et
837 561 895 625 illa
927 570 1052 627 tautum
1084 561 1139 627 die
1166 582 1204 628 se
1226 561 1376 646 potuisse

195 672 351 756 superari.
394 668 509 752 <caesa
541 680 615 736 sunl
646 672 679 734 in
713 691 751 735 eo
784 673 906 753 proelio
935 679 1085 755 quattuor
1113 672 1206 737 milia
1235 671 1376 735 militum

195 781 355 861 Caesaris,
390 783 593 847 centuriones
623 782 737 864 uiginti
766 782 838 864 duo,
872 782 997 866 equites
1019 782 1157 846 Romani
1177 781 1366 865 complures.

194 910 309 958 caesus
337 898 386 957 est
415 898 447 955 et
473 892 508 956 in
536 911 574 956 eo
604 893 727 976 proelio
749 894 854 957 Seeua
875 891 1026 958 Caesaris
1048 892 1142 957 miles
1164 891 1390 957 fortissimuss

195 1022 291 1085 quern
314 1021 385 1065 euru
407 1002 525 1066 milites
548 1003 681 1085 Pompei
704 1009 737 1066 ut
759 1022 794 1067 se
824 1001 965 1066 traderet
993 1002 1209 1083 hortarentur,
1237 1020 1365 1084 respon·

195 1110 283 1176 disse
306 1112 404 1175 lertur
426 1131 500 1176 esse
523 1131 558 1176 se
581 1111 711 1177 fessum.
755 1111 933 1177 accucurrit
955 1132 1037 1178 unus
1058 1113 1147 1176 uelut
1161 1118 1367 1195 suscepturus

195 1241 295 1285 arma.
329 1223 513 1304 percutitur.
537 1222 646 1305 plures
670 1222 817 1287 similiter
839 1229 1033 1286 stemuutur.
1078 1222 1150 1304 ipse
1171 1229 1282 1286 autem
1303 1220 1367 1285 uul-

196 1350 277 1396 nera
299 1332 423 1415 aecepit
444 1331 550 1415 capite
579 1331 712 1395 huruero
734 1332 853 1396 leuiore
876 1333 1066 1414 oculumque
1088 1331 1207 1396 amisit.
1246 1338 1369 1395 sculum

195 1442 266 1507 eius
288 1441 369 1507 satis
392 1441 534 1506 constitit
555 1448 682 1506 centum
706 1440 819 1522 uiginti
835 1442 952 1506 ictibus
966 1442 1102 1526 petitum
1117 1441 1229 1507 luisse.
1252 1437 1411 1505 deinces

195 1550 318 1618 Caesar
355 1552 452 1616 citato
489 1552 618 1634 agmine
655 1570 714 1634 per
734 1551 868 1634 Epirum
906 1551 940 1615 in
968 1550 1177 1616 Thessaliam
1214 1550 1368 1634 perrexit.

194 1662 367 1745 Pompeius
389 1681 461 1726 cunr
483 1661 634 1726 maximis
662 1660 764 1743 copiis
793 1668 922 1727 secutus
951 1661 1135 1743 bellumque
1163 1659 1369 1726 commissum

195 1777 254 1837 cst.
298 1771 407 1854 itaque
438 1771 606 1837 instruitur
637 1770 785 1852 utrinque
812 1771 911 1837 acies.
955 1770 1128 1854 Pompeius
1150 1769 1318 1852 octoginta
1337 1775 1369 1833 et

194 1888 264 1945 octo
298 1880 446 1945 cohortes
477 1880 595 1963 triplici
630 1879 742 1944 ordine
774 1882 901 1945 locauit.
947 1881 1075 1945 luerunt
1095 1888 1203 1944 autem
1224 1879 1371 1963 peditum

194 1991 267 2073 plus
290 1988 508 2072 quadraginta
530 1989 628 2069 milia,
662 1991 786 2073 equites
807 1991 842 2054 iu
865 1990 997 2055 sinistro
1019 2010 1118 2054 cornu
1146 1989 1302 2070 sexcenti,
1334 1988 1369 2053 iu
1388 2002 1413 2051 rs

194 2098 307 2163 dextro
329 2097 507 2181 quingenti.
552 2107 721 2182 praeterea
743 2119 837 2182 reges
859 2099 960 2179 multi,
990 2108 1157 2165 senatores
1178 2099 1371 2182 equitesque

193 2209 330 2273 Romani
363 2207 495 2291 plurimi
528 2208 651 2291 absque
684 2209 804 2274 leuiuru
837 2216 1070 2273 armaturarum
1112 2228 1233 2291 magna
1265 2210 1371 2293 copia.

194 2316 318 2384 Caesar
348 2318 495 2383 similiter
528 2319 690 2402 octogiuta
721 2318 869 2384 cohortes
902 2318 1020 2403 triplici
1053 2318 1167 2383 ordine
1196 2317 1369 2403 disposuit

192 2429 243 2492 cui
273 2429 400 2493 luerunt
427 2428 534 2494 minus
563 2448 659 2512 quam
688 2427 904 2511 quadraginta
931 2428 1021 2493 milia
1049 2427 1209 2512 peditum,
1242 2430 1371 2513 equites

194 2539 292 2603 mille.
337 2538 449 2603 uidere
471 2538 517 2602 ibi
540 2545 572 2603 et
593 2557 722 2621 gemere
745 2545 814 2603 erat
835 2545 1017 2603 contractas
1038 2540 1257 2604 Romanorum
1281 2540 1370 2607 uires
1385 2550 1413 2600 rt

193 2648 227 2712 iu
244 2648 368 2730 corripis
383 2648 582 2714 Pharsalieis
604 2647 646 2711 ad
669 2648 862 2714 occisionem
884 2655 993 2712 mutuo
1016 2648 1210 2729 constitisse,
1233 2670 1318 2732 quas
1340 2650 1369 2715 si

195 2756 367 2821 concordia
389 2757 537 2832 rexisset,
560 2757 640 2820 nulli
664 2758 773 2841 populi
796 2758 877 2822 nulli
900 2777 994 2839 reges
1012 2757 1110 2823 ¹finire
1132 2759 1325 2842 potuissent.

23 2862 171 2929 XXXVI
280 2865 389 2929 Prima
411 2865 639 2948 congressione
655 2867 816 2948 equitatus
830 2867 963 2951 Pompei
978 2869 1092 2951 pulsus
1108 2868 1242 2933 sinistra
1256 2888 1370 2955 coope-

193 2975 266 3056 ruit,
290 2976 395 3039 altera
409 2975 553 3040 nudauit.
592 2974 710 3040 deinde
725 2975 813 3059 cum>
835 2976 891 3041 diu
909 2977 1069 3060 utrimque
1089 2977 1190 3042 dubia
1205 2978 1287 3044 lorte
1299 2998 1371 3044 eac·

192 3083 345 3149 derantur
367 3092 463 3167 atque
486 3086 606 3150 exalia
621 3093 712 3168 parte
726 3086 901 3170 Pompeius
923 3087 1007 3151 iuter
1029 3086 1222 3151 hortandum
1245 3088 1368 3154 diceret
1384 3094 1413 3145 fl

193 3190 302 3276 ‘parce
317 3193 450 3259 ciuibus'
466 3214 524 3258 uee
539 3202 646 3259 tamen
661 3195 791 3278 laceret,
804 3216 845 3261 ex
860 3196 927 3260 alia
940 3216 1016 3260 uero
1029 3196 1151 3262 Caesar
1171 3196 1233 3262 hoc
1246 3198 1369 3264 iaceret

261 3491 276 3541 2
293 3488 407 3556 pdperul
423 3487 449 3543 ,1)
517 3492 600 3541 3-24
618 3490 650 3557 <>
668 3487 707 3542 D:
731 3486 827 3541 demde
844 3471 1013 3541 rn'thellalsa
1029 3487 1102 3555 apud
1119 3489 1198 3557 paleo
1214 3496 1218 3551 Ι
1233 3489 1368 3545 lariacum

191 3579 331 3648 productrl
355 3588 463 3649 utnque
480 3581 651 3649 ingentibus}
667 3581 754 3649 copul
769 3579 965 3634 damnauerunt
985 3581 1133 3649 ·Pompera
1155 3580 1212 3650 acrl
1223 3581 1253 3636 el
1272 3582 1370 3637 haburt

190 3672 220 3726 il
238 3672 372 3741 peditum·
386 3671 489 3742 equites
504 3691 531 3727 rn
551 3675 663 3743 lrlurl'tre
683 3688 767 3726 eomu
778 3697 783 3706 ·
793 3670 840 3724 dc·
852 3689 879 3725 ru
897 3672 1007 3727 dextro·
1020 3669 1187 3742 d·'prqterea
1202 3675 1206 3741 Ι
1221 3677 1308 3730 tetrul
1323 3692 1368 3730 or·

192 3766 277 3819 centul
293 3767 395 3822 auxilia
413 3774 500 3821 totam
522 3767 710 3834 nobrhteltem
736 3764 890 3818 innumeros
911 3765 1065 3820 seruatores·
1083 3767 1224 3835 pretores·
1248 3768 1368 3837 leoniu-

190 3859 262 3912 lares
280 3884 285 3893 ·
303 3858 327 3911 dt
344 3875 389 3927 qur
407 3875 539 3913 marorum
563 3875 617 3912 ram
634 3860 764 3914 bellorum
780 3860 784 3915 Ι
799 3857 917 3910 metorel
931 3856 1041 3912 luissent
1067 3861 1161 3928 celat
1185 3876 1214 3912 ιιι
1238 3875 1297 3915 acre
1320 3862 1369 3916 lua

191 3950 294 4019 hahulrt
311 3951 433 4020 peditum
451 3968 505 4005 nou
523 3958 627 4020 integra
643 3953 703 4007 ffi
714 3952 833 4020 ‘equites
849 3950 936 4003 mille·
965 3952 1130 4020 {numquam
1147 3951 1236 4006 adhuc
1254 3968 1366 4024 romane

192 4059 269 4112 coprp
288 4062 315 4097 ιιι
333 4060 414 4097 ιιιιιιιιι
429 4047 433 4112 l
450 4045 659 4112 nequemaiorel
673 4043 920 4112 uequemelronbul
929 4042 1044 4097 ducibui
1054 4046 1058 4111 Ι
1070 4050 1268 4098 conuenerant·
1279 4051 1367 4100 totum

190 4141 324 4189 terrarum
341 4136 407 4190 orbe
421 4140 425 4204 Ι
440 4136 521 4191 facile
539 4136 664 4205 iubaturq
691 4137 711 4190 n
735 4142 831 4190 contra
853 4135 1000 4203 barbaroti
1016 4136 1179 4191 ducerentur
1194 4162 1199 4172 ·
1213 4136 1369 4205 Pugnatum

193 4234 281 4280 tamen
299 4229 337 4281 elt
353 4231 462 4297 rulgeutr
481 4236 652 4284 contentione
670 4243 783 4295 cumque
800 4226 828 4280 B
912 4232 928 4280 l
946 4227 970 4280 a
987 4228 1055 4282 duel
1070 4229 1097 4285 Ι)
1178 4236 1193 4283 5
1212 4234 1308 4298 sceua]
1328 4231 1368 4300 cf.

187 4336 219 4389 p.
242 4324 297 4383 til,
316 4325 344 4372 st
442 4323 589 4376 dammrlrt
607 4322 633 4375 l>
727 4323 760 4372 22
784 4318 862 4373 finire
880 4319 932 4373 ΒΡ
947 4321 1006 4375 cod.
1025 4320 1146 4383 Pitltoei,
1163 4321 1235 4376 ferre
1254 4321 1371 4379 Orosius

192 4416 224 4464 2³
253 4412 386 4465 sinistram
412 4415 551 4481 cooperuit
575 4414 687 4468 alteram
712 4412 825 4467 nudatut
842 4412 900 4466 cod.
920 4411 1028 4469 Pitheci
1095 4418 1127 4467 24
1145 4413 1192 4469 diu
1211 4413 1253 4468 B.-
1279 4415 1326 4474 dre
1342 4416 1371 4471 Ι)
