2834 5394
463 666 571 713 luosx
593 667 832 717 CAPITVLORVM

61 815 115 870 bus
142 813 269 870 Caninius
295 815 496 871 circumuentus
530 823 558 870 et
591 816 627 871 ad

63 914 212 964 ubemum
234 907 378 962 discrimen
402 909 544 964 adductus.
579 909 628 964 sed

63 1003 150 1058 Fabio
168 1005 255 1071 legato
283 1002 371 1056 accito
389 1003 481 1057 hostes
505 1004 628 1073 oppressi

64 1103 92 1152 et
109 1097 240 1164 utrimque
258 1096 413 1149 innumerae
425 1096 562 1151 Gallorum
580 1113 626 1152 co·

61 1191 124 1260 piae
140 1189 299 1244 trucidatae.
327 1188 429 1243 Fabius
446 1189 509 1243 inde
521 1189 549 1243 in
559 1188 624 1244 Car·

62 1291 141 1339 nutes
159 1282 295 1350 proiectus
317 1281 410 1337 hostes
432 1283 501 1336 mua
525 1283 625 1337 uirtute

62 1382 90 1431 et
108 1376 245 1430 celeritate
261 1375 409 1443 perdomat

96 1474 129 1524 29
146 1470 263 1538 Draptes
275 1474 304 1521 at
315 1468 457 1523 Lectorius
463 1469 624 1538 Lugdunum

62 1568 205 1631 occupant.
233 1562 343 1631 eiusque
361 1561 453 1631 oppidi
470 1562 545 1617 situs.
571 1562 622 1617 Ca-

61 1656 126 1709 ninii
151 1654 184 1709 de
202 1655 240 1710 eis
256 1655 368 1724 insignis
394 1655 516 1710 uictoria.
551 1655 623 1724 Lug·

61 1748 126 1803 duni
141 1748 275 1803 obsidium
292 1747 426 1803 difficiles
438 1746 554 1803 Caesare
564 1763 623 1804 sus·

61 1849 176 1910 ceptum.

97 1939 130 1989 30
157 1934 319 2003 Lugdunum
338 1934 446 1989 tandem
459 1932 568 1988 Caesari
578 1934 623 1989 de·

62 2027 155 2082 ditum
188 2043 273 2097 gram
289 2028 449 2097 supplicium
472 2026 506 2082 de
522 2027 561 2082 eis
578 2028 624 2097 qui

63 2135 139 2174 arma
161 2122 534 2190 contratulerantsumptum.
556 2121 622 2174 Cae-

63 2229 108 2268 sar
136 2213 259 2268 edomitis
277 2213 362 2268 Gadis
394 2230 456 2268 cum
475 2213 624 2283 legionibus

60 2307 89 2360 in
106 2307 211 2361 ltaliam
228 2307 305 2361 redit

94 2405 121 2454 31
155 2401 245 2455 Crassi
253 2400 377 2455 auaritia.
403 2398 547 2455 aduersum
555 2401 621 2455 Par·

59 2494 120 2547 thos
146 2494 208 2547 exit.
258 2493 529 2562 iherosolymitanum
555 2501 621 2548 tem-

61 2586 134 2655 plum
144 2586 243 2654 diripit.
268 2586 361 2639 infelix
370 2584 554 2640 Romanorum
567 2587 621 2641 cla·

59 2678 106 2732 des
135 2679 170 2732 ad
188 2679 285 2733 Carras
309 2679 452 2746 Crassique
468 2678 564 2733 foedus
581 2680 622 2733 in-

60 2770 161 2824 teritus.
196 2770 283 2825 Cassii
313 2770 464 2839 quaestoris
494 2771 523 2825 in
546 2770 624 2841 Syria

59 2864 199 2931 praeclare
222 2871 314 2932 gesta,
336 2879 393 2918 ram
412 2861 560 2917 Romanam
578 2879 621 2918 re·

59 2956 194 3009 stitucntis
220 2965 246 3011 et
263 2956 379 3010 Parthos
397 2962 530 3010 tumentes
548 2971 621 3011 com-

59 3050 202 3118 poscentis.

92 3146 124 3195 32
152 3142 304 3196 incendium
316 3141 420 3196 Romae
436 3143 536 3210 ingens.
564 3143 620 3197 bel·

58 3235 113 3289 lum
139 3236 217 3290 ciuile
243 3235 354 3304 eiusque
377 3249 484 3290 causae.
521 3235 621 3290 Caesar

60 3329 163 3383 iniuriis
190 3329 358 3383 inimicorum
381 3336 471 3383 motus
501 3329 619 3383 Rubico·

58 3438 119 3475 nem
144 3438 204 3476 cum
231 3423 350 3476 exercitu
366 3422 471 3476 transit
509 3429 619 3477 senatus

58 3515 198 3568 consulum
230 3515 350 3583 Pompeii
386 3514 451 3584 luga
483 3516 518 3569 ab
544 3516 619 3570 urbe.

57 3606 130 3673 apud
155 3606 333 3675 Dyrrachium
360 3607 458 3662 bellum
489 3608 619 3663 aduersus

58 3698 201 3753 Caesarem
217 3715 234 3753 a
251 3700 380 3769 Pompeio
396 3706 515 3770 paratur.

90 3797 122 3845 33
152 3791 252 3846 Caesar
269 3793 383 3847 Musam
410 3793 559 3862 ingreditur
577 3793 616 3848 di·

56 3893 239 3955 centoremque
256 3901 285 3940 se
303 3885 376 3940 iacit.
400 3886 549 3941 Massiliam
566 3903 615 3957 op-

56 3979 228 4047 pugnandam
253 3980 373 4049 suscipit.
413 3978 503 4033 militis
526 3980 616 4034 cuius·

54 4071 116 4125 dam
126 4071 280 4125 Caesariani
292 4071 430 4127 fortitudo.
466 4071 566 4127 Caesar
582 4072 617 4127 ad

53 4165 199 4234 Hispanias
218 4166 364 4229 contendit,
381 4166 428 4220 ubi
437 4165 616 4235 Pompeianos

54 4258 137 4313 duces
149 4265 267 4328 superat.
286 4258 408 4313 Massilia
416 4258 513 4314 dedita.
522 4260 616 4315 maria

53 4352 156 4420 proelia
172 4352 243 4406 inter
260 4351 438 4407 Caesarianos
456 4358 484 4408 et
498 4352 613 4422 Pompe·

51 4444 128 4498 ianos
145 4444 237 4500 duces.

86 4540 119 4591 34
146 4538 229 4593 Caelii
248 4544 273 4593 et
286 4538 394 4593 Milonis
411 4537 543 4592 interitus.
567 4538 613 4592 Bi·

49 4629 108 4685 bnli
123 4645 205 4685 mors.
238 4632 273 4685 A.
292 4630 420 4686 Claudius
445 4631 500 4684 iam
528 4631 613 4686 aholi·

49 4728 105 4777 mm
127 4721 233 4793 Pythici
255 4725 359 4779 oraculi
388 4723 467 4778 tidem
499 4724 614 4793 experiri

1173 656 1235 720 627

678 824 800 872 conatur.
835 818 963 887 Pompeio
981 819 1055 873 multi
1071 819 1181 875 orientis
1197 835 1240 875 re·

677 927 723 980 ges
740 911 898 965 auxiliatum
916 913 1036 966 ueniunt.
1065 913 1166 967 Caesar
1182 912 1241 966 fru-

677 1010 735 1058 stra
757 1005 792 1058 sd
808 1004 989 1074 Dyrrachium
1010 1006 1167 1074 Pompeium
1191 1008 1241 1062 ob-

678 1096 782 1151 sidione
799 1098 889 1166 cingit.
924 1099 1013 1152 tristia
1029 1106 1162 1168 portenta,
1180 1099 1239 1169 qui·

679 1192 731 1248 hus
754 1190 934 1260 Pompeianus
961 1192 1095 1246 exercitus
1119 1208 1242 1249 maerore

676 1284 814 1341 confusus.

709 1383 741 1433 35
778 1376 901 1432 Caesaris
933 1377 1078 1433 aduersum
1110 1379 1241 1448 proelium

676 1487 739 1526 cum
757 1470 945 1541 Pompeianis:
972 1487 1025 1540 quo
1042 1472 1133 1541 plures
1150 1472 1241 1527 amisit

675 1571 702 1618 et
738 1564 765 1618 in
800 1564 839 1618 eis
873 1563 1020 1629 Scaeuam,
1062 1563 1238 1619 fortissimum

675 1657 866 1712 centurionem.
900 1658 958 1711 eius
976 1657 1143 1727 pugnacitas.
1170 1657 1238 1712 Cae·

674 1764 720 1804 sar
760 1751 789 1804 in
823 1750 992 1804 Thessaliam
1033 1751 1127 1820 pergit,
1159 1764 1238 1820 quem

675 1843 824 1912 insequitur
847 1843 1000 1913 Pompeius.
1035 1844 1103 1899 acici
1135 1845 1236 1899 utrius·

675 1951 728 2003 que
745 1935 773 1988 in
791 1934 938 1990 Pharsaliis
963 1937 1064 2005 campis
1087 1936 1238 1991 instructio.

709 2033 743 2083 36
778 2027 901 2083 Caesaris
918 2028 953 2084 de
970 2030 1097 2098 Pompeio
1115 2030 1238 2084 uictoria.

674 2120 796 2191 Pompeii
811 2121 876 2190 luga
893 2122 921 2176 in
936 2123 1095 2192 Aegyptum,
1113 2123 1160 2177 ubi
1176 2137 1237 2192 per·

674 2213 727 2268 fide
751 2214 889 2270 occiditur.
929 2215 1110 2286 Pompeianae
1143 2216 1238 2271 classis

674 2307 797 2376 direptio.

708 2404 740 2453 ³7
767 2399 868 2455 Caesar
885 2400 1237 2466 usnithlexandriam,cum

672 2509 725 2563 quo
748 2492 814 2562 regii
835 2493 962 2549 insidiose
989 2502 1074 2564 agunt
1088 2489 1235 2550 'Achillas-

673 2602 725 2655 que
741 2586 796 2641 dux
820 2601 850 2641 se
873 2587 898 2642 ei
923 2602 986 2643 cum
1006 2588 1126 2643 exercitu
1143 2595 1237 2657 aperte

674 2679 793 2749 opponit
815 2678 1171 2735 bibliothecshlexandrina
1189 2696 1234 2735 ex·

675 2779 745 2825 usta.

707 2868 740 2918 38
775 2863 899 2918 Caesaris
926 2879 987 2917 cum
1010 2865 1148 2933 Aegyptiis
1171 2880 1235 2919 acre

673 2957 813 3025 proelium,
840 2956 867 3009 in
900 2972 954 3025 quo
986 2956 1128 3011 discrimen
1162 2957 1236 3012 uitae

672 3049 735 3104 adit.
771 3050 868 3104 iterum
899 3049 1001 3117 ingenti
1027 3064 1118 3118 pugna
1146 3065 1234 3119 regem

672 3157 765 3196 corum
787 3140 866 3195 fidem
882 3141 1049 3211 frangentem
1074 3159 1135 3198 cum
1159 3158 1234 3198 exer·

672 3236 727 3290 citu
746 3235 822 3290 delet.
857 3235 1032 3290 Alexandrini
1056 3235 1119 3291 inde
1136 3236 1171 3291 ad
1187 3237 1234 3292 de-

672 3329 800 3382 ditionem
825 3329 913 3383 coacti
943 3344 1105 3398 regnumque
1131 3328 1234 3385 aCae·

672 3437 733 3477 sare
751 3421 909 3492 Cleopatrae
927 3421 1063 3476 sedtum.
1098 3421 1159 3477 inde
1184 3423 1233 3493 Sy·

673 3515 740 3568 riam
765 3520 929 3582 peruagatus
947 3513 1047 3570 Caesar
1064 3515 1233 3571 Pharnacem

674 3607 797 3663 debehat

696 3692 738 3756 ’39
774 3701 875 3755 Caesar
894 3700 1007 3756 Romam
1024 3716 1162 3769 regressus
1179 3708 1233 3757 ter·

670 3795 708 3849 tio
727 3794 843 3848 dictator
860 3802 887 3847 et
899 3794 1002 3849 consul.
1032 3794 1189 3864 Pompeiani
1204 3795 1233 3849 in

669 3886 763 3941 Africa
781 3886 880 3940 bellum
894 3893 1028 3956 reparant
1059 3886 1183 3942 Caesaris
1200 3887 1234 3941 de

670 3981 708 4034 eis
731 3980 846 4034 uictoria
877 3979 1030 4049 ducumque
1052 3979 1233 4049 Pompeianae

669 4075 755 4143 partis
772 4080 872 4128 mortes
890 4072 990 4126 uariae

701 4171 734 4220 30
769 4165 870 4221 Caesar
887 4171 984 4234 quarto
1002 4165 1119 4220 dictator
1131 4169 1159 4219 et
1167 4181 1231 4220 con·

667 4259 709 4314 sul
740 4260 776 4314 ad
797 4259 897 4315 bobum
928 4259 1106 4328 Hispaniense
1136 4265 1231 4313 eontra

667 4352 788 4423 Pompeii
804 4352 874 4408 filios
883 4351 1070 4422 proficiscitur.
1107 4351 1229 4407 ultimum

665 4446 796 4515 proelium
830 4445 865 4500 sd
889 4445 1020 4500 Mundam
1059 4445 1228 4511 acerrimum,

664 4539 712 4592 uhi
733 4554 777 4593 res
800 4538 924 4593 Caesaris
950 4539 978 4593 in
1001 4554 1133 4593 summum
1159 4539 1229 4608 peri-

665 4631 756 4685 culum
772 4631 907 4686 adductae
930 4632 979 4687 sed
995 4631 1105 4686 nudem
1114 4632 1230 4686 uictoria

665 4725 700 4778 ah
724 4740 755 4779 eo
779 4724 901 4790 obtenta,
928 4724 1067 4779 Labienus
1093 4731 1120 4780 et
1136 4724 1227 4780 Varus

969 4829 1027 4881 40*
