<?xml version="1.0" encoding="UTF-8"?>
<!DOCTYPE html PUBLIC "-//W3C//DTD XHTML 1.0 Transitional//EN"
    "http://www.w3.org/TR/xhtml1/DTD/xhtml1-transitional.dtd">
<html xmlns="http://www.w3.org/1999/xhtml" xml:lang="en" lang="en">
 <head>
  <title>
</title>
<meta http-equiv="Content-Type" content="text/html;charset=utf-8" />
  <meta name='ocr-system' content='tesseract 3.04.00' />
  <meta name='ocr-capabilities' content='ocr_page ocr_carea ocr_par ocr_line ocrx_word'/>
</head>
<body>
  <div class='ocr_page' id='page_1' title='image "./historiamiscell00sagagoog_0114.png"; bbox 0 0 2834 5394; ppageno 0'>
   <div class='ocr_carea' id='block_1_1' title="bbox 97 303 768 365">
    <p class='ocr_par' dir='ltr' id='par_1_1' title="bbox 97 303 768 365">
     <span class='ocr_line' id='line_1_1' title="bbox 97 303 768 365; baseline 0 -1"><span class='ocrx_word' id='word_1_1' title='bbox 97 303 159 364; x_wconf 86' lang='lat'>100</span> <span class='ocrx_word' id='word_1_2' title='bbox 599 317 692 365; x_wconf 82' lang='lat' dir='ltr'>uiam</span> <span class='ocrx_word' id='word_1_3' title='bbox 713 317 768 364; x_wconf 87' lang='lat' dir='ltr'>nn</span> 
     </span>
    </p>
   </div>
   <div class='ocr_carea' id='block_1_2' title="bbox 96 438 1270 776">
    <p class='ocr_par' dir='ltr' id='par_1_2' title="bbox 96 438 1270 776">
     <span class='ocr_line' id='line_1_2' title="bbox 182 438 1270 555; baseline -0.006 -17"><span class='ocrx_word' id='word_1_4' title='bbox 182 471 304 538; x_wconf 86' lang='lat' dir='ltr'>Eodem</span> <span class='ocrx_word' id='word_1_5' title='bbox 325 477 469 555; x_wconf 85' lang='lat' dir='ltr'>tempore</span> <span class='ocrx_word' id='word_1_6' title='bbox 489 468 595 535; x_wconf 80' lang='lat' dir='ltr'>Aetna</span> <span class='ocrx_word' id='word_1_7' title='bbox 617 489 708 536; x_wconf 87' lang='lat' dir='ltr'>mone</span> <span class='ocrx_word' id='word_1_8' title='bbox 730 468 815 534; x_wconf 89' lang='lat' dir='ltr'>ultra</span> <span class='ocrx_word' id='word_1_9' title='bbox 842 469 971 535; x_wconf 87' lang='lat' dir='ltr'>solitum</span> <span class='ocrx_word' id='word_1_10' title='bbox 999 467 1123 534; x_wconf 79' lang='lat' dir='ltr'>exarsit</span> <span class='ocrx_word' id='word_1_11' title='bbox 1151 438 1184 532; x_wconf 90' lang='lat' dir='ltr'>et</span> <span class='ocrx_word' id='word_1_12' title='bbox 1210 474 1270 532; x_wconf 92' lang='lat' dir='ltr'>tor·</span> 
     </span>
     <span class='ocr_line' id='line_1_3' title="bbox 96 575 1270 666; baseline -0.003 -19"><span class='ocrx_word' id='word_1_13' title='bbox 96 582 244 649; x_wconf 88' lang='lat' dir='ltr'>rentibus</span> <span class='ocrx_word' id='word_1_14' title='bbox 265 581 370 665; x_wconf 78' lang='lat' dir='ltr'>igneis</span> <span class='ocrx_word' id='word_1_15' title='bbox 393 579 575 666; x_wconf 80' lang='lat' dir='ltr'>superfusis</span> <span class='ocrx_word' id='word_1_16' title='bbox 596 581 726 664; x_wconf 88' lang='lat' dir='ltr'>lateque</span> <span class='ocrx_word' id='word_1_17' title='bbox 747 576 1041 645; x_wconf 87' lang='lat' dir='ltr'>oiroumtluentibus</span> <span class='ocrx_word' id='word_1_18' title='bbox 1055 575 1208 643; x_wconf 79' lang='lat' dir='ltr'>Catinam</span> <span class='ocrx_word' id='word_1_19' title='bbox 1223 597 1270 643; x_wconf 92' lang='lat' dir='ltr'>ur·</span> 
     </span>
     <span class='ocr_line' id='line_1_4' title="bbox 100 685 1270 776; baseline -0.004 -19"><span class='ocrx_word' id='word_1_20' title='bbox 100 692 174 758; x_wconf 91' lang='lat' dir='ltr'>bem</span> <span class='ocrx_word' id='word_1_21' title='bbox 196 692 343 775; x_wconf 83' lang='lat' dir='ltr'>finesque</span> <span class='ocrx_word' id='word_1_22' title='bbox 365 690 434 757; x_wconf 90' lang='lat' dir='ltr'>eius</span> <span class='ocrx_word' id='word_1_23' title='bbox 457 689 621 776; x_wconf 80' lang='lat' dir='ltr'>oppressit</span> <span class='ocrx_word' id='word_1_24' title='bbox 642 689 688 754; x_wconf 87' lang='lat' dir='ltr'>ita</span> <span class='ocrx_word' id='word_1_25' title='bbox 708 696 744 755; x_wconf 93' lang='lat' dir='ltr'>ut</span> <span class='ocrx_word' id='word_1_26' title='bbox 765 695 850 755; x_wconf 84' lang='lat' dir='ltr'>teuta</span> <span class='ocrx_word' id='word_1_27' title='bbox 871 687 1000 753; x_wconf 87' lang='lat' dir='ltr'>aedium</span> <span class='ocrx_word' id='word_1_28' title='bbox 1025 685 1144 754; x_wconf 78' lang='lat' dir='ltr'>ualidis</span> <span class='ocrx_word' id='word_1_29' title='bbox 1158 687 1270 752; x_wconf 82' lang='lat' dir='ltr'>aineri-</span> 
     </span>
    </p>
   </div>
   <div class='ocr_carea' id='block_1_3' title="bbox 96 795 1275 3736">
    <p class='ocr_par' dir='ltr' id='par_1_3' title="bbox 96 795 1270 993">
     <span class='ocr_line' id='line_1_5' title="bbox 96 795 1270 887; baseline -0.003 -20"><span class='ocrx_word' id='word_1_30' title='bbox 96 801 158 869; x_wconf 91' lang='lat' dir='ltr'>bus</span> <span class='ocrx_word' id='word_1_31' title='bbox 180 807 333 887; x_wconf 85' lang='lat' dir='ltr'>praeusta</span> <span class='ocrx_word' id='word_1_32' title='bbox 354 807 387 867; x_wconf 93' lang='lat' dir='ltr'>et</span> <span class='ocrx_word' id='word_1_33' title='bbox 407 805 624 885; x_wconf 83' lang='lat' dir='ltr'>praegrauata</span> <span class='ocrx_word' id='word_1_34' title='bbox 645 803 838 881; x_wconf 76' lang='lat' dir='ltr'>corruerent,</span> <span class='ocrx_word' id='word_1_35' title='bbox 867 798 959 864; x_wconf 92' lang='lat' dir='ltr'>onius</span> <span class='ocrx_word' id='word_1_36' title='bbox 985 795 1148 863; x_wconf 87' lang='lat' dir='ltr'>leuandae</span> <span class='ocrx_word' id='word_1_37' title='bbox 1169 795 1270 863; x_wconf 85' lang='lat' dir='ltr'>eladis</span> 
     </span>
     <span class='ocr_line' id='line_1_6' title="bbox 96 906 1268 993; baseline -0.003 -17"><span class='ocrx_word' id='word_1_38' title='bbox 96 930 197 978; x_wconf 87' lang='lat' dir='ltr'>oauea</span> <span class='ocrx_word' id='word_1_39' title='bbox 218 916 351 977; x_wconf 79' lang='lat' dir='ltr'>senat-us</span> <span class='ocrx_word' id='word_1_40' title='bbox 373 908 485 976; x_wconf 87' lang='lat' dir='ltr'>deeem</span> <span class='ocrx_word' id='word_1_41' title='bbox 506 929 663 974; x_wconf 90' lang='lat' dir='ltr'>annorum</span> <span class='ocrx_word' id='word_1_42' title='bbox 687 909 860 993; x_wconf 78' lang='lat' dir='ltr'>uectigalia</span> <span class='ocrx_word' id='word_1_43' title='bbox 881 906 1113 973; x_wconf 75' lang='lat' dir='ltr'>Catinensibus</span> <span class='ocrx_word' id='word_1_44' title='bbox 1136 907 1268 974; x_wconf 78' lang='lat' dir='ltr'>remisit</span> 
     </span>
    </p>

    <p class='ocr_par' dir='ltr' id='par_1_4' title="bbox 97 1017 1275 3296">
     <span class='ocr_line' id='line_1_7' title="bbox 181 1017 1269 1086; baseline -0.004 -1"><span class='ocrx_word' id='word_1_45' title='bbox 181 1022 276 1085; x_wconf 88' lang='lat' dir='ltr'>Anno</span> <span class='ocrx_word' id='word_1_46' title='bbox 313 1018 355 1084; x_wconf 87' lang='lat' dir='ltr'>ab</span> <span class='ocrx_word' id='word_1_47' title='bbox 391 1017 471 1084; x_wconf 89' lang='lat' dir='ltr'>urbe</span> <span class='ocrx_word' id='word_1_48' title='bbox 498 1018 628 1085; x_wconf 83' lang='lat' dir='ltr'>eondita</span> <span class='ocrx_word' id='word_1_49' title='bbox 671 1019 905 1086; x_wconf 83' lang='lat' dir='ltr'>sexcentesimo</span> <span class='ocrx_word' id='word_1_50' title='bbox 946 1017 1101 1083; x_wconf 86' lang='lat' dir='ltr'>uioeaimo</span> <span class='ocrx_word' id='word_1_51' title='bbox 1156 1024 1269 1082; x_wconf 89' lang='lat' dir='ltr'>oetauo</span> 
     </span>
     <span class='ocr_line' id='line_1_8' title="bbox 98 1126 1272 1212; baseline -0.003 -18"><span class='ocrx_word' id='word_1_52' title='bbox 98 1129 201 1195; x_wconf 82' lang='lat' dir='ltr'>Gaius</span> <span class='ocrx_word' id='word_1_53' title='bbox 229 1127 364 1195; x_wconf 76' lang='lat' dir='ltr'>Cassius</span> <span class='ocrx_word' id='word_1_54' title='bbox 397 1128 565 1212; x_wconf 84' lang='lat' dir='ltr'>Longinus</span> <span class='ocrx_word' id='word_1_55' title='bbox 601 1135 634 1195; x_wconf 89' lang='lat' dir='ltr'>et</span> <span class='ocrx_word' id='word_1_56' title='bbox 661 1129 778 1196; x_wconf 79' lang='lat' dir='ltr'>Sextus</span> <span class='ocrx_word' id='word_1_57' title='bbox 811 1127 974 1194; x_wconf 90' lang='lat' dir='ltr'>Domitius</span> <span class='ocrx_word' id='word_1_58' title='bbox 1003 1126 1163 1194; x_wconf 81' lang='lat' dir='ltr'>Caluinus</span> <span class='ocrx_word' id='word_1_59' title='bbox 1200 1145 1272 1191; x_wconf 90' lang='lat' dir='ltr'>oon·</span> 
     </span>
     <span class='ocr_line' id='line_1_9' title="bbox 98 1236 1272 1323; baseline -0.004 -18"><span class='ocrx_word' id='word_1_60' title='bbox 98 1239 186 1305; x_wconf 84' lang='lat' dir='ltr'>sulae</span> <span class='ocrx_word' id='word_1_61' title='bbox 206 1238 326 1303; x_wconf 90' lang='lat' dir='ltr'>Bituito</span> <span class='ocrx_word' id='word_1_62' title='bbox 348 1237 416 1323; x_wconf 88' lang='lat' dir='ltr'>regi</span> <span class='ocrx_word' id='word_1_63' title='bbox 437 1237 654 1304; x_wconf 85' lang='lat' dir='ltr'>Aruernorum</span> <span class='ocrx_word' id='word_1_64' title='bbox 676 1237 804 1303; x_wconf 84' lang='lat' dir='ltr'>Galliae</span> <span class='ocrx_word' id='word_1_65' title='bbox 825 1238 967 1304; x_wconf 80' lang='lat' dir='ltr'>ciuitatis</span> <span class='ocrx_word' id='word_1_66' title='bbox 988 1237 1108 1303; x_wconf 92' lang='lat' dir='ltr'>bellum</span> <span class='ocrx_word' id='word_1_67' title='bbox 1131 1236 1272 1301; x_wconf 82' lang='lat' dir='ltr'>marimo</span> 
     </span>
     <span class='ocr_line' id='line_1_10' title="bbox 98 1346 1272 1433; baseline -0.003 -19"><span class='ocrx_word' id='word_1_68' title='bbox 98 1348 255 1414; x_wconf 79' lang='lat' dir='ltr'>instruatu</span> <span class='ocrx_word' id='word_1_69' title='bbox 296 1348 496 1433; x_wconf 76' lang='lat' dir='ltr'>comparanti</span> <span class='ocrx_word' id='word_1_70' title='bbox 537 1346 620 1413; x_wconf 86' lang='lat' dir='ltr'>adeo</span> <span class='ocrx_word' id='word_1_71' title='bbox 670 1366 742 1412; x_wconf 88' lang='lat' dir='ltr'>oum</span> <span class='ocrx_word' id='word_1_72' title='bbox 784 1368 886 1432; x_wconf 88' lang='lat' dir='ltr'>paruo</span> <span class='ocrx_word' id='word_1_73' title='bbox 929 1346 1072 1414; x_wconf 79' lang='lat' dir='ltr'>exereitu</span> <span class='ocrx_word' id='word_1_74' title='bbox 1109 1346 1272 1411; x_wconf 91' lang='lat' dir='ltr'>Domitius</span> 
     </span>
     <span class='ocr_line' id='line_1_11' title="bbox 98 1455 1271 1543; baseline -0.001 -20"><span class='ocrx_word' id='word_1_75' title='bbox 98 1458 235 1523; x_wconf 84' lang='lat' dir='ltr'>ooourrit</span> <span class='ocrx_word' id='word_1_76' title='bbox 270 1465 305 1523; x_wconf 89' lang='lat' dir='ltr'>ut</span> <span class='ocrx_word' id='word_1_77' title='bbox 331 1458 470 1524; x_wconf 90' lang='lat' dir='ltr'>Bituitus</span> <span class='ocrx_word' id='word_1_78' title='bbox 508 1458 704 1543; x_wconf 86' lang='lat' dir='ltr'>pauoitatem</span> <span class='ocrx_word' id='word_1_79' title='bbox 734 1458 950 1522; x_wconf 86' lang='lat' dir='ltr'>Romanorum</span> <span class='ocrx_word' id='word_1_80' title='bbox 991 1455 1047 1522; x_wconf 89' lang='lat' dir='ltr'>uix</span> <span class='ocrx_word' id='word_1_81' title='bbox 1083 1455 1125 1521; x_wconf 86' lang='lat' dir='ltr'>ad</span> <span class='ocrx_word' id='word_1_82' title='bbox 1164 1474 1271 1522; x_wconf 83' lang='lat' dir='ltr'>eseam</span> 
     </span>
     <span class='ocr_line' id='line_1_12' title="bbox 97 1564 1271 1652; baseline -0.004 -18"><span class='ocrx_word' id='word_1_83' title='bbox 97 1568 250 1651; x_wconf 88' lang='lat' dir='ltr'>oanibus,</span> <span class='ocrx_word' id='word_1_84' title='bbox 288 1587 368 1652; x_wconf 85' lang='lat' dir='ltr'>quos</span> <span class='ocrx_word' id='word_1_85' title='bbox 400 1567 434 1632; x_wconf 93' lang='lat' dir='ltr'>in</span> <span class='ocrx_word' id='word_1_86' title='bbox 466 1567 596 1650; x_wconf 89' lang='lat' dir='ltr'>agmine</span> <span class='ocrx_word' id='word_1_87' title='bbox 626 1564 784 1648; x_wconf 87' lang='lat' dir='ltr'>habebat,</span> <span class='ocrx_word' id='word_1_88' title='bbox 817 1566 964 1633; x_wconf 77' lang='lat' dir='ltr'>sufficere</span> <span class='ocrx_word' id='word_1_89' title='bbox 996 1585 1094 1650; x_wconf 85' lang='lat' dir='ltr'>posse</span> <span class='ocrx_word' id='word_1_90' title='bbox 1126 1566 1271 1631; x_wconf 82' lang='lat' dir='ltr'>iactaret</span> 
     </span>
     <span class='ocr_line' id='line_1_13' title="bbox 98 1673 1270 1762; baseline -0.003 -19"><span class='ocrx_word' id='word_1_91' title='bbox 98 1677 153 1762; x_wconf 87' lang='lat' dir='ltr'>qui</span> <span class='ocrx_word' id='word_1_92' title='bbox 175 1696 246 1742; x_wconf 88' lang='lat' dir='ltr'>oum</span> <span class='ocrx_word' id='word_1_93' title='bbox 269 1677 333 1743; x_wconf 89' lang='lat' dir='ltr'>sibi</span> <span class='ocrx_word' id='word_1_94' title='bbox 353 1676 396 1743; x_wconf 87' lang='lat' dir='ltr'>ad</span> <span class='ocrx_word' id='word_1_95' title='bbox 424 1675 667 1743; x_wconf 81' lang='lat' dir='ltr'>transferendas</span> <span class='ocrx_word' id='word_1_96' title='bbox 695 1677 806 1761; x_wconf 84' lang='lat' dir='ltr'>copias</span> <span class='ocrx_word' id='word_1_97' title='bbox 835 1696 934 1741; x_wconf 91' lang='lat' dir='ltr'>unum</span> <span class='ocrx_word' id='word_1_98' title='bbox 964 1681 1095 1759; x_wconf 91' lang='lat' dir='ltr'>pontem</span> <span class='ocrx_word' id='word_1_99' title='bbox 1116 1673 1270 1740; x_wconf 87' lang='lat' dir='ltr'>Rhodani</span> 
     </span>
     <span class='ocr_line' id='line_1_14' title="bbox 97 1784 1272 1870; baseline -0.003 -18"><span class='ocrx_word' id='word_1_100' title='bbox 97 1784 239 1852; x_wconf 81' lang='lat' dir='ltr'>fluminis</span> <span class='ocrx_word' id='word_1_101' title='bbox 262 1805 377 1870; x_wconf 89' lang='lat' dir='ltr'>parum</span> <span class='ocrx_word' id='word_1_102' title='bbox 398 1804 472 1852; x_wconf 86' lang='lat' dir='ltr'>esse</span> <span class='ocrx_word' id='word_1_103' title='bbox 493 1787 705 1870; x_wconf 83' lang='lat' dir='ltr'>intellegeret,</span> <span class='ocrx_word' id='word_1_104' title='bbox 728 1786 827 1850; x_wconf 90' lang='lat' dir='ltr'>alium</span> <span class='ocrx_word' id='word_1_105' title='bbox 850 1787 1025 1870; x_wconf 86' lang='lat' dir='ltr'>eompaetis</span> <span class='ocrx_word' id='word_1_106' title='bbox 1046 1785 1200 1852; x_wconf 89' lang='lat' dir='ltr'>lintribus</span> <span class='ocrx_word' id='word_1_107' title='bbox 1221 1802 1272 1849; x_wconf 85' lang='lat' dir='ltr'>ea·</span> 
     </span>
     <span class='ocr_line' id='line_1_15' title="bbox 98 1893 1271 1980; baseline -0.003 -19"><span class='ocrx_word' id='word_1_108' title='bbox 98 1896 247 1978; x_wconf 87' lang='lat' dir='ltr'>tenisque</span> <span class='ocrx_word' id='word_1_109' title='bbox 280 1913 437 1960; x_wconf 84' lang='lat' dir='ltr'>oonexum</span> <span class='ocrx_word' id='word_1_110' title='bbox 469 1896 676 1980; x_wconf 85' lang='lat' dir='ltr'>superstratis</span> <span class='ocrx_word' id='word_1_111' title='bbox 713 1895 911 1979; x_wconf 77' lang='lat' dir='ltr'>confixisque</span> <span class='ocrx_word' id='word_1_112' title='bbox 949 1894 1070 1961; x_wconf 88' lang='lat' dir='ltr'>tabulis</span> <span class='ocrx_word' id='word_1_113' title='bbox 1107 1893 1271 1961; x_wconf 87' lang='lat' dir='ltr'>instruxit.</span> 
     </span>
     <span class='ocr_line' id='line_1_16' title="bbox 98 2003 1272 2089; baseline -0.001 -19"><span class='ocrx_word' id='word_1_114' title='bbox 98 2011 248 2071; x_wconf 86' lang='lat' dir='ltr'>ooueerta</span> <span class='ocrx_word' id='word_1_115' title='bbox 268 2023 379 2089; x_wconf 91' lang='lat' dir='ltr'>pugna</span> <span class='ocrx_word' id='word_1_116' title='bbox 401 2011 433 2069; x_wconf 90' lang='lat' dir='ltr'>et</span> <span class='ocrx_word' id='word_1_117' title='bbox 454 2003 511 2068; x_wconf 90' lang='lat' dir='ltr'>diu</span> <span class='ocrx_word' id='word_1_118' title='bbox 531 2005 673 2086; x_wconf 88' lang='lat' dir='ltr'>grauiter</span> <span class='ocrx_word' id='word_1_119' title='bbox 699 2006 823 2088; x_wconf 85' lang='lat' dir='ltr'>agitata</span> <span class='ocrx_word' id='word_1_120' title='bbox 851 2004 928 2070; x_wconf 81' lang='lat' dir='ltr'>uicti</span> <span class='ocrx_word' id='word_1_121' title='bbox 950 2003 1037 2069; x_wconf 82' lang='lat' dir='ltr'>Galli</span> <span class='ocrx_word' id='word_1_122' title='bbox 1059 2004 1272 2089; x_wconf 87' lang='lat' dir='ltr'>eonuersique</span> 
     </span>
     <span class='ocr_line' id='line_1_17' title="bbox 98 2112 1272 2198; baseline 0.002 -22"><span class='ocrx_word' id='word_1_123' title='bbox 98 2112 133 2177; x_wconf 91' lang='lat' dir='ltr'>in</span> <span class='ocrx_word' id='word_1_124' title='bbox 154 2112 263 2196; x_wconf 81' lang='lat' dir='ltr'>fugam</span> <span class='ocrx_word' id='word_1_125' title='bbox 286 2113 363 2177; x_wconf 91' lang='lat' dir='ltr'>dum</span> <span class='ocrx_word' id='word_1_126' title='bbox 384 2113 520 2197; x_wconf 85' lang='lat' dir='ltr'>quisque</span> <span class='ocrx_word' id='word_1_127' title='bbox 549 2114 612 2179; x_wconf 86' lang='lat' dir='ltr'>sibi</span> <span class='ocrx_word' id='word_1_128' title='bbox 639 2114 729 2180; x_wconf 91' lang='lat' dir='ltr'>timet</span> <span class='ocrx_word' id='word_1_129' title='bbox 750 2114 949 2180; x_wconf 88' lang='lat' dir='ltr'>ooaeeruatis</span> <span class='ocrx_word' id='word_1_130' title='bbox 969 2115 1152 2180; x_wconf 89' lang='lat' dir='ltr'>inoonsulte</span> <span class='ocrx_word' id='word_1_131' title='bbox 1172 2114 1272 2198; x_wconf 86' lang='lat' dir='ltr'>agmi-</span> 
     </span>
     <span class='ocr_line' id='line_1_18' title="bbox 98 2210 1273 2309; baseline 0.003 -24"><span class='ocrx_word' id='word_1_132' title='bbox 98 2221 195 2288; x_wconf 89' lang='lat' dir='ltr'>nibus</span> <span class='ocrx_word' id='word_1_133' title='bbox 218 2229 250 2288; x_wconf 91' lang='lat' dir='ltr'>et</span> <span class='ocrx_word' id='word_1_134' title='bbox 271 2242 490 2309; x_wconf 90' lang='lat' dir='ltr'>praepropero</span> <span class='ocrx_word' id='word_1_135' title='bbox 511 2224 651 2290; x_wconf 89' lang='lat' dir='ltr'>transitu</span> <span class='ocrx_word' id='word_1_136' title='bbox 677 2223 786 2308; x_wconf 87' lang='lat' dir='ltr'>pontis</span> <span class='ocrx_word' id='word_1_137' title='bbox 815 2224 923 2289; x_wconf 88' lang='lat' dir='ltr'>uinela</span> <span class='ocrx_word' id='word_1_138' title='bbox 950 2210 1104 2308; x_wconf 86' lang='lat' dir='ltr'>ruperunt</span> <span class='ocrx_word' id='word_1_139' title='bbox 1130 2244 1172 2289; x_wconf 88' lang='lat' dir='ltr'>ae</span> <span class='ocrx_word' id='word_1_140' title='bbox 1197 2244 1273 2290; x_wconf 85' lang='lat' dir='ltr'>mox</span> 
     </span>
     <span class='ocr_line' id='line_1_19' title="bbox 98 2331 1273 2418; baseline 0.003 -22"><span class='ocrx_word' id='word_1_141' title='bbox 98 2348 170 2396; x_wconf 86' lang='lat' dir='ltr'>oum</span> <span class='ocrx_word' id='word_1_142' title='bbox 192 2331 273 2418; x_wconf 87' lang='lat' dir='ltr'>ipsis</span> <span class='ocrx_word' id='word_1_143' title='bbox 296 2333 447 2400; x_wconf 88' lang='lat' dir='ltr'>lintribus</span> <span class='ocrx_word' id='word_1_144' title='bbox 469 2334 568 2399; x_wconf 89' lang='lat' dir='ltr'>mersi</span> <span class='ocrx_word' id='word_1_145' title='bbox 590 2339 673 2399; x_wconf 83' lang='lat' dir='ltr'>sunt.</span> <span class='ocrx_word' id='word_1_146' title='bbox 717 2340 843 2399; x_wconf 76' lang='lat' dir='ltr'>oenmm</span> <span class='ocrx_word' id='word_1_147' title='bbox 866 2334 1030 2417; x_wconf 80' lang='lat' dir='ltr'>octoginta</span> <span class='ocrx_word' id='word_1_148' title='bbox 1056 2332 1149 2399; x_wconf 88' lang='lat' dir='ltr'>milia</span> <span class='ocrx_word' id='word_1_149' title='bbox 1170 2352 1273 2399; x_wconf 88' lang='lat' dir='ltr'>arma-</span> 
     </span>
     <span class='ocr_line' id='line_1_20' title="bbox 99 2442 1273 2528; baseline 0 -21"><span class='ocrx_word' id='word_1_150' title='bbox 99 2447 203 2507; x_wconf 89' lang='lat' dir='ltr'>torum</span> <span class='ocrx_word' id='word_1_151' title='bbox 227 2443 261 2509; x_wconf 93' lang='lat' dir='ltr'>in</span> <span class='ocrx_word' id='word_1_152' title='bbox 284 2444 427 2510; x_wconf 83' lang='lat' dir='ltr'>exercitu</span> <span class='ocrx_word' id='word_1_153' title='bbox 449 2443 561 2509; x_wconf 92' lang='lat' dir='ltr'>Bituiti</span> <span class='ocrx_word' id='word_1_154' title='bbox 583 2443 684 2510; x_wconf 84' lang='lat' dir='ltr'>fuisse</span> <span class='ocrx_word' id='word_1_155' title='bbox 712 2442 896 2525; x_wconf 84' lang='lat' dir='ltr'>traduntur,</span> <span class='ocrx_word' id='word_1_156' title='bbox 928 2462 969 2509; x_wconf 83' lang='lat' dir='ltr'>ex</span> <span class='ocrx_word' id='word_1_157' title='bbox 997 2443 1115 2528; x_wconf 86' lang='lat' dir='ltr'>quibus</span> <span class='ocrx_word' id='word_1_158' title='bbox 1144 2451 1273 2509; x_wconf 86' lang='lat' dir='ltr'>eentum</span> 
     </span>
     <span class='ocr_line' id='line_1_21' title="bbox 98 2552 1273 2637; baseline 0.001 -21"><span class='ocrx_word' id='word_1_159' title='bbox 98 2552 337 2637; x_wconf 87' lang='lat' dir='ltr'>quinquaginta</span> <span class='ocrx_word' id='word_1_160' title='bbox 369 2554 460 2619; x_wconf 85' lang='lat' dir='ltr'>milia</span> <span class='ocrx_word' id='word_1_161' title='bbox 492 2554 545 2619; x_wconf 92' lang='lat' dir='ltr'>uel</span> <span class='ocrx_word' id='word_1_162' title='bbox 576 2572 674 2620; x_wconf 85' lang='lat' dir='ltr'>oaesa</span> <span class='ocrx_word' id='word_1_163' title='bbox 706 2553 759 2618; x_wconf 92' lang='lat' dir='ltr'>uel</span> <span class='ocrx_word' id='word_1_164' title='bbox 786 2571 894 2618; x_wconf 85' lang='lat' dir='ltr'>mersa</span> <span class='ocrx_word' id='word_1_165' title='bbox 921 2560 1004 2619; x_wconf 91' lang='lat' dir='ltr'>sunt.</span> <span class='ocrx_word' id='word_1_166' title='bbox 1048 2560 1116 2618; x_wconf 92' lang='lat' dir='ltr'>tum</span> <span class='ocrx_word' id='word_1_167' title='bbox 1139 2552 1273 2637; x_wconf 87' lang='lat' dir='ltr'>quidam</span> 
     </span>
     <span class='ocr_line' id='line_1_22' title="bbox 98 2662 1273 2747; baseline 0.003 -23"><span class='ocrx_word' id='word_1_168' title='bbox 98 2662 263 2728; x_wconf 89' lang='lat' dir='ltr'>Romanus</span> <span class='ocrx_word' id='word_1_169' title='bbox 292 2664 385 2729; x_wconf 88' lang='lat' dir='ltr'>miles</span> <span class='ocrx_word' id='word_1_170' title='bbox 421 2663 552 2728; x_wconf 91' lang='lat' dir='ltr'>nomine</span> <span class='ocrx_word' id='word_1_171' title='bbox 587 2662 747 2729; x_wconf 84' lang='lat' dir='ltr'>Sertorius</span> <span class='ocrx_word' id='word_1_172' title='bbox 781 2663 982 2747; x_wconf 90' lang='lat' dir='ltr'>insequendo</span> <span class='ocrx_word' id='word_1_173' title='bbox 1017 2662 1130 2730; x_wconf 87' lang='lat' dir='ltr'>Gallos</span> <span class='ocrx_word' id='word_1_174' title='bbox 1166 2663 1273 2729; x_wconf 88' lang='lat' dir='ltr'>iaeulo</span> 
     </span>
     <span class='ocr_line' id='line_1_23' title="bbox 99 2769 1275 2858; baseline 0.005 -25"><span class='ocrx_word' id='word_1_175' title='bbox 99 2769 135 2834; x_wconf 93' lang='lat' dir='ltr'>in</span> <span class='ocrx_word' id='word_1_176' title='bbox 167 2771 258 2834; x_wconf 88' lang='lat' dir='ltr'>oeulo</span> <span class='ocrx_word' id='word_1_177' title='bbox 291 2778 421 2855; x_wconf 79' lang='lat' dir='ltr'>accepto</span> <span class='ocrx_word' id='word_1_178' title='bbox 443 2773 595 2838; x_wconf 83' lang='lat' dir='ltr'>loricatus</span> <span class='ocrx_word' id='word_1_179' title='bbox 625 2771 764 2850; x_wconf 86' lang='lat' dir='ltr'>[hastam</span> <span class='ocrx_word' id='word_1_180' title='bbox 796 2793 892 2856; x_wconf 88' lang='lat' dir='ltr'>quam</span> <span class='ocrx_word' id='word_1_181' title='bbox 924 2774 958 2838; x_wconf 94' lang='lat' dir='ltr'>in</span> <span class='ocrx_word' id='word_1_182' title='bbox 990 2774 1081 2839; x_wconf 90' lang='lat' dir='ltr'>oeulo</span> <span class='ocrx_word' id='word_1_183' title='bbox 1103 2779 1275 2858; x_wconf 85' lang='lat' dir='ltr'>aoeeperat</span> 
     </span>
     <span class='ocr_line' id='line_1_24' title="bbox 99 2877 1275 2968; baseline 0.005 -26"><span class='ocrx_word' id='word_1_184' title='bbox 99 2877 176 2956; x_wconf 80' lang='lat' dir='ltr'>lixa]</span> <span class='ocrx_word' id='word_1_185' title='bbox 205 2879 397 2946; x_wconf 84' lang='lat' dir='ltr'>Rhodanum</span> <span class='ocrx_word' id='word_1_186' title='bbox 418 2882 635 2947; x_wconf 88' lang='lat' dir='ltr'>transnatauit</span> <span class='ocrx_word' id='word_1_187' title='bbox 656 2889 687 2947; x_wconf 94' lang='lat' dir='ltr'>et</span> <span class='ocrx_word' id='word_1_188' title='bbox 708 2882 752 2947; x_wconf 89' lang='lat' dir='ltr'>ad</span> <span class='ocrx_word' id='word_1_189' title='bbox 774 2902 851 2949; x_wconf 84' lang='lat' dir='ltr'>euos</span> <span class='ocrx_word' id='word_1_190' title='bbox 873 2900 1023 2950; x_wconf 88' lang='lat' dir='ltr'>reuersus</span> <span class='ocrx_word' id='word_1_191' title='bbox 1046 2890 1105 2950; x_wconf 91' lang='lat' dir='ltr'>est.</span> <span class='ocrx_word' id='word_1_192' title='bbox 1150 2882 1275 2968; x_wconf 86' lang='lat' dir='ltr'>praeda</span> 
     </span>
     <span class='ocr_line' id='line_1_25' title="bbox 98 2990 1274 3078; baseline 0.003 -24"><span class='ocrx_word' id='word_1_193' title='bbox 98 3008 141 3054; x_wconf 89' lang='lat' dir='ltr'>ex</span> <span class='ocrx_word' id='word_1_194' title='bbox 162 2991 329 3073; x_wconf 84' lang='lat' dir='ltr'>torquibus</span> <span class='ocrx_word' id='word_1_195' title='bbox 352 2990 518 3056; x_wconf 81' lang='lat' dir='ltr'>Gallorum</span> <span class='ocrx_word' id='word_1_196' title='bbox 545 2990 661 3075; x_wconf 88' lang='lat' dir='ltr'>ingens</span> <span class='ocrx_word' id='word_1_197' title='bbox 683 2993 817 3058; x_wconf 87' lang='lat' dir='ltr'>Romam</span> <span class='ocrx_word' id='word_1_198' title='bbox 838 2994 965 3078; x_wconf 86' lang='lat' dir='ltr'>perlata</span> <span class='ocrx_word' id='word_1_199' title='bbox 986 2999 1045 3059; x_wconf 89' lang='lat' dir='ltr'>est.</span> <span class='ocrx_word' id='word_1_200' title='bbox 1088 2993 1232 3060; x_wconf 90' lang='lat' dir='ltr'>Bituitus</span> <span class='ocrx_word' id='word_1_201' title='bbox 1253 3012 1274 3058; x_wconf 88' lang='lat' dir='ltr'>a</span> 
     </span>
     <span class='ocr_line' id='line_1_26' title="bbox 99 3098 1273 3186; baseline 0.009 -26"><span class='ocrx_word' id='word_1_202' title='bbox 99 3098 240 3163; x_wconf 89' lang='lat' dir='ltr'>Domitio</span> <span class='ocrx_word' id='word_1_203' title='bbox 263 3098 323 3165; x_wconf 90' lang='lat' dir='ltr'>sub</span> <span class='ocrx_word' id='word_1_204' title='bbox 346 3099 420 3165; x_wconf 93' lang='lat' dir='ltr'>dolo</span> <span class='ocrx_word' id='word_1_205' title='bbox 452 3102 543 3186; x_wconf 87' lang='lat' dir='ltr'>paois</span> <span class='ocrx_word' id='word_1_206' title='bbox 566 3110 679 3186; x_wconf 88' lang='lat' dir='ltr'>eaptus</span> <span class='ocrx_word' id='word_1_207' title='bbox 700 3108 798 3186; x_wconf 87' lang='lat' dir='ltr'>atque</span> <span class='ocrx_word' id='word_1_208' title='bbox 825 3103 866 3168; x_wconf 85' lang='lat' dir='ltr'>ab</span> <span class='ocrx_word' id='word_1_209' title='bbox 896 3121 934 3168; x_wconf 91' lang='lat' dir='ltr'>eo</span> <span class='ocrx_word' id='word_1_210' title='bbox 956 3102 1091 3167; x_wconf 88' lang='lat' dir='ltr'>Romam</span> <span class='ocrx_word' id='word_1_211' title='bbox 1114 3100 1273 3170; x_wconf 78' lang='lat' dir='ltr'>deductus</span> 
     </span>
     <span class='ocr_line' id='line_1_27' title="bbox 99 3209 1075 3296; baseline 0.007 -26"><span class='ocrx_word' id='word_1_212' title='bbox 99 3213 149 3272; x_wconf 85' lang='lat' dir='ltr'>est</span> <span class='ocrx_word' id='word_1_213' title='bbox 172 3226 353 3291; x_wconf 85' lang='lat' dir='ltr'>magnaque</span> <span class='ocrx_word' id='word_1_214' title='bbox 373 3209 478 3291; x_wconf 85' lang='lat' dir='ltr'>gloria</span> <span class='ocrx_word' id='word_1_215' title='bbox 499 3212 648 3278; x_wconf 88' lang='lat' dir='ltr'>eonsules</span> <span class='ocrx_word' id='word_1_216' title='bbox 670 3212 765 3276; x_wconf 85' lang='lat' dir='ltr'>ambo</span> <span class='ocrx_word' id='word_1_217' title='bbox 787 3210 1075 3296; x_wconf 88' lang='lat' dir='ltr'>triumphauerunt.</span> 
     </span>
    </p>

    <p class='ocr_par' dir='ltr' id='par_1_5' title="bbox 98 3316 1274 3736">
     <span class='ocr_line' id='line_1_28' title="bbox 183 3316 1272 3388; baseline 0.008 -9"><span class='ocrx_word' id='word_1_218' title='bbox 183 3316 277 3380; x_wconf 84' lang='lat' dir='ltr'>Anno</span> <span class='ocrx_word' id='word_1_219' title='bbox 301 3316 342 3380; x_wconf 89' lang='lat' dir='ltr'>ab</span> <span class='ocrx_word' id='word_1_220' title='bbox 365 3317 444 3382; x_wconf 92' lang='lat' dir='ltr'>urbe</span> <span class='ocrx_word' id='word_1_221' title='bbox 466 3318 596 3385; x_wconf 80' lang='lat' dir='ltr'>condita</span> <span class='ocrx_word' id='word_1_222' title='bbox 617 3321 852 3387; x_wconf 80' lang='lat' dir='ltr'>sexcentesimo</span> <span class='ocrx_word' id='word_1_223' title='bbox 874 3321 1037 3387; x_wconf 87' lang='lat' dir='ltr'>trioesimo</span> <span class='ocrx_word' id='word_1_224' title='bbox 1051 3321 1147 3386; x_wconf 89' lang='lat' dir='ltr'>tertio</span> <span class='ocrx_word' id='word_1_225' title='bbox 1162 3320 1272 3388; x_wconf 81' lang='lat' dir='ltr'>Mareu</span> 
     </span>
     <span class='ocr_line' id='line_1_29' title="bbox 99 3423 1273 3514; baseline 0.008 -27"><span class='ocrx_word' id='word_1_226' title='bbox 99 3423 212 3488; x_wconf 91' lang='lat' dir='ltr'>Poroio</span> <span class='ocrx_word' id='word_1_227' title='bbox 235 3423 358 3491; x_wconf 82' lang='lat' dir='ltr'>Catone</span> <span class='ocrx_word' id='word_1_228' title='bbox 380 3432 412 3491; x_wconf 92' lang='lat' dir='ltr'>et</span> <span class='ocrx_word' id='word_1_229' title='bbox 434 3427 552 3505; x_wconf 88' lang='lat' dir='ltr'>Quinto</span> <span class='ocrx_word' id='word_1_230' title='bbox 574 3428 693 3494; x_wconf 80' lang='lat' dir='ltr'>liureio</span> <span class='ocrx_word' id='word_1_231' title='bbox 715 3432 804 3514; x_wconf 85' lang='lat' dir='ltr'>Rege</span> <span class='ocrx_word' id='word_1_232' title='bbox 826 3429 1012 3497; x_wconf 85' lang='lat' dir='ltr'>oonsulibus</span> <span class='ocrx_word' id='word_1_233' title='bbox 1035 3428 1176 3509; x_wconf 82' lang='lat' dir='ltr'>Quintus</span> <span class='ocrx_word' id='word_1_234' title='bbox 1190 3430 1273 3497; x_wconf 84' lang='lat' dir='ltr'>Mar·</span> 
     </span>
     <span class='ocr_line' id='line_1_30' title="bbox 103 3532 1273 3623; baseline 0.007 -26"><span class='ocrx_word' id='word_1_235' title='bbox 103 3532 174 3599; x_wconf 87' lang='lat' dir='ltr'>eius</span> <span class='ocrx_word' id='word_1_236' title='bbox 197 3536 310 3601; x_wconf 80' lang='lat' dir='ltr'>consul</span> <span class='ocrx_word' id='word_1_237' title='bbox 331 3533 498 3601; x_wconf 82' lang='lat' dir='ltr'>Gallorum</span> <span class='ocrx_word' id='word_1_238' title='bbox 526 3546 656 3622; x_wconf 80' lang='lat' dir='ltr'>gentem</span> <span class='ocrx_word' id='word_1_239' title='bbox 684 3539 744 3605; x_wconf 88' lang='lat' dir='ltr'>sub</span> <span class='ocrx_word' id='word_1_240' title='bbox 773 3539 882 3606; x_wconf 88' lang='lat' dir='ltr'>radioe</span> <span class='ocrx_word' id='word_1_241' title='bbox 903 3539 1034 3623; x_wconf 80' lang='lat' dir='ltr'>Alpium</span> <span class='ocrx_word' id='word_1_242' title='bbox 1063 3540 1160 3606; x_wconf 85' lang='lat' dir='ltr'>sitam</span> <span class='ocrx_word' id='word_1_243' title='bbox 1187 3540 1273 3606; x_wconf 91' lang='lat' dir='ltr'>bello</span> 
     </span>
     <span class='ocr_line' id='line_1_31' title="bbox 98 3641 1274 3736; baseline 0.007 -28"><span class='ocrx_word' id='word_1_244' title='bbox 98 3641 274 3726; x_wconf 87' lang='lat' dir='ltr'>adgressus</span> <span class='ocrx_word' id='word_1_245' title='bbox 297 3652 356 3712; x_wconf 90' lang='lat' dir='ltr'>est.</span> <span class='ocrx_word' id='word_1_246' title='bbox 401 3647 456 3731; x_wconf 86' lang='lat' dir='ltr'>qui</span> <span class='ocrx_word' id='word_1_247' title='bbox 478 3667 548 3713; x_wconf 92' lang='lat' dir='ltr'>eum</span> <span class='ocrx_word' id='word_1_248' title='bbox 572 3668 608 3716; x_wconf 86' lang='lat' dir='ltr'>se</span> <span class='ocrx_word' id='word_1_249' title='bbox 629 3649 785 3716; x_wconf 87' lang='lat' dir='ltr'>Romanis</span> <span class='ocrx_word' id='word_1_250' title='bbox 812 3650 914 3734; x_wconf 89' lang='lat' dir='ltr'>eopiis</span> <span class='ocrx_word' id='word_1_251' title='bbox 944 3650 1198 3736; x_wconf 85' lang='lat' dir='ltr'>eireumsaeptos</span> <span class='ocrx_word' id='word_1_252' title='bbox 1227 3650 1274 3716; x_wconf 93' lang='lat' dir='ltr'>ui·</span> 
     </span>
    </p>
   </div>
   <div class='ocr_carea' id='block_1_4' title="bbox 96 3873 1274 4503">
    <p class='ocr_par' dir='ltr' id='par_1_6' title="bbox 96 3873 1274 4503">
     <span class='ocr_line' id='line_1_32' title="bbox 169 3873 1274 3949; baseline 0.009 -23"><span class='ocrx_word' id='word_1_253' title='bbox 169 3873 300 3929; x_wconf 84' lang='lat' dir='ltr'>letnaB</span> <span class='ocrx_word' id='word_1_254' title='bbox 350 3876 578 3931; x_wconf 81' lang='lat' dir='ltr'>loorrueruntl)</span> <span class='ocrx_word' id='word_1_255' title='bbox 628 3882 759 3932; x_wconf 72' lang='lat' dir='ltr'>bootauo</span> <span class='ocrx_word' id='word_1_256' title='bbox 768 3877 867 3932; x_wconf 83' lang='lat' dir='ltr'>Fabrui</span> <span class='ocrx_word' id='word_1_257' title='bbox 876 3879 967 3934; x_wconf 84' lang='lat' dir='ltr'>conlui</span> <span class='ocrx_word' id='word_1_258' title='bbox 981 3879 1079 3935; x_wconf 80' lang='lat' dir='ltr'>bituito</span> <span class='ocrx_word' id='word_1_259' title='bbox 1088 3877 1133 3947; x_wconf 65' lang='lat' dir='ltr'>(P,</span> <span class='ocrx_word' id='word_1_260' title='bbox 1187 3883 1274 3949; x_wconf 74' lang='lat' dir='ltr'>bregr</span> 
     </span>
     <span class='ocr_line' id='line_1_33' title="bbox 99 3964 1272 4041; baseline 0.006 -23"><span class='ocrx_word' id='word_1_261' title='bbox 99 3964 182 4020; x_wconf 85' lang='lat' dir='ltr'>orben</span> <span class='ocrx_word' id='word_1_262' title='bbox 197 3967 201 4033; x_wconf 79' lang='grc'>1</span> <span class='ocrx_word' id='word_1_263' title='bbox 217 3982 313 4021; x_wconf 88' lang='lat' dir='ltr'>norum</span> <span class='ocrx_word' id='word_1_264' title='bbox 330 3967 357 4022; x_wconf 86' lang='lat' dir='ltr'><em>D</em></span> <span class='ocrx_word' id='word_1_265' title='bbox 423 3972 602 4023; x_wconf 71' lang='lat' dir='ltr'>emaxrruum</span> <span class='ocrx_word' id='word_1_266' title='bbox 619 3971 777 4025; x_wconf 73' lang='lat' dir='ltr'>instructum</span> <span class='ocrx_word' id='word_1_267' title='bbox 795 3972 950 4041; x_wconf 81' lang='lat' dir='ltr'>oo‘parantra</span> <span class='ocrx_word' id='word_1_268' title='bbox 967 3972 1073 4028; x_wconf 77' lang='lat' dir='ltr'>ansol&gt;</span> <span class='ocrx_word' id='word_1_269' title='bbox 1145 3976 1177 4028; x_wconf 78' lang='grc'>13</span> <span class='ocrx_word' id='word_1_270' title='bbox 1194 3979 1222 4028; x_wconf 82' lang='lat' dir='ltr'>et</span> <span class='ocrx_word' id='word_1_271' title='bbox 1242 3975 1272 4026; x_wconf 79' lang='lat'>18</span> 
     </span>
     <span class='ocr_line' id='line_1_34' title="bbox 98 4055 1271 4139; baseline 0.008 -29"><span class='ocrx_word' id='word_1_272' title='bbox 98 4055 265 4125; x_wconf 83' lang='lat' dir='ltr'>lyntrrbulD</span> <span class='ocrx_word' id='word_1_273' title='bbox 316 4060 491 4116; x_wconf 77' lang='lat' dir='ltr'>ternrulteo</span> <span class='ocrx_word' id='word_1_274' title='bbox 541 4065 575 4114; x_wconf 82' lang='lat'>20</span> <span class='ocrx_word' id='word_1_275' title='bbox 591 4066 649 4115; x_wconf 91' lang='lat' dir='ltr'>tum</span> <span class='ocrx_word' id='word_1_276' title='bbox 666 4065 766 4134; x_wconf 79' lang='lat' dir='ltr'>scripsi</span> <span class='ocrx_word' id='word_1_277' title='bbox 773 4086 783 4116; x_wconf 86' lang='lat'>.·</span> <span class='ocrx_word' id='word_1_278' title='bbox 799 4079 879 4134; x_wconf 85' lang='lat' dir='ltr'>quam</span> <span class='ocrx_word' id='word_1_279' title='bbox 896 4063 949 4120; x_wconf 83' lang='lat' dir='ltr'>BP</span> <span class='ocrx_word' id='word_1_280' title='bbox 998 4069 1030 4120; x_wconf 83' lang='grc'>21</span> <span class='ocrx_word' id='word_1_281' title='bbox 1048 4064 1138 4121; x_wconf 78' lang='lat' dir='ltr'>iaculo</span> <span class='ocrx_word' id='word_1_282' title='bbox 1155 4066 1258 4139; x_wconf 76' lang='lat' dir='ltr'>scripsi</span> <span class='ocrx_word' id='word_1_283' title='bbox 1265 4083 1271 4115; x_wconf 75' lang='grc' dir='ltr'><strong>ι</strong></span> 
     </span>
     <span class='ocr_line' id='line_1_35' title="bbox 98 4149 1273 4227; baseline 0.01 -26"><span class='ocrx_word' id='word_1_284' title='bbox 98 4149 216 4204; x_wconf 82' lang='lat' dir='ltr'>iaculum</span> <span class='ocrx_word' id='word_1_285' title='bbox 226 4149 280 4206; x_wconf 76' lang='grc' dir='ltr'>ΒΡ</span> <span class='ocrx_word' id='word_1_286' title='bbox 329 4155 361 4205; x_wconf 87' lang='grc'>22</span> <span class='ocrx_word' id='word_1_287' title='bbox 379 4160 493 4221; x_wconf 86' lang='lat' dir='ltr'>accepto</span> <span class='ocrx_word' id='word_1_288' title='bbox 504 4153 632 4208; x_wconf 76' lang='lat' dir='ltr'>lomentui</span> <span class='ocrx_word' id='word_1_289' title='bbox 646 4155 731 4208; x_wconf 81' lang='lat' dir='ltr'>sitam</span> <span class='ocrx_word' id='word_1_290' title='bbox 749 4159 798 4217; x_wconf 81' lang='lat' dir='ltr'>(itu</span> <span class='ocrx_word' id='word_1_291' title='bbox 807 4155 840 4217; x_wconf 67' lang='lat' dir='ltr'>Pi</span> <span class='ocrx_word' id='word_1_292' title='bbox 858 4173 939 4227; x_wconf 84' lang='lat' dir='ltr'>quarn</span> <span class='ocrx_word' id='word_1_293' title='bbox 956 4173 984 4211; x_wconf 87' lang='lat' dir='ltr'>rn</span> <span class='ocrx_word' id='word_1_294' title='bbox 996 4159 1075 4215; x_wconf 76' lang='lat' dir='ltr'>nemo</span> <span class='ocrx_word' id='word_1_295' title='bbox 1086 4159 1137 4214; x_wconf 77' lang='lat' dir='ltr'>bas.</span> <span class='ocrx_word' id='word_1_296' title='bbox 1149 4157 1184 4224; x_wconf 85' lang='lat' dir='ltr'>B,</span> <span class='ocrx_word' id='word_1_297' title='bbox 1199 4157 1273 4213; x_wconf 74' lang='lat' dir='ltr'>sotus</span> 
     </span>
     <span class='ocr_line' id='line_1_36' title="bbox 98 4237 1272 4322; baseline 0.011 -30"><span class='ocrx_word' id='word_1_298' title='bbox 98 4237 222 4295; x_wconf 73' lang='lat' dir='ltr'>batert&gt;</span> <span class='ocrx_word' id='word_1_299' title='bbox 287 4247 320 4298; x_wconf 85' lang='grc'>23</span> <span class='ocrx_word' id='word_1_300' title='bbox 337 4244 470 4300; x_wconf 86' lang='lat' dir='ltr'>rodanum</span> <span class='ocrx_word' id='word_1_301' title='bbox 487 4246 514 4301; x_wconf 85' lang='lat' dir='ltr'><em>D</em></span> <span class='ocrx_word' id='word_1_302' title='bbox 575 4252 644 4318; x_wconf 84' lang='lat' dir='ltr'>post</span> <span class='ocrx_word' id='word_1_303' title='bbox 667 4249 847 4303; x_wconf 71' lang='lat' dir='ltr'>transnatant</span> <span class='ocrx_word' id='word_1_304' title='bbox 870 4250 932 4305; x_wconf 79' lang='lat' dir='ltr'>odd.</span> <span class='ocrx_word' id='word_1_305' title='bbox 951 4250 987 4305; x_wconf 84' lang='lat' dir='ltr'>ad</span> <span class='ocrx_word' id='word_1_306' title='bbox 1004 4250 1031 4306; x_wconf 86' lang='lat' dir='ltr'><em>D</em></span> <span class='ocrx_word' id='word_1_307' title='bbox 1116 4255 1151 4306; x_wconf 80' lang='grc'>24</span> <span class='ocrx_word' id='word_1_308' title='bbox 1168 4250 1272 4322; x_wconf 79' lang='lat' dir='ltr'>perlata</span> 
     </span>
     <span class='ocr_line' id='line_1_37' title="bbox 96 4333 1271 4406; baseline 0.014 -22"><span class='ocrx_word' id='word_1_309' title='bbox 96 4333 211 4402; x_wconf 70' lang='lat' dir='ltr'>empti:</span> <span class='ocrx_word' id='word_1_310' title='bbox 232 4335 337 4403; x_wconf 82' lang='lat' dir='ltr'>prelata</span> <span class='ocrx_word' id='word_1_311' title='bbox 354 4336 397 4402; x_wconf 86' lang='lat' dir='ltr'>D,</span> <span class='ocrx_word' id='word_1_312' title='bbox 414 4338 537 4406; x_wconf 85' lang='lat' dir='ltr'>praelata</span> <span class='ocrx_word' id='word_1_313' title='bbox 553 4338 580 4392; x_wconf 91' lang='lat' dir='ltr'><em>P</em></span> <span class='ocrx_word' id='word_1_314' title='bbox 628 4341 743 4394; x_wconf 81' lang='lat' dir='ltr'>urtuutui</span> <span class='ocrx_word' id='word_1_315' title='bbox 758 4340 811 4395; x_wconf 82' lang='lat' dir='ltr'>BP</span> <span class='ocrx_word' id='word_1_316' title='bbox 864 4341 938 4398; x_wconf 87' lang='lat' dir='ltr'>aP:</span> <span class='ocrx_word' id='word_1_317' title='bbox 960 4358 994 4399; x_wconf 87' lang='lat' dir='ltr'>ae</span> <span class='ocrx_word' id='word_1_318' title='bbox 1011 4343 1038 4399; x_wconf 81' lang='grc' dir='ltr'>Ι)</span> <span class='ocrx_word' id='word_1_319' title='bbox 1122 4348 1157 4400; x_wconf 77' lang='grc'>26</span> <span class='ocrx_word' id='word_1_320' title='bbox 1175 4351 1271 4402; x_wconf 75' lang='lat' dir='ltr'>anun-</span> 
     </span>
     <span class='ocr_line' id='line_1_38' title="bbox 99 4422 847 4503; baseline 0.016 -26"><span class='ocrx_word' id='word_1_321' title='bbox 99 4422 218 4492; x_wconf 89' lang='lat' dir='ltr'>pharunt</span> <span class='ocrx_word' id='word_1_322' title='bbox 235 4425 262 4479; x_wconf 91' lang='lat' dir='ltr'><em>P</em></span> <span class='ocrx_word' id='word_1_323' title='bbox 328 4432 360 4483; x_wconf 74' lang='grc'>28</span> <span class='ocrx_word' id='word_1_324' title='bbox 379 4444 479 4485; x_wconf 79' lang='lat' dir='ltr'>marono</span> <span class='ocrx_word' id='word_1_325' title='bbox 496 4445 558 4501; x_wconf 87' lang='lat' dir='ltr'>rege</span> <span class='ocrx_word' id='word_1_326' title='bbox 576 4430 617 4487; x_wconf 90' lang='lat' dir='ltr'>P:</span> <span class='ocrx_word' id='word_1_327' title='bbox 634 4447 724 4488; x_wconf 87' lang='lat' dir='ltr'>marco</span> <span class='ocrx_word' id='word_1_328' title='bbox 742 4449 804 4503; x_wconf 84' lang='lat' dir='ltr'>rege</span> <span class='ocrx_word' id='word_1_329' title='bbox 820 4433 847 4489; x_wconf 80' lang='lat' dir='ltr'>b</span> 
     </span>
    </p>
   </div>
   <div class='ocr_carea' id='block_1_5' title="bbox 0 0 1424 5394">
    <p class='ocr_par' dir='ltr' id='par_1_7' title="bbox 0 0 1424 5394">
     <span class='ocr_line' id='line_1_39' title="bbox 0 0 1424 5394; baseline 0 0"><span class='ocrx_word' id='word_1_330' title='bbox 0 0 1424 5394; x_wconf 95' lang='lat' dir='ltr'> </span> 
     </span>
    </p>
   </div>
  </div>
 </body>
</html>
