2834 5394
10 39 27 389 Ι
882 92 887 103 ο

470 676 543 724 cun.
565 675 775 726 xxu1-xxv1
1145 664 1209 726 259

73 827 153 894 stinuit
177 845 251 893 enm
280 828 361 895 urbe
387 828 482 913 regia
508 835 541 895 et
562 828 651 896 misit
671 828 893 896 Nicomediam
925 830 1131 915 praecipiens
1164 850 1207 897 ne

72 939 220 1005 conueniret
245 937 337 1024 apud
356 938 529 1005 Libanium
558 939 737 1024 sophistam
765 941 892 1025 Syrum.
936 948 1012 1006 tuno
1040 941 1126 1007 enim
1155 941 1207 1007 Li-

72 1048 154 1117 imm
171 1069 193 1116 a
213 1049 416 1135 paedagogis
431 1049 712 1135 Constantinopoli
735 1053 890 1136 expulsus
911 1051 1121 1118 Nicomediae
1142 1072 1207 1117 mo

70 1159 174 1227 nhatur.
223 1158 456 1246 prohibebatur
486 1178 564 1244 ergo
596 1161 743 1227 Iulianus
774 1160 862 1246 apud
895 1161 1068 1227 Libanium
1098 1163 1208 1246 legere

50 1278 96 1334 teo
110 1269 181 1356 qnod
192 1290 344 1356 paganus
358 1276 455 1352 esset
479 1289 591 1336 uerum
611 1278 721 1337 tamen
742 1270 897 1337 librorum
920 1274 991 1339 eius
1014 1271 1207 1339 lectionibus

69 1381 188 1447 utebatur.

125 1491 263 1574 Cumque
284 1490 453 1576 proficeret
479 1490 648 1575 rhetorica,
680 1493 869 1576 superuenit
889 1492 1082 1559 Nicomedia
1103 1492 1204 1558 Maxi·
1219 1483 1313 1551 XXV

68 1621 116 1668 nus
131 1600 341 1687 philosophus
362 1620 429 1667 non
450 1600 506 1665 illo
527 1601 705 1685 Byzantius
734 1608 828 1686 pater
849 1601 993 1669 Euclidis
1016 1601 1075 1668 sed
1100 1602 1206 1687 Ephe·

67 1709 123 1793 sins,
140 1732 232 1795 quem
254 1718 368 1797 postea
392 1710 486 1795 quasi
508 1719 595 1778 artes
617 1713 762 1795 magicas
785 1719 987 1778 exercentem
1010 1712 1207 1778 Valentinia·
1246 1763 1249 1768 .

30 1822 109 1887 ¹⁰nns
130 1823 299 1908 inperator
331 1820 497 1906 praecepit
527 1820 640 1887 occidi.
697 1829 773 1887 tunc
806 1823 904 1905 igitur
936 1842 1001 1886 non
1033 1822 1075 1887 ob
1107 1823 1207 1889 aliam

66 1948 164 1998 eausam
175 1930 400 1999 Nicomediam
421 1938 557 1997 uenerat
578 1932 641 1998 nisi
656 1933 774 1997 luliani
797 1933 884 1998 fama
905 1939 1095 2016 protractus.
1118 1930 1207 2015 apud
1293 1976 1297 1981 -

65 2059 134 2122 quen
151 2042 296 2109 lulianus
324 2061 396 2107 cunr
423 2040 525 2107 uerba
553 2042 780 2127 philosophica
807 2048 1064 2126 praegustasset,
1101 2041 1208 2126 coepit

66 2149 136 2217 etiam
153 2152 292 2219 doctoris
313 2151 434 2217 imitari
456 2152 655 2235 religionem.
699 2152 728 2218 is
759 2153 843 2218 enim
872 2152 969 2217 etiam
998 2151 1125 2237 imperii
1154 2170 1207 2217 ou·

65 2257 175 2341 pidinem
196 2262 340 2328 animum
362 2261 432 2327 eius
455 2261 641 2328 immiserat.
674 2282 745 2327 cum
759 2263 840 2329 haec
862 2282 927 2327 non
949 2262 1088 2328 laterent
1109 2281 1206 2327 aures

27 2365 249 2454 ”inperatoria
289 2372 373 2437 inter
406 2391 496 2456 spem
526 2379 709 2456 metumque
742 2373 949 2450 constitutus,
987 2372 1205 2458 suspicionem
1313 2414 1316 2419 -

65 2477 143 2546 celare
160 2483 281 2562 uolens,
309 2482 386 2565 quia
408 2480 605 2565 quidudum
629 2482 755 2565 intcger
776 2482 880 2547 fuerat
903 2480 1117 2563 Christianus,
1149 2501 1205 2566 po-

65 2590 117 2652 stea
131 2591 268 2675 proditor
289 2597 340 2658 est
362 2591 504 2671 effectus,
527 2599 640 2658 tonsus
663 2591 884 2657 monachicam
907 2591 1082 2657 simulabat
1103 2591 1204 2657 uitam

65 2697 222 2768 ethtenter
244 2699 374 2786 quidem
396 2700 606 2767 exercebatur
635 2703 669 2766 in
699 2701 934 2786 philosophica,
971 2702 1005 2766 in
1034 2701 1205 2766 manifesto

65 2813 142 2874 auhn
161 2829 270 2877 sacros
293 2810 550 2876 Christianorum
578 2812 708 2894 legebat
736 2811 846 2877 libros.
890 2809 1030 2891 denique
1051 2811 1085 2874 in
1108 2810 1205 2874 cccle-

27 2913 101 2980 nah
114 2919 312 2987 Nicomediae
333 2921 433 2985 lector
455 2927 506 2987 est
527 2923 719 2988 constitutus
742 2927 775 2986 et
796 2920 925 2985 diuinos
948 2918 1075 2985 codices
1098 2919 1131 2983 in
1155 2937 1204 2984 ec·

64 3023 138 3094 cloia
156 3032 275 3116 populo
298 3030 449 3096 audiente
471 3031 610 3114 legebat.
654 3051 750 3115 porro
772 3030 832 3097 suh
855 3029 915 3093 hoc
937 3028 1050 3093 habitu
1065 3028 1204 3093 furorem

64 3129 207 3207 dochnauit
239 3141 453 3225 imperatoris.
497 3140 578 3206 haec
613 3140 763 3224 equidem
797 3160 856 3224 per
888 3140 1034 3205 timorem
1066 3138 1206 3203 faciebat

62 3262 233 3334 nequaqnam
256 3271 277 3316 a
298 3269 357 3335 spe
378 3249 534 3316 recedens
558 3270 653 3333 quam
677 3259 784 3316 mente
806 3258 998 3334 conceperat
1013 3248 1205 3331 dicebatque

62 3353 178 3434 nimmia
200 3361 377 3426 amicorum
399 3380 529 3426 suorum
559 3360 669 3425 felicia
701 3361 768 3425 fore
801 3367 948 3443 tempora
981 3358 1098 3442 quibus
1131 3358 1202 3440 ipse

63 3480 140 3532 rtrum
158 3471 323 3554 potiretur.

32 3559 53 3612 ²⁵
122 3579 193 3646 Post
222 3580 389 3665 paululum
415 3599 493 3645 uero
525 3586 691 3663 perempto
714 3577 809 3644 Gallo
839 3586 972 3664 repente
993 3579 1141 3644 Iulianus
1169 3576 1205 3642 fit
1228 3580 1339 3646 XXVI

65 3696 201 3770 mpcctus
224 3690 411 3774 imperatori
434 3689 489 3773 qui
511 3689 608 3755 etiam
632 3709 704 3754 eum
727 3689 880 3755 custodiri
896 3689 1064 3773 praecepit
1079 3695 1111 3754 et
1125 3686 1203 3753 dum

63 3787 117 3875 luge
140 3799 248 3885 lapsus
280 3799 403 3880 fuisset,
440 3798 571 3865 diuersa
601 3800 673 3863 loca
704 3797 929 3863 circumeundo
963 3800 1109 3866 saluatus
1143 3804 1203 3864 est.

64 3898 151 3989 hrono
176 3929 249 3976 sero
279 3929 360 3974 uxor
382 3909 585 3993 imperatoris
608 3909 751 3975 Eusebia
772 3910 910 3974 celatum
933 3910 1103 3974 inucrriens
1131 3927 1205 3992 sup-

66 4008 166 4088 llitauit
185 4019 373 4105 imperatori
395 4026 555 4104 quatenus
576 4019 657 4084 nihil
680 4019 758 4084 mali
779 4025 943 4104 pateretur
967 4017 1024 4084 sed
1047 4023 1081 4082 ut
1095 4017 1203 4100 potius

31 4104 389 4216 ldphhosophandum
410 4131 589 4195 mitteretur
610 4128 766 4195 Athenas.
811 4128 916 4213 coepit
937 4128 1036 4211 igitur
1056 4127 1202 4193 Iulianus

68 4223 213 4315 imperialia
234 4247 362 4324 sceptra
384 4238 580 4306 desiderare.
626 4259 722 4321 quam
752 4238 792 4302 ob
821 4257 888 4303 rcm
918 4238 1103 4304 discurrens
1134 4235 1203 4300 uni·

67 4352 160 4413 utnon
179 4349 350 4416 Helladam
373 4356 465 4416 uates
488 4349 665 4432 quaerebat
695 4369 854 4434 responsa
883 4347 1057 4415 reddentes
1089 4365 1203 4411 consu·

67 4442 116 4518 litt
132 4459 154 4523 si
175 4461 216 4527 ad
238 4481 331 4528 suum
354 4459 521 4545 imperinm
543 4461 728 4544 perueniret
748 4459 936 4543 inuenitque
965 4459 1070 4523 uirum
1093 4456 1147 4540 qui
1172 4457 1201 4521 ci

68 4605 336 4633 x..—

113 4706 378 4782 ieonltantmopohm
396 4711 423 4767 D
474 4710 624 4767 nicomedia
641 4710 667 4764 ll
753 4708 961 4765 ShrzantruiD
1039 4713 1068 4763 12
1088 4706 1202 4778 ceprtD

69 4788 90 4842 ¹³
102 4793 197 4859 ltehnl
210 4835 245 4847 -
262 4819 331 4861 enrm
349 4804 445 4861 onuD
513 4808 545 4857 27
566 4802 757 4859 circumeunda
774 4801 809 4856 θ’
878 4807 911 4858 30
930 4802 1047 4872 ceprtll

940 4906 996 4958 tt*
