2834 5394
536 717 610 766 cnr.
632 719 775 768 rur-xv
1186 706 1247 770 473

75 878 128 939 tus
143 890 221 956 ergo
235 876 286 938 eet
300 869 532 937 Constantinus
554 889 593 936 eo
615 868 701 952 qnod
722 871 795 956 ipse
817 871 906 938 solus
921 870 1090 938 redimitus
1106 877 1165 953 est¹
1188 871 1250 938 tra·

75 988 142 1049 tres
163 988 271 1047 autem
293 980 364 1046 eius
385 980 507 1046 nullam
530 978 722 1064 dignitatem
736 980 904 1047 habebant
918 986 950 1046 θῖ
963 981 1064 1049 misso
1078 980 1249 1047 Theodoro

76 1091 212 1176 petrioio
227 1089 381 1156 Coloniae
402 1088 563 1173 mitigauit
585 1108 641 1157 eos
663 1089 900 1175 superlaudans
922 1091 996 1159 illos
1018 1097 1051 1157 et
1072 1092 1249 1176 assumptis

77 1221 119 1268 ex
140 1200 189 1267 eis
209 1199 385 1266 maioribus
405 1206 486 1264 natu
506 1205 542 1266 ut
562 1199 674 1265 urbem
697 1198 944 1284 ingrederentur
965 1202 1092 1284 rogauit
1119 1208 1151 1268 et
1178 1220 1250 1267 eum

45 1317 195 1379 osenatu
221 1310 341 1377 inirent
368 1309 539 1376 eonsilium
566 1316 601 1375 ut
623 1309 715 1375 fieret
737 1309 886 1376 uoluntas
909 1329 1029 1376 eorum.
1074 1311 1250 1394 imperator

77 1421 185 1487 taliter
204 1419 265 1487 hos
286 1416 438 1504 deceptos
460 1419 628 1486 eonfestim
656 1419 690 1484 in
711 1418 858 1504 patibulo
880 1419 1053 1505 suspendit
1075 1427 1164 1488 trans
1186 1421 1249 1487 fre·

78 1537 145 1596 tum
173 1530 207 1596 in
228 1530 339 1615 Syoes.
383 1535 417 1594 at
442 1529 490 1594 illi
518 1528 580 1595 hoe
607 1529 679 1596 uiso
709 1529 833 1595 confusi
864 1529 1013 1596 abierunt
1039 1531 1187 1598 dolenter
1207 1528 1251 1595 ad

78 1639 219 1725 propria.
263 1640 437 1723 imperator
459 1645 566 1704 autem
588 1639 723 1704 fratrum
745 1657 877 1704 suorum
899 1640 1052 1706 oontinuo
1074 1660 1173 1708 nasos
1195 1639 1251 1704 ab·

80 1748 185 1817 soidit.
463 1818 467 1823 ,
1280 1832 1283 1839 ¹

33 1872 65 1924 so
165 1859 260 1925 Anno
281 1858 409 1944 imperii
424 1857 627 1925 Constantini
650 1856 792 1925 seeundo
813 1864 989 1943 tempestas
1004 1879 1123 1944 magna
1138 1857 1255 1925 effoeta

82 1976 132 2036 est
152 1975 185 2034 et
206 1966 296 2033 multi
318 1967 490 2052 periclitati
512 1973 587 2034 sunt
608 1973 674 2032 tam
701 1967 850 2035 homines
871 1989 968 2054 quam
990 1971 1125 2037 bestiae.
1168 1968 1254 2034 Pha-

81 2078 174 2145 dalas
195 2083 302 2143 autem
325 2075 574 2162 hiemem-apud
596 2075 749 2162 Cizyoum
770 2078 854 2143 feeit

165 2187 261 2254 Anno
283 2187 411 2271 imperii
433 2185 638 2253 Constantini
659 2186 752 2251 tertio
773 2186 880 2255 Busur
910 2207 981 2253 oum
1010 2189 1121 2255 hostili
1148 2190 1255 2275 proie-

83 2303 153 2364 ctus
185 2304 235 2364 θεῖ
264 2303 425 2382 apparatu
457 2301 490 2362 et
520 2296 669 2379 plurimis
702 2296 840 2382 eaptiuis
874 2296 978 2364 duotis
1012 2318 1162 2366 reuersus
1195 2307 1255 2368 θεῖ.

36 2428 68 2479 15
84 2427 171 2473 anuo
192 2406 318 2492 imperii
340 2405 544 2472 Constantini
567 2411 680 2489 quarto
702 2407 854 2491 apparuit
880 2407 938 2474 iris
968 2408 1000 2473 in
1030 2409 1120 2475 eaelo
1141 2429 1256 2478 mense

83 2516 200 2584 Martio
221 2522 254 2582 θῖ
275 2516 404 2581 tremuit
425 2515 530 2582 omnis
552 2533 627 2580 earo
649 2515 696 2579 ita
718 2522 753 2581 ut
774 2514 918 2583 diaerent
939 2537 1052 2586 omnes
1074 2518 1161 2603 quod
1182 2539 1256 2585 oon·

83 2626 255 2695 summatio
276 2632 372 2691 esset.
417 2622 530 2691 eodem
553 2645 638 2691 anno
661 2626 743 2691 stolo
765 2646 883 2710 magno
911 2634 1093 2693 oonstruoto
1122 2636 1256 2713 negato-

83 2754 135 2802 res
158 2734 279 2801 Christi
301 2732 508 2800 Muhammad
530 2733 653 2800 scilieet
675 2742 707 2800 θῖ
729 2733 870 2802 Cahisus
892 2737 1129 2820 nauigauerunt
1149 2739 1184 2804 in
1204 2737 1257 2803 Ci-

83 2845 192 2911 lioiam
214 2851 246 2910 θῖ
266 2844 400 2929 Lysiam
422 2850 454 2909 et
475 2843 661 2909 hiemauere
682 2863 784 2929 penes
807 2846 989 2930 Smyrnam.
1033 2854 1066 2912 et
1092 2847 1178 2913 faeta
1206 2854 1257 2914 est

36 2972 69 3024 20
84 2955 263 3021 mortalitas
284 2954 320 3019 in
340 2953 498 3038 Aegypto.
544 2954 663 3019 missus
686 2960 736 3019 θεῖ
757 2960 864 3018 autem
886 2955 1012 3022 Saeuus
1033 2956 1161 3023 Amires
1183 2975 1255 3022 oum

84 3065 150 3131 alio
172 3083 299 3149 quoque
323 3065 404 3130 stolo
427 3064 462 3129 in
484 3064 640 3129 auxilium
663 3063 805 3148 ipsorum
821 3070 931 3148 utpote
946 3066 1256 3149 congruentissimus

86 3181 118 3240 θῖ
139 3174 247 3240 audax
269 3172 312 3239 ad
334 3173 501 3258 proelium.
547 3180 581 3238 at
602 3193 680 3239 uero
696 3173 861 3255 praelatus
877 3172 1108 3242 Constantinus
1123 3175 1258 3242 huiusne

84 3283 172 3350 modi
208 3283 305 3349 deum
341 3283 599 3367 impugnantium
635 3283 793 3350 aduersus
823 3282 1136 3369 Constantinopolim
1172 3292 1260 3351 motu

85 3400 247 3479 oomperto
270 3392 449 3459 oonstruxit
477 3398 509 3456 θῖ
535 3392 608 3476 ipse
635 3391 743 3460 bieres
771 3393 874 3460 mirae
896 3392 1128 3478 magnitudinis
1152 3394 1260 3478 iguem

39 3519 72 3572 ns
88 3503 227 3569 ferentes
249 3510 346 3587 atque
368 3501 550 3568 dromones.

172 3610 267 3677 Anno
295 3611 424 3695 imperii
452 3609 656 3676 Constantini
685 3612 796 3695 quinto
823 3611 1009 3697 praediatus
1037 3613 1132 3680 deum
1160 3615 1260 3700 impu·
1282 3610 1344 3679 XV

85 3719 254 3804 gnantium
277 3721 377 3787 stolus
399 3719 579 3787 ascendens
602 3721 779 3805 applieauit
800 3723 834 3787 in
853 3722 1093 3791 Thraeensibus
1115 3725 1262 3810 partibus

85 3850 107 3896 a
136 3831 319 3897 summitate
346 3830 497 3897 uidelicet
519 3831 654 3915 Septimi
683 3851 766 3914 quae
795 3832 901 3915 uergit
929 3832 972 3898 ad
1000 3832 1198 3900 oooidentem
1227 3833 1262 3899 id

88 3947 139 4007 est
160 3961 182 4007 a
204 3939 299 4007 domo
323 3960 407 4025 quae
428 3940 608 4024 Magnaura
630 3939 747 4005 dieitur
769 3947 800 4006 et
821 3962 933 4008 rursus
955 3961 1057 4024 usque
1084 3943 1128 4009 ad
1155 3961 1262 4009 aroem

39 4074 71 4127 30
88 4070 185 4134 quam
200 4049 389 4137 Cyelobium
411 4051 522 4116 dieunt
543 4068 690 4134 quaeque
713 4056 838 4134 spectat
860 4049 902 4115 ad
924 4051 1090 4119 orientem.
1134 4072 1193 4137 per
1213 4058 1262 4117 to·

86 4165 154 4226 turn
177 4161 288 4245 itaque
310 4160 395 4226 diem
418 4160 604 4243 congressio
627 4158 704 4224 belli
727 4158 899 4224 tenebatur
920 4158 954 4224 id
977 4167 1026 4227 est
1047 4181 1069 4226 a
1089 4181 1186 4228 mane
1207 4183 1261 4229 us-

87 4288 149 4351 que
171 4269 215 4335 ad
238 4289 411 4353 uesperam
432 4290 453 4334 a
474 4268 651 4334 brachialio
680 4288 799 4335 aureae
821 4277 934 4352 portae
956 4290 1059 4355 usque
1080 4270 1123 4338 ad
1146 4270 1261 4357 Cyelo-

156 4584 240 4634 tut
263 4558 527 4665 mbdpraqtmrbd
550 4580 579 4632 in
604 4578 708 4631 raaia
736 4575 763 4630 D
840 4584 946 4647 rogauit
963 4580 991 4633 in
1005 4579 1064 4649 fine
1079 4595 1151 4634 aera
1168 4579 1265 4635 omn

91 4676 120 4726 12
139 4673 225 4727 hieme
243 4673 270 4727 Ι)
339 4686 425 4726 ermon
443 4670 470 4725 Ι)
540 4674 570 4723 15
588 4669 655 4724 luni
671 4669 698 4723 Ι)
739 4674 800 4756 ι16
817 4671 982 4762 consumatio
999 4671 1027 4726 Ι)
1095 4676 1125 4726 ll
1144 4675 1263 4741 segona·

88 4767 162 4820 torel
177 4765 204 4820 Ι)
275 4770 305 4820 19
322 4764 347 4819 d
362 4763 473 4835 Lycum
497 4779 548 4818 om.
567 4762 594 4817 Ι)
659 4764 756 4818 tunna
784 4762 887 4819 orhora·
903 4760 946 4833 l&
962 4745 1086 4834 lnosill
1146 4769 1179 4818 20
1197 4780 1267 4819 amr-

89 4858 203 4928 relnrll
271 4862 303 4912 23
322 4864 394 4912 moto
412 4856 439 4911 D
