2834 5394
221 275 283 337 270
735 290 827 337 uuam
848 291 886 338 xi

222 442 303 509 deus
326 449 399 509 tuus
421 460 534 508 curare
556 450 588 508 te
610 443 734 526 potest!
776 444 978 529 respondens
1006 463 1083 510 uero
1105 445 1214 513 Mares
1238 445 1308 531 ‘ego
1330 448 1389 530 qui·

219 553 292 619 dem
316 552 377 619 deo
400 573 471 619 meo
493 573 553 639 pro
575 553 731 620 caecitate
752 556 877 638 gratias
899 575 971 639 ago,
993 556 1070 640 quia
1091 556 1153 622 hoc
1174 555 1250 623 ideo
1273 564 1324 623 est
1343 577 1387 640 ge

219 671 303 730 stunt
326 664 360 729 in
381 671 550 729 menete
572 664 701 730 uideam
724 666 845 750 pietate
873 664 1039 731 nudatum.
1083 667 1260 752 imperator
1288 674 1386 734 auten

220 774 300 839 nihil
323 774 523 859 respondeus
547 775 716 842 abscessit.
761 775 808 842 sic
829 776 915 841 enim
945 777 1081 862 putabat
1111 778 1220 861 potius
1248 777 1386 844 roborari

218 884 444 969 Paganitatem
477 885 506 952 si
534 904 570 952 se
601 886 777 969 patientem
807 905 845 952 ac
875 886 985 952 mitem
1013 906 1093 972 erga
1115 886 1320 955 Christianos
1342 887 1410 954 det

218 1002 438 1061 monstrasset.

67 1102 201 1170 XXXX
307 1106 409 1189 Igitur
431 1105 507 1172 dum
529 1106 649 1173 Persae
677 1115 834 1172 mortuum
856 1108 1087 1191 cognouissent
1112 1108 1215 1175 tuisse
1237 1108 1388 1176 Constan-

216 1217 305 1298 tium,
335 1226 430 1301 capta
460 1216 579 1282 fiducia
600 1226 757 1284 uenerunt
786 1216 828 1282 ad
857 1219 1011 1284 terminos
1034 1219 1249 1284 Romanorum
1274 1219 1389 1285 denun-

216 1326 335 1393 tiantes
358 1327 486 1392 bellum.
533 1326 574 1392 ob
603 1347 700 1411 quarn
728 1346 796 1393 rem
817 1330 982 1395 Romanas
1012 1329 1098 1396 uires
1126 1336 1310 1396 contractas
1337 1350 1390 1395 un·

216 1438 314 1523 dique
336 1438 481 1503 Iulianus
504 1436 637 1503 aduenit
664 1445 699 1503 ut
726 1437 769 1503 ad
797 1437 994 1505 destinatam
1022 1458 1130 1506 secum
1158 1439 1303 1506 traheret
1322 1447 1410 1524 per-l

216 1549 370 1615 ditionem
399 1548 551 1632 misitque
578 1547 612 1612 in
640 1548 786 1633 Delphos
815 1556 848 1615 et
876 1551 992 1615 Delum
1027 1558 1124 1634 atque
1149 1550 1322 1616 Dodonem
1348 1548 1390 1614 ad

214 1658 426 1745 percipienda
458 1676 616 1742 responsa
648 1658 676 1724 si
707 1658 874 1742 expediret
905 1659 935 1725 ei
968 1660 1057 1727 bella
1087 1661 1265 1746 suscipere.
1316 1668 1389 1725 tunc

216 1770 362 1837 uniuersi
385 1775 477 1835 uates
500 1776 532 1833 et
553 1768 720 1853 pugnandi
743 1769 894 1837 fiduciam
917 1769 1041 1836 dabant
1067 1777 1100 1836 et
1126 1772 1296 1836 uictoriam
1317 1792 1388 1856 pro

215 1880 396 1947 mittebant.
441 1899 538 1944 unum
568 1897 645 1943 uero
675 1899 866 1964 responsum
894 1901 952 1965 pro
982 1883 1130 1966 exemplo
1157 1880 1321 1947 mendacii
1349 1900 1386 1947 ac

215 1989 412 2057 seductionis
434 1990 577 2055 inserere
600 2009 665 2055 non
687 1990 820 2074 pigebit.
865 1999 914 2057 est
942 1993 1028 2057 enim
1057 1991 1154 2058 huius
1182 1990 1269 2057 modi
1294 1991 1410 2057 muner

214 2121 324 2167 omnes
353 2098 561 2182 aggredimur
590 2099 644 2166 dei
672 2100 826 2166 uictoriae
855 2110 989 2186 tropaea
1016 2102 1194 2170 referentes
1223 2101 1311 2166 circa
1331 2100 1388 2166 flu·

213 2210 301 2276 nium
325 2210 466 2294 Tigrem.
511 2209 624 2275 borum
647 2230 708 2294 ego
730 2209 796 2276 dux
818 2230 873 2277 ero
895 2211 1101 2295 belligerator
1122 2211 1229 2278 Mars?
1273 2211 1385 2277 horum

213 2321 323 2406 itaque
351 2320 528 2385 carminum
559 2319 730 2386 ridiculum
760 2340 816 2387 eos
844 2323 995 2387 conuenit
1021 2322 1191 2406 diuulgare
1212 2321 1269 2405 qui
1291 2321 1385 2387 ratio

212 2433 319 2498 nalem
343 2430 507 2497 dominum
529 2431 759 2515 Musarumque
779 2433 959 2517 principem
981 2432 1132 2517 Pythium
1155 2452 1227 2498 cum
1258 2439 1384 2497 uocant

212 2562 272 2627 ego
302 2550 410 2609 autem
439 2541 642 2607 mendacium
672 2541 913 2608 seductionibus
944 2543 1014 2609 cius
1048 2543 1219 2608 inueniens
1247 2540 1410 2607 inditumt

211 2654 398 2737 ingemiseo.
443 2653 573 2736 Tigrem
603 2671 742 2736 namque
768 2651 902 2717 fluuium
924 2652 1048 2736 Tigrim
1076 2652 1178 2717 uoluit
1205 2653 1382 2738 appellare,

211 2764 363 2848 quoniam
386 2761 494 2847 Tigris
517 2763 587 2829 eius
610 2770 659 2829 est
681 2763 899 2830 nominatiuus
928 2771 959 2828 et
985 2782 1044 2848 per·
1064 2762 1273 2847 Assyriorum
1300 2780 1382 2828 arua

210 2873 395 2941 discurrens
426 2873 533 2940 sinum
562 2871 732 2940 descendit
760 2872 794 2939 in
816 2873 990 2939 Persicum.
1034 2891 1093 2957 per
1119 2872 1200 2937 haec
1228 2892 1308 2956 ergo
1335 2891 1382 2938 re

210 3004 333 3069 sponsa
354 2983 508 3069 deceptus
530 2983 644 3049 infelix
659 2990 692 3048 et
704 2984 870 3049 uictoriam
889 2989 996 3048 rnente
1018 2981 1241 3048 somniabatur
1262 2988 1381 3066 etpost

209 3094 393 3161 Parthicum
416 3094 612 3179 triumphum
634 3114 776 3179 pugnam
799 3092 957 3159 Galilaeis
979 3092 1096 3158 inferre
1118 3091 1345 3176 praeparabat.
1395 3097 1410 3149 2

54 3206 200 3273 xxxxi
295 3204 413 3269 Multos
436 3205 545 3288 itaque
567 3205 656 3271 uicos
679 3210 849 3289 castraque
870 3201 1019 3269 detinens
1034 3202 1098 3266 iam
1120 3202 1218 3267 etiam
1233 3202 1381 3269 ciuitates

209 3314 360 3400 capiebat
387 3313 622 3398 Assyriamque
651 3314 866 3400 depopulatus
894 3320 1001 3379 castra
1028 3311 1115 3396 apud
1137 3310 1379 3396 Ctesiphontem

209 3426 374 3491 ciuitatem
402 3424 524 3490 habuit.
569 3425 602 3489 iu
634 3445 698 3508 qua
732 3430 856 3490 tantum
886 3421 1014 3489 obsedit
1051 3441 1160 3507 regem
1193 3428 1230 3488 ut
1257 3422 1378 3489 crebris

207 3535 426 3621 legationibus
449 3542 591 3602 uteretur
613 3535 752 3601 ‹offerons
775 3534 854 3600 dare
875 3551 955 3600 suae
977 3533 1102 3617 patriae
1125 3538 1251 3617 partem
1281 3532 1310 3599 si
1331 3552 1379 3599 so

207 3649 274 3714 luto
305 3648 391 3713 bello
418 3646 610 3713 discederet.
661 3644 746 3732 quod
774 3644 829 3710 ille
857 3643 960 3708 noluit
987 3660 1092 3726 neque
1120 3641 1410 3727 supplicantibustt

207 3766 256 3825 est
278 3758 429 3824 irrisertus
451 3776 556 3841 neque
577 3764 684 3823 urente
706 3754 851 3841 percepit
872 3753 948 3839 quia
971 3753 1099 3819 uincere
1113 3751 1244 3835 quidem
1259 3753 1376 3819 bonnm

277 3967 285 4014 t
307 3958 429 4013 urrunlll
502 3962 531 4011 te
548 3958 657 4012 adirent
675 3964 705 4012 ut
723 3973 773 4011 cru.
792 3953 847 4009 ΒΡ
915 3958 941 4007 ll
963 3952 1074 4022 delphus
1090 3949 1116 4005 Ι)
1169 3955 1198 4005 ¹3
1216 3952 1380 4009 uniuersali

207 4060 235 4108 ll
255 4069 304 4123 pro
322 4052 418 4109 ouall
470 4051 643 4107 mendutull
730 4056 760 4104 tc
778 4046 916 4119 tropeaI)
993 4050 1023 4100 rt
1042 4046 1093 4101 tire
1109 4042 1165 4099 ΒΡ
1231 4048 1263 4100 tS
1280 4046 1377 4101 donul-

202 4163 265 4215 gare
287 4148 309 4202 ll
415 4151 445 4201 ltl
460 4144 604 4217 pythonis)
682 4141 843 4209 eum1'ell
944 4145 978 4195 20
995 4137 1131 4194 mandaturi
1152 4136 1179 4192 Ι)
1261 4139 1378 4195 mdrtnrm

202 4240 298 4296 orell
384 4245 413 4295 21
435 4240 499 4295 Tire
520 4240 572 4295 lu>
644 4246 714 4309 tigre
731 4237 785 4293 ΒΡ
885 4238 917 4288 22
935 4235 974 4289 ott
992 4231 1087 4289 omD
1165 4235 1198 4285 24
1215 4238 1336 4289 unctoria
1352 4234 1380 4289 b

202 4338 233 4387 at
259 4334 453 4404 ctobplroutam
476 4332 518 4401 P,
542 4334 683 4391 ctesifonta
708 4332 734 4388 Ι)
853 4333 886 4384 29
910 4327 1010 4384 solutus
1044 4323 1106 4415 ΒΡ.
1198 4328 1239 4391 Ι20
1267 4325 1381 4383 dercen-

201 4425 275 4481 derot
296 4426 347 4482 Μ)
