2834 5394
505 713 578 762 cun.
600 713 758 762 xum-xv
1167 703 1208 767 85

86 864 187 935 Viriatus
199 865 229 932 in
242 865 412 951 Hispania,
435 885 555 950 genere
570 866 746 933 Lusitanus
767 866 864 931 homo
885 868 1059 952 pastoralis
1081 875 1113 934 et
1127 870 1210 936 latro

84 976 180 1062 prinum
197 975 378 1043 infestando
400 976 483 1056 uias,
506 976 624 1043 deinde
646 976 807 1044 uastando
828 977 1022 1062 prouincias,
1045 986 1208 1064 postremo

81 1088 197 1155 uomitus
215 1094 399 1173 praetorum
422 1095 455 1152 et
475 1088 642 1153 consulum
656 1089 874 1154 Romanorum
889 1087 1049 1154 uincendo
1064 1089 1207 1172 fugando

10 1272 12 1281 ¹
79 1197 215 1282 nligendo
242 1198 384 1264 maximo
413 1198 528 1263 terrori
549 1198 703 1264 Romanis
733 1198 883 1264 omnibus
906 1197 973 1262 fuit.
1019 1199 1048 1264 si
1078 1198 1208 1283 quidem

10 1294 12 1307 '
54 1307 190 1375 ollilemm
217 1314 249 1374 et
270 1310 406 1391 Tagum,
436 1309 579 1374 maxima
606 1316 639 1373 et
666 1307 960 1375 diuersissimorum
988 1310 1131 1373 locorum
1153 1308 1209 1374 flu·

72 1419 140 1501 nina,
164 1421 227 1486 late
250 1418 501 1502 transgredienti
524 1426 557 1484 et
577 1419 768 1504 perunganti
791 1418 894 1485 Gaius
917 1418 1054 1486 Vetilius
1076 1426 1208 1504 praetor

70 1530 179 1597 monuit
221 1530 278 1614 qui
300 1530 451 1595 continuo
473 1549 575 1613 usque
603 1528 646 1595 ad
668 1529 909 1594 internitionem
930 1548 1035 1613 paone
1050 1529 1137 1595 omni
1153 1550 1206 1596 en·

68 1640 211 1707 emmeno
235 1638 342 1704 deleto
363 1640 420 1704 uix
442 1639 513 1724 ipse
534 1645 664 1724 praetor
686 1659 756 1704 oum
779 1640 892 1724 paucis
913 1638 991 1722 iuga
1005 1640 1117 1725 lapsus
1134 1659 1207 1706 eua-

67 1752 101 1816 sit
133 1749 247 1816 deinde
270 1748 386 1814 Gaium
409 1749 571 1815 Plautium
600 1756 780 1835 praetorem
811 1749 897 1814 idem
925 1748 1068 1817 Viriatus
1097 1753 1207 1827 multis

35 1861 166 1943 toproeliis
186 1860 323 1925 fracmm
345 1859 480 1942 fugauit.
523 1866 597 1945 post
625 1860 722 1925 ctiam
745 1858 901 1925 Claudius
923 1858 1103 1927 Vnimanus
1134 1881 1206 1927 oum

66 1988 153 2054 urguo
172 1970 330 2037 instructu
352 1969 429 2035 belli
450 1976 562 2035 contra
583 1970 741 2036 Viriatum
771 1970 891 2035 missus
921 1968 1015 2052 quasi
1044 1991 1101 2054 pro
1133 1972 1208 2035 abo·

64 2080 135 2146 lenda
160 2081 325 2166 superiore
353 2082 481 2146 macula
506 2081 679 2166 turpiorem
703 2081 775 2165 ipsc
797 2080 888 2144 auxit
909 2078 1085 2145 infamiam.
1129 2102 1205 2146 nam

66 2207 226 2275 opressus
250 2210 322 2255 cunr
343 2191 468 2256 Viriato
490 2191 671 2274 uniuersas,
702 2211 783 2274 quas
812 2209 920 2256 secum
949 2188 1129 2256 deduxerat
1157 2211 1206 2257 oo

64 2299 116 2383 pias
150 2302 372 2384 maximasque
415 2301 502 2367 uires
539 2301 675 2367 Romani
712 2301 820 2366 amisit
868 2301 1039 2368 exercitus.
1105 2301 1208 2369 Viria-

35 2415 101 2477 ¹ttus
115 2411 236 2478 nahas
259 2411 365 2477 fasces
388 2416 558 2496 ceteraque
578 2411 722 2495 insignia
734 2413 881 2477 Romana
902 2413 936 2476 in
951 2412 1114 2479 montibus
1138 2414 1207 2480 suis

63 2524 199 2607 tomeun
220 2521 380 2606 praefixit.
425 2521 537 2588 eodem
560 2528 705 2607 tempore
719 2522 853 2587 trecenti
867 2522 1018 2589 Lusitani
1032 2542 1104 2588 oum
1119 2524 1207 2589 mille

62 2628 188 2698 &nanis
209 2634 244 2697 in
267 2631 407 2716 quodam
430 2632 515 2698 saltu
535 2638 724 2697 contraxere
746 2652 899 2716 pugnam,
930 2633 964 2697 in
992 2653 1058 2717 qua
1080 2640 1207 2718 septua-

62 2738 129 2822 ginta
140 2743 321 2825 Lusitanos,
337 2743 500 2808 Romanos
515 2749 623 2808 autem
638 2750 798 2808 necentos
814 2743 928 2827 uiginti
944 2742 1101 2810 cecidisse
1113 2743 1208 2809 Clau·

63 2847 116 2917 dius
133 2853 234 2919 refert.
279 2872 351 2917 cum
383 2853 522 2917 uiatores
550 2852 698 2918 Lusitani
732 2853 838 2936 sparsi
868 2871 907 2916 ao
936 2853 1041 2918 securi
1070 2852 1223 2930 abirent,-

32 2965 123 3028 tmus
141 2982 179 3028 ex
199 2963 252 3029 his
275 2963 372 3046 longe
394 2963 553 3028 aectoris
576 2969 765 3046 segregatus
787 2981 857 3026 cum
881 2962 1082 3028 circumfusis
1098 2963 1209 3045 equiti-

63 3067 105 3137 bus
127 3072 223 3157 pedes
250 3073 324 3158 ipsc
353 3071 586 3157 deprehensus,
615 3072 710 3138 unius
746 3092 856 3137 eorum
885 3091 967 3154 equo
996 3073 1110 3138 lancea
1138 3093 1208 3158 per·

62 3178 134 3262 fosso,
161 3183 264 3268 ipsius
293 3183 411 3266 equitis
434 3181 477 3247 ad
506 3203 604 3247 unum
632 3181 734 3267 gladii
755 3184 852 3246 ictum
875 3190 972 3267 caput
999 3181 1207 3264 desecuisset,

61 3287 94 3354 ita
109 3312 211 3360 omnes
233 3300 320 3359 metu
342 3292 479 3378 perculit
507 3301 542 3358 ut
569 3293 851 3379 prospectantibus
879 3293 1002 3358 eunctis
1036 3293 1107 3377 ipse
1137 3313 1208 3359 con·

61 3403 179 3485 tenptim
201 3411 298 3488 atquc
320 3403 443 3469 otiosus
465 3402 664 3470 abscederet.

30 3513 50 3567 a
123 3513 225 3598 Appio
248 3513 384 3579 Claudio
407 3513 526 3592 Quinto
549 3512 690 3579 Caecilio
712 3513 841 3579 Metello
871 3511 1057 3580 oonsulibus
1080 3511 1206 3598 Appius

61 3615 191 3690 fflaudius
206 3623 364 3690 aduersus
380 3625 532 3691 Salassos
548 3623 660 3690 Gallos
676 3643 869 3708 congressus
892 3629 923 3689 ct
944 3622 1048 3689 uictus
1065 3623 1207 3708 quinque

107 3831 164 3881 tet
179 3842 230 3881 om.
249 3824 289 3880 D‘
391 3823 560 3893 tlubgemlo
580 3823 606 3877 D
725 3821 1207 3887 6uec1hulll,uecehulcod.Pi-

59 3914 113 3973 tioa‘
191 3921 404 3971 'lintermcionc
421 3916 448 3972 D
538 3917 681 3985 aplanem
696 3917 722 3970 J)
826 3920 857 3969 to
876 3917 1025 3971 rmimamut
1041 3913 1095 3968 ol>
1117 3921 1124 3973 1
1131 3915 1165 3968 de
1182 3915 1209 3968 B

58 4010 104 4065 ule
118 4013 153 4067 ad
163 4029 195 4084 p.
214 4015 255 4075 86,
271 4014 287 4064 9
302 4016 371 4081 sqq.)
381 4029 392 4076 ;
414 4009 506 4064 codem
529 4011 608 4064 modo
632 4008 676 4064 Iria
693 4008 772 4063 homo
790 4009 948 4081 appellatur
972 4009 1126 4076 ubicunque
1151 4009 1209 4061 circs

55 4119 129 4160 maen
160 4107 189 4160 ia
213 4104 327 4159 uetustas
356 4103 493 4159 aedacibus
524 4105 657 4167 occurrit,
691 4102 768 4174 apitd
807 4103 921 4158 Floram
955 4104 996 4165 54,
1030 4104 1040 4152 1
1071 4099 1151 4153 Iolco.
1180 4101 1209 4153 ia

56 4195 249 4270 Bormam&
283 4196 360 4269 apud
396 4196 519 4253 Orosium
538 4214 570 4267 p.
595 4200 643 4250 292
670 4195 742 4250 Hae.
777 4201 817 4250 est
850 4193 1003 4249 unimanus
1032 4193 1059 4245 in
1085 4191 1210 4246 Lateren-

53 4290 109 4346 tt'cuo
129 4290 233 4346 sacculi
255 4307 285 4344 tu
313 4290 359 4344 uel
380 4307 438 4356 vn,
465 4290 643 4344 unimammui
667 4290 695 4343 ia
720 4288 850 4344 Vaticano
868 4292 935 4342 3340
959 4303 1028 4340 socc.
1047 4301 1093 4352 nr,
1130 4284 1210 4338 aliter

53 4397 131 4439 romeu
147 4385 235 4440 sotum
259 4383 353 4439 Victor
376 4384 429 4437 uir.
449 4382 604 4448 illuctati,
626 4388 633 4435 1
656 4380 781 4438 exhibet:
807 4398 870 4436 oram
894 4384 942 4434 aot
966 4393 1141 4433 normannum
1159 4384 1208 4431 nat

51 4491 217 4534 uunrrnanum
254 4482 304 4531 aut
339 4492 477 4531 mmumam
507 4476 572 4532 lieri
593 4474 693 4531 habeat
712 4477 882 4530 saeculorum
914 4490 967 4537 xv,
986 4488 1054 4535 nur,
1078 4487 1144 4524 xun
1160 4497 1165 4508 ·
1182 4473 1211 4527 in

50 4586 143 4628 mmo
156 4571 271 4644 plenum
288 4587 386 4626 nomen
403 4587 459 4625 noa
476 4569 576 4643 lepitar
601 4569 772 4633 (Mammam.
792 4568 826 4623 de
841 4584 873 4621 rc
891 4567 1044 4620 nummaria
1062 4564 1095 4619 R.
1107 4583 1139 4636 p.
1159 4569 1209 4621 508

47 4671 87 4736 tq.)
103 4666 139 4737 cf.
161 4664 240 4738 Corp.
258 4661 388 4736 Immpt.
407 4663 437 4718 L.
456 4662 476 4719 I
483 4681 516 4737 p.
530 4669 580 4719 554
598 4682 624 4719 a.
645 4668 707 4717 1501
728 4678 878 4718 oruvunun
983 4664 1010 4712 11
1032 4658 1208 4715 abohendal)

49 4763 72 4814 tt
86 4769 209 4830 tropeum
225 4756 254 4813 Ι)
369 4762 400 4812 19
418 4757 518 4813 referat
536 4757 563 4813 D
681 4760 714 4810 22
733 4753 865 4824 capudD
984 4756 1017 4807 23
1036 4758 1209 4823 contemptum

48 4852 157 4916 mosius,
176 4852 351 4922 contemptui
366 4850 393 4906 Ι)
462 4851 567 4907 oorolul
583 4849 722 4907 attenuet
738 4847 765 4903 D
842 4851 874 4902 26
895 4848 1034 4916 congellus
1049 4846 1090 4902 12¹
