2834 5394
565 663 638 713 chr.
661 664 845 712 xxi-xxm
1232 653 1290 718 181

136 832 175 879 ne
196 833 248 899 per
274 816 401 900 legatos
430 813 561 899 quidem
589 816 700 900 aliqua
726 815 843 900 grania
871 815 957 882 bella
978 818 1089 901 gessit,
1120 819 1185 887 nisi
1207 821 1294 902 quod

148 930 245 991 uuum
271 925 448 1010 aliquantis
482 926 516 990 in
545 926 624 993 locis
652 926 852 1011 praecogniti
881 927 944 991 cito
972 927 1115 1011 gentium
1151 936 1292 999 tumores

154 1035 421 1120 comprimebantur.
473 1055 553 1103 sanc
593 1042 707 1120 quarto
742 1036 871 1120 imperii
899 1036 970 1102 eius
1011 1056 1096 1103 anno
1125 1037 1293 1106 Germani·

157 1160 193 1210 rus
207 1145 297 1212 Drusi
325 1146 422 1230 filius,
456 1144 625 1230 Caligulae
652 1153 754 1232 pater,
788 1145 829 1210 de
852 1144 1035 1230 Germanis,
1069 1146 1112 1213 ad
1141 1169 1222 1233 quos
1250 1149 1293 1215 ab

139 1252 266 1337 alugusto
287 1275 367 1323 sene
388 1255 509 1324 missus
530 1256 644 1339 iuerat,
667 1254 905 1341 triumphauit.)
949 1256 1106 1340 quosdam
1133 1278 1228 1342 reges
1250 1257 1293 1325 ad

158 1381 181 1428 oe
194 1384 240 1449 per
258 1365 436 1433 blanditias
458 1372 609 1433 euocatos
630 1385 808 1450 numquam
829 1366 961 1446 remisit,
985 1367 1019 1432 in
1041 1367 1159 1451 quibus
1174 1369 1292 1436 Arche-

156 1473 214 1538 laum
232 1473 468 1560 Cappadocem,
497 1476 588 1543 cuius
616 1476 714 1542 etiam
735 1496 869 1560 regnum
892 1477 926 1542 in
948 1477 1136 1562 prouinciae
1157 1479 1293 1544 formam

156 1582 248 1668 redegit
277 1592 310 1651 et
342 1586 517 1652 maximam
551 1586 715 1652 ciuitatem
747 1586 907 1670 appellari
938 1587 1069 1653 nomine
1100 1608 1159 1654 suo
1188 1588 1293 1672 iussit,

156 1712 213 1776 quae
229 1714 310 1761 nunc
333 1693 541 1762 Caesarea
568 1696 685 1762 dicitur
713 1714 785 1761 cum
807 1696 972 1761 Mazaca
999 1703 1096 1763 antea
1123 1696 1292 1765 diceretur.

122 1800 345 1883 reticulorum
367 1805 538 1872 latrocinia
558 1806 731 1891 repressit,
754 1805 966 1871 Marobodum
982 1806 1160 1873 Sueuorum
1182 1827 1293 1891 regem

153 1913 239 1981 callide
258 1916 476 1981 circumuenit.

211 2026 348 2091 Plurima
369 2024 498 2110 imperii
526 2025 576 2092 sui
605 2033 697 2110 parte
726 2043 797 2089 curn
822 2044 941 2109 magna
963 2031 996 2091 et
1016 2027 1110 2109 graui
1132 2027 1291 2095 modestia
1323 2023 1364 2076 .2

153 2131 187 2195 rei
200 2135 337 2218 publicae
359 2134 497 2221 praefuit
524 2136 608 2201 adeo
636 2142 672 2201 ut
699 2133 892 2221 quibusdam
915 2135 1121 2220 praesidibus
1143 2137 1294 2221 augenda

152 2244 295 2325 pmuineiis
316 2244 438 2310 tributa
459 2245 671 2313 suadentibus
694 2246 861 2330 scripserit
881 2246 958 2311 boni
979 2247 1121 2330 pastoris
1136 2266 1210 2314 csse
1225 2253 1292 2313 ton·

120 2354 142 2405 11
152 2346 206 2417 dere
221 2374 325 2439 pecus,
349 2375 414 2421 non
435 2355 620 2439 deglubere.
665 2363 699 2420 at
720 2364 889 2439 postquam
919 2375 1038 2440 passus
1060 2364 1111 2423 est
1141 2358 1292 2426 dominus

152 2455 267 2532 Christm
288 2471 387 2549 atque
408 2485 430 2530 a
450 2465 585 2532 mortuis
607 2467 783 2532 resurrexit
806 2473 839 2531 et
859 2465 1036 2550 discipulos
1052 2487 1128 2534 suos
1143 2466 1184 2533 ad
1201 2488 1293 2554 prae·

151 2566 291 2639 dicandum
321 2574 455 2657 dimisit,
488 2576 612 2642 Pilatus
641 2595 776 2660 praeses
799 2576 1008 2642 Palaestinae
1035 2578 1222 2661 prouinciae
1250 2576 1293 2645 ad

150 2679 283 2749 ’liberium
304 2685 533 2768 imperatorem
554 2692 652 2770 atque
672 2685 716 2751 ad
745 2692 893 2752 senatum
920 2687 1043 2751 rettulit
1070 2686 1112 2752 de
1139 2688 1293 2771 passione

150 2796 404 2862 etresurrectione
426 2793 547 2861 Christi
569 2795 906 2881 consequentibusque
929 2795 1110 2880 uirtutibus,
1134 2817 1218 2880 quae
1240 2799 1294 2863 uel

114 2917 190 2982 aper
204 2904 303 2989 ipsum
325 2905 435 2989 palam
457 2905 561 2971 iactae
583 2905 711 2971 fuerant
743 2907 795 2972 uel
825 2926 884 2991 per·
912 2904 1088 2990 discipulos
1118 2906 1223 2990 ipsius
1256 2908 1291 2974 in

148 3013 249 3080 nomine
269 3015 340 3081 eius
362 3014 484 3080 fiebant
505 3021 538 3080 ct
559 3013 600 3080 de
622 3035 661 3080 eo
684 3015 769 3100 quod
792 3016 937 3082 certatim
962 3023 1124 3081 crescente
1140 3017 1290 3102 quurrimo·

148 3138 197 3187 mu
214 3124 274 3192 fide
296 3124 377 3191 deus
407 3124 599 3192 crederetur.
643 3124 794 3192 Tiberius
823 3145 894 3191 cum
925 3126 1079 3209 suffragio
1108 3128 1218 3210 magni
1247 3128 1291 3193 ia-

149 3232 212 3300 uoris
230 3235 349 3300 rettulit
369 3234 412 3299 od
434 3241 582 3301 senatum
605 3240 640 3299 ut
654 3234 802 3302 Christus
825 3234 906 3303 deus
929 3235 1112 3302 haberetur.
1158 3243 1291 3304 senatus

148 3334 339 3426 indignatione
367 3351 472 3412 motus
501 3364 557 3409 our
585 3365 650 3410 non
680 3346 743 3411 sibi
775 3346 864 3430 prius
888 3345 1064 3412 secundum
1094 3366 1215 3411 morem
1238 3346 1292 3413 de-

150 3445 384 3522 truncaretur
405 3455 446 3521 de
469 3454 676 3539 suscipiendo
698 3457 785 3521 cultu
806 3457 896 3541 prius
911 3456 982 3540 ipse
998 3456 1194 3540 decerneret,
1218 3476 1291 3522 eon·

123 3561 329 3631 arcuationem
345 3564 466 3632 Christi
488 3565 649 3631 recusauit
663 3564 832 3649 edictoque
848 3566 1013 3632 constituit
1026 3564 1290 3633 exterminandos

154 3683 204 3736 taso
228 3675 304 3741 urbe
336 3674 539 3742 Christianos
572 3676 746 3759 praecipue
777 3694 848 3740 cum
882 3683 914 3741 et
936 3677 1075 3743 Seianus
1108 3677 1291 3760 praelectus

155 3775 244 3849 litem
264 3785 492 3870 suscipiendae
513 3785 663 3869 religioni
686 3785 941 3853 obstinatissime
964 3785 1207 3853 contradiceret.
1236 3785 1291 3850 Ti-

157 3880 233 3959 bemus
251 3902 358 3961 tamen
380 3895 485 3961 edicto
507 3896 750 3962 accusatoribus
773 3894 1031 3963 Christianorum
1053 3905 1187 3961 mortem
1210 3915 1292 3960 com-

158 3996 349 4073 minimest.
392 4025 469 4071 uam
502 4014 535 4071 et
564 4007 720 4091 plurimos
754 4013 938 4071 senatorum
973 4006 1161 4090 proscripsit
1194 4013 1226 4069 et
1256 4004 1290 4069 in

126 4105 256 4178 illibertem
277 4115 391 4200 coegit.
436 4115 552 4199 uiginti
575 4115 637 4181 sibi
659 4115 813 4200 patricios
836 4114 923 4180 uiros
945 4115 1072 4181 consilii
1094 4134 1193 4180 causa
1207 4115 1292 4196 lege·

159 4222 203 4282 ¹³1:
219 4221 320 4290 horum
343 4227 400 4291 uix
422 4225 504 4292 duos
527 4225 703 4292 incolumes
726 4225 865 4306 reliquit,
889 4231 1012 4291 eeteros
1028 4224 1167 4291 diuersis
1182 4222 1291 4288 causis

160 4335 260 4400 naluit.
300 4336 455 4402 Seianum
478 4335 676 4421 praesectum
700 4356 792 4402 suum
809 4354 861 4401 res
875 4353 978 4400 nouas
994 4334 1178 4398 molientem
1195 4333 1292 4398 inter·

161 4428 217 4503 iiiii·
250 4444 330 4513 tilios
353 4466 431 4513 suos
453 4446 595 4513 Drusum
618 4451 650 4512 et
672 4445 909 4527 Germanicum,
938 4444 993 4528 qui
1021 4442 1166 4530 adoptiui
1189 4447 1291 4522 erant,

160 4589 424 4617 N...—

211 4701 329 4760 ireihtB
374 4703 586 4760 eblandrtrelB
635 4704 817 4759 aceiareaB
873 4709 902 4757 lo
921 4701 1113 4757 Getuloruml)
1176 4705 1203 4754 11
1222 4699 1290 4769 pha·

168 4785 262 4854 calep
294 4797 511 4870 18tpber1um1)
546 4800 655 4851 iletl'l
675 4798 792 4869 tyberrni
805 4796 830 4851 D
864 4801 896 4851 30
914 4796 1062 4865 parmomo
1097 4799 1127 4850 31
1143 4791 1293 4863 rehqurdD
