3248 5080
280 310 343 372 484
764 325 856 374 nram
877 323 939 371 xxr

280 496 353 544 oum
375 477 564 545 iuramentis
586 496 728 545 consono
750 484 845 564 paeto
860 476 981 562 pleoita
994 475 1123 541 inerant
1137 473 1286 556 solueret,
1309 472 1458 556 alioquin

283 587 363 654 deus
385 587 507 655 uindex
528 589 693 674 eulparum
716 589 807 654 ioret.
852 607 932 654 sane
954 605 1026 652 oum
1047 585 1223 671 imperator
1250 602 1313 650 neo
1341 581 1459 648 auditu

280 698 354 784 ipso
375 697 509 766 huiusee
531 697 618 765 modi
640 699 742 765 uerba
762 699 929 785 percipere
949 703 1123 783 pateretur,
1146 695 1194 761 illi
1208 695 1301 781 paeis
1316 701 1348 759 et
1362 693 1458 760 uerbi

283 811 437 894 seriptum
460 810 625 876 soluentes
648 817 680 875 et
701 808 737 874 in
759 809 890 875 exeelsa
911 807 1008 874 basta
1028 827 1087 892 pro
1100 805 1222 872 uexillo
1237 803 1458 891 praecedendi

281 921 389 1003 gratia
417 917 654 1004 suspendentes
684 925 797 984 eontra
818 921 980 985 Romnum
1009 916 1131 1002 impetu
1158 916 1286 982 irruunt
1308 915 1493 980 blebam-⁵
1598 977 1599 980 ,

281 1028 357 1093 mad
380 1027 494 1094 dueem
516 1027 675 1096 babentes
697 1029 882 1113 bellumque
902 1029 1011 1094 taliter
1033 1027 1183 1093 inierunt.
1227 1032 1259 1092 et
1279 1026 1371 1111 prins
1385 1023 1458 1110 qni-

284 1137 357 1203 dem
380 1140 523 1222 superati
546 1146 622 1206 sunt
642 1139 777 1206 Arabes.
822 1157 1000 1223 suggerens
1022 1137 1148 1204 interea
1170 1133 1378 1201 llubammad
1398 1154 1460 1200 au·

283 1248 411 1314 nilianti
424 1249 578 1316 Romanis
593 1250 815 1316 Solauinorum
837 1247 911 1314 duei
934 1248 1030 1314 mittit
1050 1249 1081 1314 ei
1096 1247 1319 1332 marsuppium
1335 1247 1460 1313 numis-

285 1358 424 1425 matibus
458 1359 589 1444 plenum
626 1359 800 1443 multisque
837 1357 1139 1444 repromissionibus
1177 1358 1262 1423 hune
1296 1355 1458 1424 seduoens

284 1469 459 1554 persuadet
481 1467 523 1534 ad
546 1489 582 1536 se
604 1469 715 1553 ingere
740 1488 812 1534 eum
834 1467 950 1552 uiginti
978 1467 1108 1535 milibus
1131 1468 1320 1534 Solauornm
1349 1473 1382 1532 et
1410 1467 1459 1534 sie
1483 1475 1511 1526 to
1598 1489 1599 1498 ¹

283 1581 392 1663 iugem
414 1579 595 1658 Quiritibus
617 1578 797 1663 aequisiuit.
840 1584 916 1643 tune
938 1579 1112 1662 imperator
1132 1577 1251 1642 oeoidit
1272 1577 1385 1643 horum
1409 1595 1459 1643 re-

285 1689 396 1757 siduos
428 1710 494 1755 nna
525 1709 597 1756 eum
629 1689 742 1756 liberis
775 1695 807 1754 et
836 1688 991 1754 uxoribus
1023 1695 1114 1755 trans
1141 1687 1324 1773 praecipitii
1352 1689 1459 1753 loourn

284 1800 473 1865 Leueatium
502 1799 622 1864 dietum
650 1799 704 1884 qui
737 1798 915 1864 maritimus
944 1804 1015 1864 erat
1043 1798 1134 1864 iuxta
1161 1797 1459 1864 Nicomediensium
1518 1847 1523 1856 .

284 1910 410 1994 positus
432 1910 549 1976 sinum.

132 2007 249 2076 XXXI
370 2020 464 2084 Anno
486 2018 614 2104 imperii
636 2017 807 2084 Iustiniani
830 2023 943 2083 ootauo
966 2017 1141 2084 Sabbatius
1170 2016 1326 2102 patricius
1348 2017 1460 2083 Arme
1479 2023 1507 2075 ¹⁵

284 2129 359 2195 niae
391 2136 555 2214 oomperta
586 2127 792 2214 superatione
824 2129 1041 2194 Romanorum
1076 2127 1263 2193 Armeniam
1296 2127 1459 2194 Arabibus

284 2237 419 2305 tradidit
442 2246 473 2304 et
495 2238 640 2305 subiecta
661 2244 712 2304 est
733 2237 781 2304 eis
795 2237 929 2304 interior
944 2237 1060 2319 Persis,
1084 2256 1168 2319 quae
1183 2237 1299 2302 dieitur
1314 2237 1460 2304 Oberasa

285 2359 318 2416 et
340 2349 441 2414 oritur
462 2348 582 2414 ibidem
604 2346 775 2415 insidiator
796 2349 926 2414 nomine
942 2347 1084 2414 Sabinus
1107 2347 1162 2431 qui
1179 2349 1294 2413 multos
1311 2347 1457 2413 Arabum

286 2459 454 2526 interiecit
498 2458 557 2526 sed
585 2466 618 2524 et
644 2459 752 2543 ipsum
773 2457 954 2524 Obsianum
982 2477 1084 2543 prope
1113 2457 1262 2524 omnibus
1289 2455 1394 2524 modis
1425 2458 1459 2522 in

286 2590 381 2636 amne
415 2569 553 2635 neeauit.
607 2589 648 2635 ex
681 2575 756 2634 tune
789 2589 867 2653 ergo
899 2567 1097 2653 peramplius
1119 2567 1261 2652 rigarent
1293 2568 1459 2634 temerarii
1478 2577 1511 2629 tu

286 2680 362 2744 laeti
385 2679 575 2744 Romaniam
598 2677 885 2764 depopulabantur,

371 2789 465 2853 Anne
488 2807 564 2853 uero
586 2788 713 2873 imperii
726 2787 898 2856 Iustiniani
922 2807 1006 2853 nono
1029 2786 1166 2853 delectio
1182 2793 1232 2853 est
1253 2787 1331 2852 solis
1346 2786 1462 2852 effecta

291 2897 373 2964 hora
401 2898 468 2964 diei
495 2899 591 2964 tertia
626 2899 673 2963 ita
700 2905 736 2963 ut
756 2897 915 2983 quaedam
938 2898 1052 2964 stellae
1074 2897 1160 2962 olere
1181 2903 1384 2982 apparerent.
1429 2903 1463 2961 et

290 3007 464 3075 exereitum
486 3008 587 3074 mouit
609 3008 815 3074 llubammad
844 3015 956 3073 eontra
977 3007 1167 3072 Romaniam
1195 3006 1321 3073 babens
1352 3025 1461 3073 seeum

290 3119 442 3202 prologos
464 3118 601 3185 Selauos
633 3123 743 3203 utpote
772 3125 922 3203 expertos
943 3117 1122 3182 Romaniae
1156 3123 1187 3182 et
1219 3117 1336 3182 multos
1369 3114 1464 3182 duxit
1481 3125 1513 3174 ²⁵
1598 3167 1599 3172 η

291 3227 448 3311 eaptiuos.
1598 3213 1599 3222 ἵ

136 3334 272 3405 XXXII
378 3338 477 3403 Porro
499 3336 697 3404 lastinianus
720 3335 921 3422 diligentiam
943 3337 1028 3402 eirea
1050 3335 1165 3421 palatii
1186 3335 1311 3403 babens
1332 3337 1464 3420 negotia

292 3448 471 3515 oonstruxit
506 3447 679 3512 triclinium
716 3446 801 3532 qnod
836 3447 1008 3515 Iustiniani
1045 3451 1186 3511 uouatur.
1236 3446 1463 3531 constituitque

291 3559 490 3644 Stephanum
519 3559 651 3624 Persam
681 3558 901 3624 saeeellarium
932 3577 1025 3622 suurn
1055 3562 1087 3622 et
1116 3554 1310 3644 spadonum,
1323 3556 1463 3642 primum

291 3669 454 3735 dominum
477 3675 509 3734 et
530 3668 684 3734 arbitrum
708 3667 804 3734 nimis
826 3665 1035 3734 insidiantem
1058 3665 1208 3750 sanguini
1230 3671 1327 3749 atque
1349 3664 1463 3732 erude·
1482 3673 1515 3724 eo

292 3782 366 3864 lem,
403 3780 458 3864 qui
480 3776 765 3844 inmisericorditer
792 3777 968 3843 exteriores
991 3795 1135 3860 quosque
1157 3774 1330 3841 uerberare
1352 3775 1410 3842 sod
1432 3783 1465 3842 et

364 4079 556 4136 leonlonaD
637 4080 782 4135 flloleucrr
799 4080 861 4134 duur
879 4081 904 4130 Ι]
991 4083 1018 4132 11
1039 4075 1192 4132 relrdorlD
1271 4081 1301 4131 ll
1319 4076 1468 4146 bbenb;D

297 4180 327 4230 13
346 4162 418 4229 drobi
432 4180 546 4246 practer
563 4161 593 4228 td
611 4175 639 4228 in
656 4189 712 4228 ros.
730 4172 802 4229 ab
873 4177 902 4226 15
921 4170 1067 4225 Sabbatrul
1085 4169 1216 4226 descierat
1232 4186 1271 4224 ex
1290 4167 1467 4242 Theophane:

295 4268 413 4322 labbatrl
428 4265 482 4322 ΒΡ
567 4271 596 4320 17
616 4266 731 4321 eborata
750 4264 927 4337 Tbeopboaes
944 4271 971 4319 et
987 4265 1158 4328 Anastasius,
1176 4262 1286 4317 eberala
1303 4261 1358 4318 ΒΡ
1434 4267 1466 4318 lt

294 4362 420 4430 ppoenet
443 4359 530 4415 modrl
551 4341 674 4424 orinal)
776 4363 806 4413 21
835 4360 936 4436 bantur
961 4360 989 4412 tn
1016 4355 1250 4426 depopulabantur
1276 4356 1304 4410 r'n
1321 4371 1377 4410 ras.
1395 4354 1467 4410 ml>

296 4457 328 4506 23
347 4453 419 4506 olere
437 4452 509 4507 ltelle
527 4450 696 4522 parerentD
764 4457 796 4505 te
815 4450 943 4506 multoD
1011 4455 1043 4504 30
1061 4436 1206 4505 arbrtrdD
