2834 5394
181 252 242 316 438
689 269 780 315 mam
802 269 848 315 xx

182 420 400 504 impetumque
433 428 660 504 cognoueraut,
699 421 941 487 insurrexerunt
973 420 1008 484 in
1040 439 1105 487 eos.
1150 421 1214 505 ipsi
1250 429 1367 487 autern

182 529 409 597 interfecerunt
431 530 490 596 hos
513 550 624 597 omncs
648 552 711 596 uno
734 539 868 616 excepto
891 531 945 613 qui
969 529 1029 595 hoc
1051 530 1256 597 Sarbarazae
1281 552 1368 597 nun·

182 640 293 706 tiabat.
337 648 371 706 at
395 659 470 705 uero
494 641 694 707 Sarbarazas
717 641 888 708 adsccndit
916 661 1034 725 equum
1066 647 1097 705 ct
1124 639 1230 707 nudus
1259 649 1362 725 atque

180 750 388 817 discalciatus
411 751 487 834 luga
510 753 646 816 salutem
670 761 828 818 mercatus
850 761 909 818 est.
955 751 1051 818 huius
1074 759 1181 816 autem
1205 751 1362 816 mulieres

180 868 212 927 ct
233 881 360 926 ornnem
383 861 546 927 Persicum
569 860 679 926 florem
703 862 930 946 principesque
952 880 990 925 aa
1013 868 1162 945 satrapas
1191 880 1264 926 eum
1297 862 1393 927 cle-s

179 971 239 1038 ctis
262 971 417 1036 militibus
441 971 494 1053 qui
518 970 550 1035 in
580 969 743 1036 domorum
773 978 858 1037 tecta
887 970 1145 1037 conscenderant
1172 979 1204 1035 et
1236 971 1361 1037 bellum

179 1086 290 1145 eontra
312 1099 347 1145 sc
369 1090 663 1164 praeparauerant,
687 1083 872 1166 perignem
895 1080 1045 1163 deposuit
1066 1090 1099 1146 ct
1120 1070 1360 1165 alios'quidem

180 1189 296 1256 occidit
318 1197 349 1255 et
371 1190 453 1255 alios
476 1211 553 1256 uero
583 1192 658 1275 igne
687 1191 894 1276 consumpsit,
933 1191 989 1255 alii
1020 1200 1128 1256 autem
1159 1192 1297 1258 manicis
1328 1201 1361 1258 et

179 1299 388 1386 compedibus
411 1301 562 1384 conligati
587 1309 661 1368 sunt
682 1302 728 1366 ita
750 1310 784 1367 ut
805 1320 911 1385 paene
933 1302 1041 1367 nullus
1064 1322 1105 1367 cn
1127 1301 1178 1368 bis
1202 1302 1257 1384 qui
1282 1303 1358 1367 Sar·

178 1410 319 1477 barazac
342 1410 477 1492 fuerant,
501 1412 689 1477 saluaretur.
734 1418 927 1495 acceperunt
950 1419 1057 1476 autem
1081 1420 1113 1476 et
1127 1432 1219 1476 arrrra
1234 1412 1357 1478 Sarba-
1377 1421 1405 1469 1⁰

180 1541 285 1601 ranae,
308 1540 441 1586 aureum
457 1520 609 1587 uidelicet
625 1522 783 1607 clypeum,
807 1522 1014 1587 machaeram
1037 1522 1134 1587 etiam
1157 1530 1189 1586 ct
1204 1522 1356 1587 lanceam

180 1650 283 1715 aeque
305 1651 436 1696 auream
465 1638 496 1696 et
525 1638 685 1716 comptam
714 1631 865 1717 pretiosis
895 1630 1058 1717 lapidibus
1087 1652 1211 1713 zonam,
1251 1631 1356 1698 nihilo

179 1740 284 1808 minus
317 1745 350 1806 ct
381 1740 594 1806 calciamenta
630 1742 710 1807 eius.
756 1741 806 1808 his
843 1742 993 1808 omnibus
1030 1742 1171 1825 sumptis
1209 1742 1359 1826 procedit

177 1858 289 1917 contra
317 1849 481 1934 dispersos
509 1870 567 1934 per
596 1851 700 1932 uillas,
738 1852 793 1935 qui
820 1852 943 1918 scilicet
965 1860 1130 1935 comperta
1152 1851 1358 1917 Sarbarazae

179 1960 255 2042 tuga
283 1960 355 2026 sine
385 1961 563 2025 retentione
592 1961 766 2043 fugiebant.
812 1963 883 2047 ipsc
913 1968 1020 2027 autem
1048 1962 1404 2030 insecutnsmultos1⁵

179 2087 288 2133 eorum
310 2068 425 2135 oceidit
446 2077 478 2135 et
499 2071 625 2136 uinctos
647 2072 772 2156 acecpit
799 2072 980 2156 reliquique
1009 2091 1081 2136 eum
1110 2072 1299 2138 contusione
1322 2074 1357 2138 in

179 2177 345 2246 Persidem
376 2178 579 2262 repedarunt.
624 2200 719 2265 porro
754 2181 928 2266 imperator
961 2182 1104 2246 exercitu
1132 2202 1189 2247 suo
1219 2183 1356 2248 collecto

175 2309 247 2354 cum
268 2288 387 2375 gaudio
411 2289 444 2353 in
466 2290 546 2356 locis
568 2289 633 2356 iliis
656 2290 836 2375 intrepidus
858 2290 1022 2356 hiemauit.
1174 2291 1179 2297 '

25 2382 160 2451 XXIIII
262 2402 357 2465 Anno
390 2401 516 2485 imperii
549 2401 692 2466 Heraclii
727 2401 837 2482 quinto
870 2399 995 2467 decimo
1024 2399 1167 2464 Arabum
1200 2402 1355 2485 prinecps

177 2512 376 2578 Muhammat
398 2511 587 2593 habebatur,
610 2511 778 2577 Heraclius
801 2519 908 2575 autern
930 2518 1119 2576 coaceruato
1135 2513 1279 2575 exercitu
1294 2531 1355 2576 sao
1372 2517 1402 2568 ²⁰

176 2622 346 2688 eonsilium
381 2620 518 2687 iaciebat
548 2642 687 2705 quanam
717 2622 772 2686 uia
793 2628 950 2705 pergeret.
996 2621 1081 2687 ‹iuae
1116 2639 1253 2703 namque
1288 2621 1354 2686 sibi

177 2732 252 2797 uiae
274 2731 468 2796 adiacebant
489 2740 646 2813 angustae
669 2751 707 2796 ac
729 2730 854 2810 deuiae,
891 2731 994 2795 altera
1022 2729 1151 2813 quidem
1174 2732 1355 2794 'Parentum

178 2839 308 2922 ducens,
343 2842 542 2906 aiterauero
564 2842 739 2906 interram
762 2841 926 2924 Syrorum.
971 2860 1082 2904 uerum
1106 2841 1163 2905 illa
1185 2860 1268 2921 quae
1292 2843 1355 2905 Ta·

180 2959 306 3018 rantum
329 2951 483 3016 tendebat
504 2950 703 3016 differentior
731 2949 860 3033 quidem
890 2959 959 3015 erat
987 2949 1045 3016 sed
1076 2957 1254 3032 egestatem
1278 2969 1354 3014 eurr·

180 3068 302 3125 ctarum
326 3061 467 3125 habebat
487 3079 643 3142 escarum,
674 3078 757 3141 quac
787 3079 862 3125 uero
892 3061 925 3126 in
948 3066 1066 3125 terram
1088 3059 1176 3125 ducit
1198 3060 1355 3144 Syrorum
1373 3073 1404 3123 aa

181 3171 323 3233 Taurum
351 3170 467 3234 transit
495 3175 526 3234 et
554 3168 786 3235 abundantiam
815 3176 847 3236 et
874 3169 1092 3254 dapsilitatem
1126 3176 1271 3252 praestat
1293 3169 1355 3233 ali-

181 3285 370 3344 mentorum.
414 3277 498 3343 hanc
531 3280 717 3364 praeierunt
749 3299 861 3346 ornnes
894 3281 969 3345 licet
1002 3280 1168 3364 abruptior
1201 3287 1289 3345 esset
1322 3286 1356 3344 et

180 3390 256 3456 niue
277 3389 378 3454 multa
400 3388 552 3455 seuerior.
596 3389 656 3454 hae
680 3390 788 3472 itaque
810 3391 922 3456 labore
945 3390 1044 3454 multo
1066 3396 1229 3454 transacta
1251 3389 1285 3453 in
1301 3409 1354 3455 sc·

181 3508 268 3586 ptem
290 3499 404 3566 diebus
426 3500 618 3584 perueniunt
640 3499 683 3564 ad
705 3500 838 3564 fluuium
860 3500 968 3583 Tigris
991 3506 1023 3564 et
1045 3498 1129 3562 hunc
1151 3518 1223 3563 cum
1247 3506 1352 3564 trans·

179 3623 350 3694 meassent‚
385 3610 519 3676 ueniunt
540 3610 783 3694 Martyropolim
813 3618 844 3675 ct
866 3607 1015 3674 Amidam
1039 3616 1069 3674 et
1092 3609 1261 3692 quiescunt
1284 3617 1350 3673 tam
1378 3624 1411 3674 so

178 3723 338 3789 exercitus
361 3741 456 3805 quam
480 3721 662 3803 captiuitas.
709 3719 783 3785 binc
805 3725 837 3786 et
858 3721 983 3786 litteras
1000 3719 1191 3803 Byzantium
1215 3719 1352 3802 impera-

179 3952 480 3961 ——..-....——-——

243 4121 257 4170 2
278 4117 387 4170 iarbaro
406 4115 440 4180 l),
459 4115 556 4169 dcirrdc
574 4119 718 4168 nuntianat
735 4127 805 4168 corr.
824 4113 852 4166 in
871 4111 1014 4166 nuntiabat
1032 4112 1060 4164 r'a
1080 4111 1104 4164 b
1197 4118 1211 4163 3
1232 4112 1355 4167 sarbarus

176 4208 337 4263 alcandrtll
406 4206 561 4262 bauddi)
613 4211 671 4261 tet
693 4210 721 4259 10
740 4212 765 4259 et
786 4208 816 4258 14
835 4202 979 4259 larbarrll
1034 4191 1202 4259 tilacedll
1265 4211 1292 4259 12
1313 4224 1352 4260 m-

176 4300 290 4353 chdoD
376 4305 408 4354 2ο
426 4287 614 4354 muhimadl)
701 4301 732 4351 22
751 4280 897 4352 tarentdd
969 4300 1000 4349 26
1018 4286 1207 4352 habundantii
1225 4298 1250 4352 ll
1320 4304 1353 4352 29

175 4392 257 4459 tygris
277 4390 299 4445 D
368 4395 398 4444 31
418 4380 548 4459 bilzantrd
565 4390 590 4445 1)
