2834 5394
163 277 225 339 3⁴2
664 287 758 333 nmm
782 287 841 331 xvi

111 444 140 508 V
246 441 378 507 Bilimer
415 439 593 505 Galliarum
630 445 733 504 rector
769 438 899 521 cognita
934 436 1091 502 aduersus
1128 435 1337 500 Anthemium

161 551 399 636 conspiratione
435 550 604 614 Ricimeris
638 547 809 614 Anthemio
846 548 928 612 ferre
965 545 1161 631 praesidium
1200 545 1336 629 cupiens

161 665 294 729 Romam
323 661 518 746 properauit.
564 660 592 725 is
621 678 692 723 cnm
721 659 878 723 Ricimere
908 656 994 741 apud
1016 655 1175 720 Hadriani
1204 662 1336 739 pontem

161 772 317 857 proelium
347 772 548 836 committens
577 770 726 834 continuo
756 770 797 833 ah
829 789 867 834 eo
897 774 1067 852 superatus
1090 774 1187 850 atque
1210 766 1336 831 occisus

162 890 221 949 cst.
266 882 406 947 extincto
435 880 587 946 Bilimere
621 900 695 944 mox
728 879 829 942 uictor
860 877 1000 943 Ricimor
1032 877 1143 942 urbem
1176 875 1369 941 inuadenso

48 975 52 981 ¹
161 1000 275 1076 quarto
297 992 363 1055 iarn
386 1011 471 1056 anno
495 997 656 1073 regentem
680 990 751 1054 iura
773 988 899 1073 imperii
916 987 1122 1077 Anthemium
1145 986 1255 1069 gladio
1271 994 1336 1052 tru-

161 1101 290 1169 cidauit
333 1107 460 1185 praeter
483 1100 577 1167 famis
600 1100 739 1183 deniquo
762 1099 930 1182 morbique
953 1098 1130 1182 penuriam,
1155 1097 1272 1180 quibus
1296 1116 1336 1161 eo

161 1218 304 1295 tompore
327 1212 428 1275 Roma
450 1210 662 1292 affligebatur,
696 1210 828 1293 insuper
858 1210 955 1274 etiam
984 1208 1180 1292 grauissime
1202 1206 1336 1290 deprae-

162 1319 240 1387 data
261 1328 311 1388 ost
333 1328 365 1385 et
387 1328 520 1405 excepto
542 1320 669 1386 duabus
692 1318 888 1402 regionibus,
911 1319 944 1384 in
969 1319 1085 1402 quibus
1101 1318 1240 1382 Ricinrer
1262 1336 1333 1380 curn

163 1431 230 1498 suis
253 1431 414 1512 manebat,
438 1437 545 1495 cetera
567 1431 676 1495 omnia
691 1429 917 1514 praedatorum
934 1437 1007 1494 sunt
1022 1428 1179 1493 auiditate
1196 1433 1334 1493 uastata.
1354 1434 1382 1483 ¹⁰

162 1541 219 1608 sod
252 1560 316 1606 non
348 1540 468 1605 diutius
501 1539 542 1605 (le
574 1539 711 1624 pertidia
738 1541 878 1604 laetatus
901 1546 950 1605 est
972 1539 1120 1603 Ricimer.
1165 1558 1239 1602 nam
1263 1543 1337 1620 post

161 1670 305 1718 mensem
328 1651 455 1716 tertium
477 1650 680 1716 excruciatus
702 1649 911 1732 languoribus
934 1654 965 1714 et
988 1648 1058 1732 ipsc
1080 1648 1210 1712 interiit.
1255 1665 1337 1711 mor-

162 1767 217 1827 tuo
249 1760 409 1825 Ricimere
442 1759 584 1825 Olihrius
618 1760 790 1843 imperator
824 1758 1047 1824 Gundiharum
1083 1760 1152 1823 eius
1185 1764 1336 1840 nepotem

163 1870 333 1954 patricium
357 1868 471 1933 effecit.
516 1868 659 1935 Olibrius
682 1890 810 1953 quoquc
833 1868 908 1933 dum
939 1876 1060 1954 septem
1085 1887 1213 1933 menses
1237 1869 1337 1950 impc-

96 1975 138 2039 VI
162 1979 242 2043 rium
265 1977 422 2061 gessisset
444 1985 545 2042 morte
568 1979 699 2063 propria
712 1981 834 2044 Rornae
857 1978 1025 2044 defunctus
1041 1987 1098 2044 cst.
1144 1985 1217 2062 post
1239 1977 1335 2043 huirm
1355 1983 1383 2032 ¹5

165 2088 259 2152 sunus
288 2087 432 2153 Liberius
461 2086 654 2154 domesticus
685 2088 916 2154 aGundibaro
945 2089 1079 2173 patricio
1110 2089 1207 2153 totius
1237 2089 1335 2152 etiaur

164 2198 329 2261 uoluntate
351 2197 509 2263 exercitus
532 2198 617 2283 apud
641 2200 830 2263 ihorronnam
854 2200 1029 2283 imperator
1058 2198 1203 2262 officitur.
1248 2218 1334 2263 anno

162 2306 280 2372 deinde
303 2308 451 2389 sequenti
473 2308 639 2392 inopinate
654 2310 765 2393 Nepos
786 2309 940 2392 patricius
956 2328 1027 2372 oum
1043 2308 1184 2373 exercitu
1202 2308 1336 2375 ueniens

163 2418 322 2484 Licerium
345 2419 436 2501 regia
458 2418 547 2483 exuit
568 2426 727 2503 potestate
749 2439 887 2502 eumque
902 2418 988 2502 apud
1004 2419 1143 2484 Solonas
1158 2419 1337 2482 Dalmatis·

162 2549 232 2593 rum
255 2530 365 2593 urbem
378 2529 575 2613 'episcopum
597 2530 767 2595 ordinauit.
797 2548 835 2593 co
856 2535 1001 2612 tempore
1023 2548 1093 2593 eum
1116 2528 1203 2612 apud
1224 2530 1337 2594 Tolos-
1355 2535 1390 2587 20

163 2658 232 2704 sam
263 2639 510 2721 Visegotharunr
545 2641 672 2724 populis
706 2639 840 2705 Eunicus
875 2648 1026 2722 regnaret
1058 2660 1096 2703 oe
1130 2659 1188 2724 pro
1219 2637 1336 2704 Italiae

163 2747 355 2830 Galliaeque
383 2748 502 2814 tinibus
535 2750 618 2815 iuter
646 2750 802 2834 Nepotem
833 2757 865 2814 ct
885 2749 1035 2814 Euricum
1064 2750 1166 2815 litium
1194 2749 1338 2814 fomenta

164 2857 343 2923 creuissent
374 2857 557 2938 bellumque
586 2879 606 2922 a
634 2858 765 2924 diuerso
794 2860 921 2943 utrique
954 2866 1203 2944 praepararent,
1241 2859 1338 2924 inter-

164 2967 314 3034 ueniente
344 2967 537 3052 Epiphanio
575 2966 616 3031 dc
638 2989 700 3051 quo
731 2969 945 3053 praemissum
975 2976 1039 3050 cst,
1077 2968 1241 3035 'i'icincnsi
1270 2970 1337 3054 epi-

73 3079 136 3143 VII
160 3096 268 3161 scopo,
292 3076 432 3142 foederis
454 3078 537 3141 inter
552 3096 607 3143 cos
623 3077 694 3142 iura
709 3078 836 3143 firmata
851 3086 933 3145 sunt.
978 3079 1065 3144 haud
1087 3081 1197 3163 procul
1219 3079 1261 3144 ab
1284 3080 1336 3146 his
1352 3087 1384 3137 2⁵

163 3185 360 3268 temporibus
383 3185 604 3253 Theodoricus
632 3195 843 3270 cognomento
866 3188 981 3253 Strabo
1003 3190 1122 3255 Triarii
1150 3190 1235 3255 tilius
1264 3208 1336 3253 cum

163 3313 283 3377 magna
317 3294 583 3377 ostrogotharum
617 3298 822 3364 multitudine
854 3319 955 3381 usque
990 3298 1032 3363 ad
1065 3306 1213 3383 quartum
1247 3300 1337 3366 urbis

164 3403 337 3469 miliarium
370 3412 513 3472 armatus
547 3405 680 3472 aduenit
710 3409 790 3473 nulli
823 3414 932 3474 tamen
964 3410 1180 3474 Romanorum
1221 3410 1338 3476 noxius

162 3515 378 3598 continuoque
405 3515 439 3580 in
461 3516 626 3600 Illyricum
655 3536 805 3585 reuersus
835 3519 997 3586 exunctus
1026 3527 1085 3586 cst.
1130 3520 1231 3602 exigit
1252 3539 1338 3585 nunc

167 3670 469 3679 ---——-—

231 3766 379 3821 taduerh‘r
398 3767 424 3821 1>
526 3767 676 3838 iprehtho
694 3768 721 3823 Ι)
824 3770 961 3825 hadriam
978 3770 1032 3825 BD
1135 3769 1296 3839 Aiperatui
1313 3771 1341 3825 B

163 3863 178 3913 6
199 3867 303 3927 gentem
322 3868 349 3919 (a
367 3859 429 3913 add.
448 3877 520 3913 aran.
537 3863 681 3928 reseratior)
700 3861 728 3917 B
794 3864 929 3919 anthemio
948 3869 974 3927 to
992 3866 1108 3919 mutauit
1126 3866 1154 3919 r‘rr
1172 3872 1190 3916 n
1207 3881 1278 3918 man.
1296 3880 1338 3917 re-

161 3954 275 4013 centior)
294 3951 321 4006 B
430 3956 577 4021 bencepta
596 3954 629 4008 θ’
735 3958 765 4009 11
785 3957 952 4012 extrucratut
968 3958 994 4012 D
1093 3962 1123 4012 13
1141 3956 1295 4025 gundruaru
1314 3957 1340 4011 Ι)

164 4049 194 4098 11
213 4045 296 4098 metet
312 4045 338 4109 Ι)
425 4050 454 4099 15
473 4045 591 4100 emnil)
675 4051 705 4101 ts
723 4050 808 4118 nepus
825 4049 879 4105 BD
981 4054 1011 4105 19
1029 4052 1123 4105 hcerra
1140 4056 1167 4111 (a
1184 4052 1213 4105 ia
1231 4058 1248 4104 u
1266 4052 1338 4105 corr.

161 4153 232 4191 marr.
250 4144 315 4199 reat
335 4137 362 4193 B
430 4137 576 4213 expuhtD
644 4140 810 4196 dalmaciam
834 4142 861 4197 B
946 4146 979 4196 10
998 4144 1064 4197 urbo
1083 4144 1159 4205 turbe
1178 4162 1249 4198 corrz
1267 4160 1341 4199 marr.

161 4239 225 4295 rec.)
245 4229 272 4283 B
328 4231 413 4285 tolohi
433 4230 460 4285 B
541 4235 571 4286 11
592 4234 784 4301 umiegotharu
803 4233 843 4299 B,
862 4236 1096 4304 umiegothorul)
1181 4240 1214 4291 11
1231 4237 1294 4291 herb
1314 4236 1341 4291 D

161 4323 195 4374 11
212 4322 400 4380 trermenhtl)
469 4329 500 4378 15
519 4323 659 4390 fedeniD
711 4330 744 4381 ²8
763 4327 926 4382 armatosB
978 4333 1011 4383 19
1028 4329 1178 4400 ylhrrcuD
1242 4334 1275 4385 19
1293 4346 1339 4385 cx·

161 4415 208 4479 rgrt
224 4428 296 4466 nunc
316 4444 347 4455 -
365 4419 424 4480 343,
443 4421 457 4468 ’1
482 4416 542 4471 sunt
560 4417 680 4485 appelatr
697 4435 749 4474 om.
769 4418 795 4474 1>
