2834 5394
560 631 632 679 cnr.
654 632 838 680 xum-uxr
1231 614 1290 685 179

206 781 374 866 Postquam
402 780 586 868 redemptor
614 783 726 850 mundi
747 783 896 852 dominus
918 786 1009 853 Iesus
1032 784 1180 854 Christus
1202 788 1291 853 uenit

151 890 176 957 in
190 900 275 960 terras
296 900 330 959 et
346 891 498 960 Caesaris
520 912 621 960 censu
642 893 723 960 ciuis
737 895 902 962 Romanus
924 895 1107 981 adscriptus
1130 904 1189 980 est,
1212 895 1288 962 dum

154 1020 193 1086 per
206 1001 366 1070 duodecim
398 1009 433 1069 ut
461 1002 530 1069 dixi
559 1023 663 1071 annos
692 1006 823 1071 clausae
850 1005 928 1072 belli
957 1014 1071 1090 portae
1098 1007 1290 1074 beatissima

156 1113 215 1196 poris
231 1112 462 1199 tranquillitate
483 1113 719 1196 cohiberentur,
743 1114 860 1180 Gaium
882 1123 1034 1200 nepotem
1056 1137 1149 1184 suum
1165 1115 1288 1185 Caesar

136 1221 279 1308 linguatus
306 1222 351 1289 ad
378 1223 577 1291 ordinandas
600 1225 741 1310 Aegypti
769 1226 949 1311 Syriaeque
977 1226 1164 1311 prouincias
1191 1227 1289 1293 misit.

155 1333 189 1415 qui
204 1335 393 1420 praeteriens
414 1336 457 1400 ab
478 1335 628 1420 Aegypto
657 1335 740 1402 fines
762 1337 968 1403 Palaestinae
995 1337 1084 1421 apud
1104 1336 1289 1422 Hierosoly·

154 1462 209 1508 nan
225 1445 256 1511 in
276 1445 399 1532 templo
421 1444 475 1511 dei
497 1451 573 1511 tuno
595 1451 707 1512 sancto
728 1452 759 1510 et
788 1446 906 1511 celebri
935 1445 1073 1512 adorare
1095 1447 1288 1531 contempsit

153 1552 207 1619 siut
231 1555 402 1622 Suetonius
433 1555 643 1640 Tranquillus
676 1555 783 1622 refert.
828 1555 914 1640 quod
944 1557 1110 1640 Augustus
1143 1556 1197 1621 ubi
1230 1576 1287 1642 per

153 1680 200 1729 sun
216 1666 377 1751 comperit,
403 1685 505 1750 prauo
532 1685 611 1733 usus
639 1664 758 1730 iudicio
789 1667 963 1751 prudenter
991 1667 1108 1733 iecisse
1129 1664 1286 1749 laudauit.

127 1778 144 1828 ¹⁰
208 1776 312 1861 ltaque
334 1795 421 1841 anno
448 1776 577 1860 imperii
599 1774 753 1843 Caesaris
782 1775 1031 1859 quadragesimo
1059 1782 1172 1841 octauo
1204 1776 1287 1842 adeo

152 1879 200 1948 dira
214 1886 374 1952 Romanos
395 1885 499 1952 lomes
521 1892 693 1953 consecuta
715 1892 764 1951 est
786 1894 821 1950 ut
842 1884 964 1952 Caesar
985 1886 1176 1953 lanistarum
1199 1886 1287 1951 lami·
1398 1888 1405 1953 ζ

151 1990 192 2059 lias
207 2015 376 2079 omnesque
405 1995 604 2080 peregrinos,
637 2015 804 2063 seruorum
834 2015 960 2080 quoque
990 1995 1149 2062 maximas
1177 1997 1287 2080 copias

151 2107 261 2190 exceptis
282 2105 418 2172 medicis
440 2112 473 2172 et
494 2106 758 2191 praeceptoribus
780 2106 866 2172 trudi
888 2106 967 2172 urbe
989 2107 1198 2190 praeceperit.
1243 2105 1289 2171 ita

151 2222 271 2296 peaante
290 2216 440 2301 principe
467 2215 501 2281 in
534 2222 681 2282 sanctum
703 2215 757 2281 dei
785 2223 817 2282 et
838 2224 985 2300 correpto
1013 2235 1072 2300 per
1094 2216 1210 2282 famem
1233 2235 1288 2300 po·

121 2322 202 2406 ttpno
218 2327 425 2410 quantitatem
447 2325 635 2392 offensionis
658 2326 798 2410 qualitas
821 2327 953 2394 ultionis
975 2326 1123 2394 ostendit.
1168 2324 1287 2392 deinde

148 2438 173 2496 ut
187 2434 281 2502 uerbis
296 2435 439 2501 Cornelii
454 2436 559 2501 Taciti
580 2436 703 2519 loquar,
728 2455 806 2502 sene
820 2437 965 2521 Augusto
986 2437 1086 2504 Ianus
1108 2438 1287 2522 patefactus

147 2539 201 2609 dun
218 2545 303 2631 apud
325 2550 486 2612 exuemus
507 2553 664 2612 terrarum
686 2528 841 2613 terminos
862 2566 967 2613 nouae
988 2554 1102 2631 gentes
1124 2565 1224 2631 saepe
1246 2566 1287 2612 ex

146 2670 189 2717 usu
205 2664 233 2722 et
253 2655 430 2738 aliquando
451 2673 523 2720 curn
545 2655 664 2721 damno
686 2663 894 2741 quaeruntur,
917 2676 1020 2741 usque
1035 2656 1078 2722 ad
1092 2646 1291 2741 Vespasiani

145 2757 247 2829 dorauit
266 2765 448 2849 imperium.

111 2874 135 2927 Β
205 2875 329 2941 Interea
343 2874 466 2942 Cacsar
480 2873 662 2959 Augustus>
677 2897 780 2943 annos
803 2875 934 2959 (natus)
958 2884 1080 2959 septem
1103 2881 1136 2940 et
1157 2880 1284 2958 septua-
1306 2869 1387 2935 XXI

142 2978 394 3068 subingressus
417 2986 533 3049 Nolam
557 2985 668 3050 morbo
690 2987 821 3066 interiit,
846 3006 1040 3070 quamquam
1064 2985 1121 3049 alii
1143 2984 1286 3050 scribant

143 3087 197 3156 dolo
211 3094 323 3161 Liuiae
345 3094 520 3160 extinctum
542 3097 713 3162 metuentis
735 3115 777 3161 ne
799 3096 876 3179 quia
897 3096 1081 3180 priuignum
1096 3095 1285 3180 Agrippam,

143 3219 216 3282 quem
236 3204 308 3269 odio
330 3205 496 3270 nouercali
518 3205 551 3268 in
574 3206 713 3271 insulam
742 3207 955 3289 relegauerat,
984 3206 1095 3270 reduci
1124 3224 1285 3289 compere-

144 3319 188 3392 rtt,
204 3333 239 3379 eo
260 3334 418 3381 summam
439 3333 547 3379 rerum
569 3314 687 3400 adepto
702 3335 824 3400 poenas
840 3315 941 3382 daret.
986 3313 1149 3400 <sepultus
1164 3317 1285 3379 Romae

109 3422 181 3483 aest
204 3425 233 3489 in
263 3444 378 3509 campo
400 3423 543 3509 Martio.)
587 3425 684 3508 igitur
716 3434 874 3490 mortuum
907 3445 964 3491 seu
996 3431 1144 3491 necatum
1176 3424 1285 3490 multis

145 3532 274 3618 osruisque
296 3534 473 3601 honoribus
497 3543 630 3602 senatus
653 3537 779 3602 censuit
793 3535 1022 3602 decorandum.
1065 3555 1142 3601 nam
1157 3542 1285 3619 praeter

146 3634 171 3699 id
194 3645 266 3724 quod
298 3651 396 3710 antea
428 3651 552 3728 patrem
585 3646 710 3729 patriae
744 3645 880 3727 dixerat,
916 3647 1037 3730 templa
1068 3652 1134 3710 tam
1162 3647 1284 3710 Romae

147 3764 217 3826 quan
235 3774 291 3839 per
311 3754 409 3821 urbes
431 3755 658 3822 celeberrimas
681 3755 712 3821 ei
734 3756 934 3821 consecrauit
962 3756 1086 3822 eunctis
1116 3756 1212 3839 uulgo
1241 3756 1286 3820 ia·

148 3861 276 3932 mitons
299 3865 438 3930 ‘utinam
462 3873 602 3929 autnon
632 3872 818 3932 nasceretur
847 3872 902 3929 aut
931 3887 994 3930 non
1024 3866 1208 3930 moreretur'
1236 3864 1286 3929 uir

113 3964 188 4046 toqui
208 3993 264 4041 non
292 3975 442 4040 inmerito
472 3994 511 4040 ex
541 3976 684 4040 maxima
714 3981 807 4060 parte
836 3973 896 4039 deo
927 3974 1042 4041 similis
1072 3982 1122 4061 est
1143 3983 1283 4059 putatus.

198 4207 303 4263 turb
398 4206 620 4261 tcohrberentut
641 4207 668 4263 Β
770 4209 992 4278 ophaleroneb
1076 4208 1286 4264 hierotolrmaD

150 4288 314 4366 ttonqndrut
328 4298 429 4354 referat
446 4299 472 4354 Β
577 4305 607 4354 tt
630 4308 760 4370 peccante
778 4305 899 4372 prrncrpd
918 4302 943 4357 D
1048 4307 1078 4356 to
1096 4307 1168 4366 sene]
1187 4302 1241 4354 ime
1259 4301 1286 4354 Β

150 4380 311 4456 trulum
328 4393 357 4447 Β
431 4396 460 4446 ar
482 4392 544 4447 nore
561 4393 588 4448 Β
674 4381 958 4469 cirritaniae
1018 4410 1138 4464 pnurgne
1156 4394 1241 4448 summ
1259 4393 1286 4447 Β

150 4472 331 4551 Βτεὴςαῖυοηῑ
347 4484 384 4551 Β,
401 4485 534 4554 hgauerat
551 4485 591 4551 Β,
610 4486 706 4542 cleiade
724 4505 774 4543 om.
795 4489 887 4543 reducr
906 4495 1074 4557 compererat
1091 4488 1118 4543 Β
1186 4493 1218 4542 24
1236 4503 1284 4558 pq·

151 4568 214 4626 boib
277 4578 479 4634 ttettom.1)
537 4580 682 4635 marcrol)
732 4583 893 4652 multisque!
909 4596 941 4636 ac
959 4583 1036 4636 nomi
1054 4581 1081 4636 B
1155 4586 1187 4636 26
1205 4581 1285 4636 deco-

151 4662 258 4723 uoluta
355 4676 387 4726 tl
406 4669 519 4742 paltrem
536 4680 623 4741 patrue
641 4679 723 4728 antea
740 4674 767 4728 B
866 4679 899 4729 28
918 4674 1116 4744 celeberrrlmaa
1133 4675 1200 4746 (soit
1217 4685 1239 4733 sl
1258 4674 1285 4730 Β

153 4762 219 4812 bom.
235 4762 267 4826 B,
283 4763 377 4820 detrude
394 4764 541 4834 celebrauit
561 4766 586 4820 Β
709 4805 715 4815 .

1030 4871 1083 4924 12*
