2834 5394
189 272 251 336 364
667 287 761 335 nrum
782 287 870 335 xvrn

133 440 161 506 V
273 437 435 523 <Septimo
464 436 583 504 deinde
611 438 739 523 imperii
759 438 930 505 Iustiniani
960 457 1044 503 anno
1073 437 1159 501 facta
1180 443 1256 503 sunt
1277 437 1363 503 Van·

188 548 295 616 dolica
316 548 412 614 bella.
456 550 629 632 episcopus
657 556 766 613 autem
794 546 925 629 qnidam
947 547 1114 613 orientalis
1135 547 1238 631 partis
1261 547 1361 633 impe-

186 665 327 726 ratorem
356 658 571 724 Iustinianum
604 656 760 725 detorruit
792 656 903 723 dicens
938 676 978 722 cx
1010 656 1072 723 deo
1104 657 1166 723 sibi
1199 657 1359 724 uisionem

186 769 304 835 iactam
334 767 497 834 iubentem
530 767 593 834 sibi
625 767 668 833 ad
700 769 926 852 imperatorem
959 767 1113 833 accedere
1141 774 1173 831 et
1194 767 1360 851 postulare

187 886 222 945 ut
243 877 445 943 Christianos
468 877 524 961 qui
545 885 638 942 erant
659 877 693 942 in
715 878 821 962 Libya
842 878 995 943 liberaret
1017 898 1037 943 a
1059 877 1217 962 tyrannis.
1241 877 1390 960 quibust

186 989 362 1073 imperator
389 986 509 1053 auditis
539 988 678 1053 retinere
706 995 845 1054 mentem
874 989 958 1053 ultra
985 1007 1050 1052 non
1079 987 1183 1071 potuit
1212 986 1271 1053 scd
1292 993 1358 1051 tam

186 1098 362 1165 exercitum
385 1104 416 1161 et
437 1117 539 1162 naues
562 1097 661 1163 aroris
682 1097 891 1163 circumdedit
919 1106 951 1163 et
973 1098 1128 1162 uictualia
1149 1096 1360 1181 praeparauit

185 1206 436 1291 Bilisariumque
458 1208 491 1271 in
513 1207 678 1292 procinctu
707 1226 781 1274 esse
809 1207 983 1292 praecepit,
1013 1207 1047 1271 iu
1068 1207 1207 1291 Libyam
1234 1213 1360 1290 praeto·

185 1335 253 1383 rem
286 1317 461 1401 imperator
493 1317 715 1401 principaliter
746 1318 780 1383 in
812 1318 962 1383 omnibus
993 1316 1113 1383 statuit.
1158 1323 1228 1382 erat
1249 1322 1357 1381 autem

183 1445 260 1493 cum
282 1445 321 1491 eo
343 1435 376 1493 et
396 1427 572 1512 Procopius
594 1427 709 1492 harum
732 1446 839 1494 rerum
866 1428 1073 1511 conscriptor.
1117 1426 1358 1510 proficiscentes
1376 1437 1404 1486 te

185 1544 293 1604 autem
315 1537 448 1620 aregio
470 1536 549 1602 urbe
571 1537 720 1602 abierunt
735 1536 895 1622 Abydum.
939 1537 1110 1602 Bilisarius
1132 1554 1208 1600 uero
1224 1535 1359 1602 curabat

185 1654 346 1732 quatenus
368 1647 539 1713 uniuersus
562 1648 664 1712 stolus
687 1647 781 1713 simui
804 1648 975 1730 nauigarct
989 1653 1020 1712 ct
1036 1646 1069 1711 in
1085 1645 1255 1730 praedium
1271 1644 1356 1711 idem

183 1756 290 1842 ipsum
312 1755 497 1822 diuerterct.
541 1775 677 1841 cumque
700 1756 742 1821 ad
765 1757 907 1822 Siciliam
930 1756 1143 1842 peruenisset,
1173 1755 1262 1822 misit
1284 1756 1359 1820 Pro·

184 1869 315 1952 copinm
343 1866 591 1950 conscriptorem
621 1868 815 1950 Syracusani
846 1867 874 1933 si
902 1867 983 1932 forte
1010 1866 1170 1930 inueniret
1199 1865 1357 1950 quosdam

184 1975 239 2059 qui
263 1995 299 2041 se
321 1975 355 2039 in
378 1975 513 2059 Libyam
538 1975 700 2040 ducerent.
744 1976 815 2060 ipsc
837 1997 914 2041 uero
937 1976 1018 2041 stolo
1048 1982 1179 2059 accepto
1208 1975 1251 2040 ad
1274 1974 1357 2040 Gau·
1376 1985 1403 2034 tt

184 2101 297 2149 canam
322 2085 509 2168 properauit
531 2086 641 2149 uillam
664 2084 811 2151 ducentis
839 2086 1045 2170 aSyracusa
1072 2085 1187 2151 stadiis
1209 2084 1358 2150 differen-

183 2200 257 2260 tem.
302 2194 476 2279 Procopius
506 2214 582 2278 ergo
605 2196 799 2279 Syracusam
829 2195 996 2278 ingressus
1026 2213 1120 2261 escas
1149 2194 1226 2259 cmit
1247 2214 1358 2261 conse·

182 2314 276 2370 cutus
298 2323 425 2388 quoque
447 2305 613 2389 inopinate
641 2305 746 2369 uirum
776 2305 830 2389 qui
860 2304 923 2371 sibi
945 2305 1049 2369 iuerat
1070 2305 1193 2395 anricus
1215 2323 1236 2370 a
1257 2324 1358 2388 puero

184 2413 303 2499 quique
330 2414 585 2498 experimentum
614 2415 739 2482 habens
762 2415 887 2500 Libyae
916 2414 1057 2479 locorum
1087 2421 1119 2479 ct
1140 2414 1253 2480 maris:
1290 2422 1357 2480 tres

181 2529 305 2590 tantum
328 2523 398 2592 dies
420 2525 616 2592 transierant
638 2545 679 2591 ex
700 2546 763 2610 quo
786 2524 984 2607 Carthagine
1012 2530 1147 2588 uenerat
1175 2531 1206 2588 et
1228 2542 1356 2590 asseue·
1373 2538 1405 2588 tc

182 2634 278 2699 rabat
289 2654 415 2699 omnem
428 2635 632 2702 securitatem
643 2636 766 2701 habere
779 2636 853 2702 illos
868 2640 900 2699 et
911 2633 997 2698 haud
1011 2640 1151 2698 metuere
1163 2651 1356 2718 quemquam

183 2761 292 2807 eorum
316 2742 401 2825 quod
425 2743 582 2810 aduersus
605 2765 641 2811 se
663 2752 846 2810 moueretur
868 2744 1028 2809 exercitus
1049 2743 1097 2807 ita
1118 2749 1153 2807 ut
1167 2762 1188 2805 a
1203 2749 1353 2826 quattuor

183 2851 407 2919 mansionibus
429 2853 529 2919 maris
551 2852 694 2921 Geiimer
716 2860 904 2919 moraretur.
949 2853 1034 2917 hunc
1056 2871 1132 2934 crgo
1155 2858 1355 2935 assumptum

121 2966 164 3031 VI
187 2962 362 3048 Procopius
385 2961 426 3026 ad
449 2962 601 3028 Caucaua
622 2964 819 3047 perueniens
841 2962 991 3027 Bilisario
1013 2962 1244 3047 praescntauit.
1289 2962 1357 3045 qui-

182 3070 242 3137 bus
275 3073 447 3156 compertis
477 3072 648 3138 Bilisarius
682 3073 895 3138 transmcauit
928 3079 960 3136 ct
992 3072 1092 3137 exiuit
1124 3072 1158 3135 iu
1191 3070 1353 3154 quoddam
1373 3084 1404 3134 ²5

181 3179 350 3263 praedium
379 3200 594 3265 aggeremque
621 3200 660 3245 ae
688 3183 808 3246 uallum
844 3181 1036 3267 profundum
1065 3182 1220 3247 iacientes
1248 3188 1357 3247 castra

181 3289 292 3352 metati
315 3296 397 3354 sunt.
443 3289 497 3354 ubi
521 3298 645 3355 etcum
668 3292 758 3358 locus
780 3293 958 3376 inaquosus
986 3297 1082 3372 essct,
1120 3292 1207 3355 uallo
1237 3290 1356 3356 effosso

183 3403 268 3463 terra
297 3399 430 3482 protulit
459 3419 577 3484 aquam
599 3400 641 3466 ad
665 3420 791 3466 omnem
811 3402 984 3466 utilitatem
1005 3400 1223 3466 animantibus
1247 3407 1279 3465 et
1302 3419 1354 3465 cr·

182 3508 344 3574 crcitibus.
389 3510 535 3593 sequenti
568 3529 644 3575 uero
678 3512 731 3577 die
763 3512 901 3596 populus
934 3509 976 3576 ad
1009 3509 1165 3594 praedam
1198 3510 1353 3594 prorupit.

181 3666 483 3679 -ζ

254 3762 360 3824 1-370,
379 3763 411 3813 23
430 3760 465 3829 (>
490 3759 531 3815 D:
560 3766 665 3815 mterea
691 3761 727 3816 ad
753 3760 865 3816 astream
893 3776 972 3831 quum
996 3762 1000 3828 Ι
1022 3776 1066 3814 am
1090 3759 1179 3814 multis
1204 3758 1357 3813 labentibus

181 3851 261 3905 anmi
281 3852 409 3906 uuandslr
424 3855 429 3921 Ι
444 3853 614 3922 potirdebant
635 3869 669 3908 -a
694 3854 839 3909 rusticiano
867 3863 900 3909 co
927 3859 1047 3909 exercitu
1072 3858 1077 3918 Ι
1102 3853 1240 3906 beltranus
1265 3851 1357 3905 mrisui

181 3944 220 3997 eit
239 3970 245 3979 ·
263 3961 308 4013 qur
340 3962 402 4000 mox
433 3947 543 4016 proejlro
571 3963 632 4001 cum
654 3947 800 4001 uuandalrs
830 3947 967 4001 commisso
1003 3953 1068 4000 coru
1103 3945 1213 4013 magnei
1234 3946 1238 4009 t
1262 3943 1357 4011 coprus

180 4033 265 4089 iudet·
282 4046 371 4108 rogem
389 4047 454 4093 eoru
471 4039 610 4107 gelismero
628 4040 728 4107 urluum
747 4040 857 4109 capreus
874 4038 1127 4106 constantinopolim
1144 4036 1231 4091 mrsrt·
1255 4036 1353 4104 loher-

179 4131 242 4197 tago
268 4146 349 4200 quoq3
374 4133 434 4202 post
460 4141 532 4188 anon
559 4134 604 4203 suc
632 4134 771 4188 excrironri
792 4133 797 4201 Ι
821 4132 992 4199 nonagesimo
1022 4131 1096 4184 sextu
1126 4134 1236 4197 recepta
1261 4129 1300 4182 eit
1327 4127 1354 4181 B

181 4229 331 4301 olybraD
383 4232 564 4297 ermpcmctu
581 4226 608 4281 D
675 4224 793 4297 lybiaD
887 4229 915 4277 11
943 4193 1024 4277 {bide
1048 4222 1074 4277 Ι)
1171 4225 1200 4276 13
1220 4221 1310 4291 sycilia
1328 4220 1355 4273 l)

182 4329 212 4378 ¹5
230 4322 303 4394 lybu‘t
319 4320 346 4376 D
433 4326 464 4374 19
480 4319 595 4391 lyorelt
681 4323 714 4373 20
732 4333 765 4372 ex
783 4332 837 4386 qua
854 4316 1002 4383 Kartegrne
1019 4314 1046 4369 Ι)
1125 4319 1157 4369 23
1181 4315 1262 4368 maris
1281 4321 1355 4367 Aac·

178 4418 294 4472 etesius:
312 4414 389 4469 maht
404 4412 458 4468 ΒΡ
