<?xml version="1.0" encoding="UTF-8"?>
<!DOCTYPE html PUBLIC "-//W3C//DTD XHTML 1.0 Transitional//EN"
    "http://www.w3.org/TR/xhtml1/DTD/xhtml1-transitional.dtd">
<html xmlns="http://www.w3.org/1999/xhtml" xml:lang="en" lang="en">
 <head>
  <title>
</title>
<meta http-equiv="Content-Type" content="text/html;charset=utf-8" />
  <meta name='ocr-system' content='tesseract 3.04.00' />
  <meta name='ocr-capabilities' content='ocr_page ocr_carea ocr_par ocr_line ocrx_word'/>
</head>
<body>
  <div class='ocr_page' id='page_1' title='image "./historiamiscell00sagagoog_0572.png"; bbox 0 0 2834 5394; ppageno 0'>
   <div class='ocr_carea' id='block_1_1' title="bbox 133 249 818 311">
    <p class='ocr_par' dir='ltr' id='par_1_1' title="bbox 133 249 818 311">
     <span class='ocr_line' id='line_1_1' title="bbox 133 249 818 311; baseline 0 -1"><span class='ocrx_word' id='word_1_1' title='bbox 133 249 195 310; x_wconf 80' lang='lat'>558</span> <span class='ocrx_word' id='word_1_2' title='bbox 604 264 695 310; x_wconf 82' lang='lat' dir='ltr'>nrum</span> <span class='ocrx_word' id='word_1_3' title='bbox 717 264 818 311; x_wconf 83' lang='lat' dir='ltr'>xxun</span> 
     </span>
    </p>
   </div>
   <div class='ocr_carea' id='block_1_2' title="bbox 57 415 1369 4020">
    <p class='ocr_par' dir='ltr' id='par_1_2' title="bbox 132 415 1356 1032">
     <span class='ocr_line' id='line_1_2' title="bbox 133 415 1326 500; baseline 0 -20"><span class='ocrx_word' id='word_1_4' title='bbox 133 425 265 498; x_wconf 88' lang='lat' dir='ltr'>tumque</span> <span class='ocrx_word' id='word_1_5' title='bbox 302 435 383 500; x_wconf 93' lang='lat' dir='ltr'>opus</span> <span class='ocrx_word' id='word_1_6' title='bbox 416 435 487 479; x_wconf 91' lang='lat' dir='ltr'>cum</span> <span class='ocrx_word' id='word_1_7' title='bbox 521 415 619 479; x_wconf 90' lang='lat' dir='ltr'>uerbo</span> <span class='ocrx_word' id='word_1_8' title='bbox 650 416 773 499; x_wconf 91' lang='lat' dir='ltr'>pariter</span> <span class='ocrx_word' id='word_1_9' title='bbox 804 420 1059 481; x_wconf 89' lang='lat' dir='ltr'>consummatum</span> <span class='ocrx_word' id='word_1_10' title='bbox 1090 422 1144 480; x_wconf 89' lang='lat' dir='ltr'>est</span> <span class='ocrx_word' id='word_1_11' title='bbox 1168 422 1206 480; x_wconf 89' lang='lat' dir='ltr'>et</span> <span class='ocrx_word' id='word_1_12' title='bbox 1230 415 1326 481; x_wconf 91' lang='lat' dir='ltr'>multi</span> 
     </span>
     <span class='ocr_line' id='line_1_3' title="bbox 133 523 1326 610; baseline -0.001 -17"><span class='ocrx_word' id='word_1_13' title='bbox 133 526 246 593; x_wconf 88' lang='lat' dir='ltr'>codem</span> <span class='ocrx_word' id='word_1_14' title='bbox 279 524 332 591; x_wconf 90' lang='lat' dir='ltr'>dic</span> <span class='ocrx_word' id='word_1_15' title='bbox 366 533 525 610; x_wconf 80' lang='lat' dir='ltr'>martyres</span> <span class='ocrx_word' id='word_1_16' title='bbox 559 535 635 591; x_wconf 92' lang='lat' dir='ltr'>sunt</span> <span class='ocrx_word' id='word_1_17' title='bbox 667 526 788 591; x_wconf 90' lang='lat' dir='ltr'>ostensi</span> <span class='ocrx_word' id='word_1_18' title='bbox 812 526 911 608; x_wconf 90' lang='lat' dir='ltr'>multi,</span> <span class='ocrx_word' id='word_1_19' title='bbox 947 544 1023 589; x_wconf 91' lang='lat' dir='ltr'>uero</span> <span class='ocrx_word' id='word_1_20' title='bbox 1052 523 1259 592; x_wconf 88' lang='lat' dir='ltr'>deficientes</span> <span class='ocrx_word' id='word_1_21' title='bbox 1294 536 1326 592; x_wconf 88' lang='lat' dir='ltr'>et</span> 
     </span>
     <span class='ocr_line' id='line_1_4' title="bbox 135 636 1324 721; baseline 0 -19"><span class='ocrx_word' id='word_1_22' title='bbox 135 637 279 702; x_wconf 89' lang='lat' dir='ltr'>eneruati</span> <span class='ocrx_word' id='word_1_23' title='bbox 316 637 480 721; x_wconf 86' lang='lat' dir='ltr'>perierunt</span> <span class='ocrx_word' id='word_1_24' title='bbox 516 656 597 719; x_wconf 91' lang='lat' dir='ltr'>quos</span> <span class='ocrx_word' id='word_1_25' title='bbox 634 642 666 700; x_wconf 88' lang='lat' dir='ltr'>ct</span> <span class='ocrx_word' id='word_1_26' title='bbox 700 636 877 701; x_wconf 78' lang='lat' dir='ltr'><strong>familiares</strong></span> <span class='ocrx_word' id='word_1_27' title='bbox 913 636 976 702; x_wconf 93' lang='lat' dir='ltr'>sibi</span> <span class='ocrx_word' id='word_1_28' title='bbox 1011 636 1122 700; x_wconf 82' lang='lat' dir='ltr'>Draco</span> <span class='ocrx_word' id='word_1_29' title='bbox 1164 636 1324 702; x_wconf 75' lang='lat' dir='ltr'><strong>faciebat.</strong></span> 
     </span>
     <span class='ocr_line' id='line_1_5' title="bbox 132 746 1324 832; baseline -0.001 -19"><span class='ocrx_word' id='word_1_30' title='bbox 132 757 302 831; x_wconf 86' lang='lat' dir='ltr'>praetcrea</span> <span class='ocrx_word' id='word_1_31' title='bbox 324 746 498 811; x_wconf 83' lang='lat' dir='ltr'>indictione</span> <span class='ocrx_word' id='word_1_32' title='bbox 520 767 616 829; x_wconf 89' lang='lat' dir='ltr'>nona,</span> <span class='ocrx_word' id='word_1_33' title='bbox 646 766 756 811; x_wconf 88' lang='lat' dir='ltr'>mense</span> <span class='ocrx_word' id='word_1_34' title='bbox 788 746 939 811; x_wconf 91' lang='lat' dir='ltr'>Ianuario</span> <span class='ocrx_word' id='word_1_35' title='bbox 969 753 1066 811; x_wconf 88' lang='lat' dir='ltr'>natus</span> <span class='ocrx_word' id='word_1_36' title='bbox 1099 754 1153 812; x_wconf 88' lang='lat' dir='ltr'>cst</span> <span class='ocrx_word' id='word_1_37' title='bbox 1178 747 1324 832; x_wconf 84' lang='lat' dir='ltr'>impera·</span> 
     </span>
     <span class='ocr_line' id='line_1_6' title="bbox 133 855 1356 939; baseline -0.003 -17"><span class='ocrx_word' id='word_1_38' title='bbox 133 858 194 922; x_wconf 92' lang='lat' dir='ltr'>tori</span> <span class='ocrx_word' id='word_1_39' title='bbox 216 858 317 922; x_wconf 88' lang='lat' dir='ltr'>Leoni</span> <span class='ocrx_word' id='word_1_40' title='bbox 352 863 383 921; x_wconf 91' lang='lat' dir='ltr'>et</span> <span class='ocrx_word' id='word_1_41' title='bbox 404 857 522 921; x_wconf 77' lang='lat' dir='ltr'>Eirene</span> <span class='ocrx_word' id='word_1_42' title='bbox 550 855 653 938; x_wconf 83' lang='lat' dir='ltr'>filius,</span> <span class='ocrx_word' id='word_1_43' title='bbox 692 856 746 939; x_wconf 90' lang='lat' dir='ltr'>qui</span> <span class='ocrx_word' id='word_1_44' title='bbox 780 856 963 922; x_wconf 88' lang='lat' dir='ltr'>nominatus</span> <span class='ocrx_word' id='word_1_45' title='bbox 996 863 1045 920; x_wconf 90' lang='lat' dir='ltr'>est</span> <span class='ocrx_word' id='word_1_46' title='bbox 1074 855 1356 925; x_wconf 74' lang='lat' dir='ltr'>Constantinuss</span> 
     </span>
     <span class='ocr_line' id='line_1_7' title="bbox 134 965 946 1032; baseline -0.001 -1"><span class='ocrx_word' id='word_1_47' title='bbox 134 966 210 1032; x_wconf 91' lang='lat' dir='ltr'>dum</span> <span class='ocrx_word' id='word_1_48' title='bbox 233 967 338 1030; x_wconf 89' lang='lat' dir='ltr'>adhuc</span> <span class='ocrx_word' id='word_1_49' title='bbox 362 966 485 1030; x_wconf 87' lang='lat' dir='ltr'>uiueret</span> <span class='ocrx_word' id='word_1_50' title='bbox 507 965 739 1032; x_wconf 79' lang='lat' dir='ltr'>Constantinus</span> <span class='ocrx_word' id='word_1_51' title='bbox 763 987 843 1032; x_wconf 89' lang='lat' dir='ltr'>auus</span> <span class='ocrx_word' id='word_1_52' title='bbox 866 967 946 1032; x_wconf 91' lang='lat' dir='ltr'>eius.</span> 
     </span>
    </p>

    <p class='ocr_par' dir='ltr' id='par_1_3' title="bbox 57 1073 1369 2577">
     <span class='ocr_line' id='line_1_8' title="bbox 57 1073 1325 1160; baseline 0.005 -24"><span class='ocrx_word' id='word_1_53' title='bbox 57 1073 112 1137; x_wconf 67' lang='grc' dir='ltr'>,ΙΙΙ</span> <span class='ocrx_word' id='word_1_54' title='bbox 218 1077 311 1140; x_wconf 82' lang='lat' dir='ltr'>Anno</span> <span class='ocrx_word' id='word_1_55' title='bbox 332 1074 459 1159; x_wconf 90' lang='lat' dir='ltr'>imperii</span> <span class='ocrx_word' id='word_1_56' title='bbox 475 1075 678 1141; x_wconf 82' lang='lat' dir='ltr'>Constantini</span> <span class='ocrx_word' id='word_1_57' title='bbox 699 1077 860 1142; x_wconf 88' lang='lat' dir='ltr'>tricesimo</span> <span class='ocrx_word' id='word_1_58' title='bbox 882 1075 984 1160; x_wconf 91' lang='lat' dir='ltr'>primo</span> <span class='ocrx_word' id='word_1_59' title='bbox 1006 1075 1109 1139; x_wconf 88' lang='lat' dir='ltr'>mouit</span> <span class='ocrx_word' id='word_1_60' title='bbox 1132 1078 1325 1142; x_wconf 83' lang='lat' dir='ltr'>exercitum</span> 
     </span>
     <span class='ocr_line' id='line_1_9' title="bbox 133 1184 1325 1254; baseline 0.003 -4"><span class='ocrx_word' id='word_1_61' title='bbox 133 1186 281 1250; x_wconf 88' lang='lat' dir='ltr'>Banacas</span> <span class='ocrx_word' id='word_1_62' title='bbox 303 1192 414 1250; x_wconf 90' lang='lat' dir='ltr'>contra</span> <span class='ocrx_word' id='word_1_63' title='bbox 435 1185 626 1251; x_wconf 87' lang='lat' dir='ltr'>Romaniam</span> <span class='ocrx_word' id='word_1_64' title='bbox 655 1196 686 1250; x_wconf 88' lang='lat' dir='ltr'>et</span> <span class='ocrx_word' id='word_1_65' title='bbox 713 1207 785 1252; x_wconf 93' lang='lat' dir='ltr'>cum</span> <span class='ocrx_word' id='word_1_66' title='bbox 813 1184 1035 1253; x_wconf 83' lang='lat' dir='ltr'>descendisset</span> <span class='ocrx_word' id='word_1_67' title='bbox 1057 1186 1101 1250; x_wconf 89' lang='lat' dir='ltr'>ab</span> <span class='ocrx_word' id='word_1_68' title='bbox 1125 1187 1271 1253; x_wconf 90' lang='lat' dir='ltr'>Isauria</span> <span class='ocrx_word' id='word_1_69' title='bbox 1291 1190 1325 1254; x_wconf 90' lang='lat' dir='ltr'>iu</span> 
     </span>
     <span class='ocr_line' id='line_1_10' title="bbox 132 1294 1322 1381; baseline 0.003 -21"><span class='ocrx_word' id='word_1_70' title='bbox 132 1302 272 1362; x_wconf 89' lang='lat' dir='ltr'>castrum</span> <span class='ocrx_word' id='word_1_71' title='bbox 295 1295 395 1380; x_wconf 86' lang='lat' dir='ltr'>Syces</span> <span class='ocrx_word' id='word_1_72' title='bbox 429 1294 555 1362; x_wconf 86' lang='lat' dir='ltr'>obsedit</span> <span class='ocrx_word' id='word_1_73' title='bbox 582 1294 671 1360; x_wconf 94' lang='lat' dir='ltr'>illud.</span> <span class='ocrx_word' id='word_1_74' title='bbox 717 1296 802 1380; x_wconf 90' lang='lat' dir='ltr'>quod</span> <span class='ocrx_word' id='word_1_75' title='bbox 834 1315 906 1361; x_wconf 93' lang='lat' dir='ltr'>cum</span> <span class='ocrx_word' id='word_1_76' title='bbox 939 1296 1086 1361; x_wconf 84' lang='lat' dir='ltr'>audisset</span> <span class='ocrx_word' id='word_1_77' title='bbox 1119 1297 1322 1381; x_wconf 86' lang='lat' dir='ltr'>imperator,</span> 
     </span>
     <span class='ocr_line' id='line_1_11' title="bbox 132 1405 1369 1491; baseline 0 -17"><span class='ocrx_word' id='word_1_78' title='bbox 132 1407 262 1491; x_wconf 82' lang='lat' dir='ltr'>scripsit</span> <span class='ocrx_word' id='word_1_79' title='bbox 298 1405 340 1471; x_wconf 84' lang='lat' dir='ltr'>ad</span> <span class='ocrx_word' id='word_1_80' title='bbox 368 1405 558 1472; x_wconf 87' lang='lat' dir='ltr'>Michaclem</span> <span class='ocrx_word' id='word_1_81' title='bbox 595 1413 773 1491; x_wconf 89' lang='lat' dir='ltr'>praetorem</span> <span class='ocrx_word' id='word_1_82' title='bbox 811 1406 1010 1471; x_wconf 89' lang='lat' dir='ltr'>orientalium</span> <span class='ocrx_word' id='word_1_83' title='bbox 1049 1412 1080 1471; x_wconf 88' lang='lat' dir='ltr'>et</span> <span class='ocrx_word' id='word_1_84' title='bbox 1119 1407 1164 1472; x_wconf 89' lang='lat' dir='ltr'>ad</span> <span class='ocrx_word' id='word_1_85' title='bbox 1204 1408 1324 1474; x_wconf 86' lang='lat' dir='ltr'>Manin</span> <span class='ocrx_word' id='word_1_86' title='bbox 1345 1418 1369 1466; x_wconf 85' lang='lat'>10</span> 
     </span>
     <span class='ocr_line' id='line_1_12' title="bbox 131 1516 1324 1602; baseline 0.003 -21"><span class='ocrx_word' id='word_1_87' title='bbox 131 1516 402 1583; x_wconf 88' lang='lat' dir='ltr'>Buccellariorum</span> <span class='ocrx_word' id='word_1_88' title='bbox 430 1522 461 1581; x_wconf 88' lang='lat' dir='ltr'>et</span> <span class='ocrx_word' id='word_1_89' title='bbox 483 1516 624 1582; x_wconf 89' lang='lat' dir='ltr'>Bardam</span> <span class='ocrx_word' id='word_1_90' title='bbox 646 1517 907 1582; x_wconf 83' lang='lat' dir='ltr'>Armeniacorum</span> <span class='ocrx_word' id='word_1_91' title='bbox 930 1524 1107 1602; x_wconf 89' lang='lat' dir='ltr'>praetores,</span> <span class='ocrx_word' id='word_1_92' title='bbox 1148 1519 1212 1602; x_wconf 87' lang='lat' dir='ltr'>qui</span> <span class='ocrx_word' id='word_1_93' title='bbox 1251 1539 1324 1585; x_wconf 92' lang='lat' dir='ltr'>cum</span> 
     </span>
     <span class='ocr_line' id='line_1_13' title="bbox 132 1627 1324 1711; baseline 0.004 -20"><span class='ocrx_word' id='word_1_94' title='bbox 132 1628 308 1707; x_wconf 82' lang='lat' dir='ltr'>uenissent,</span> <span class='ocrx_word' id='word_1_95' title='bbox 338 1633 508 1692; x_wconf 89' lang='lat' dir='ltr'>tenuerunt</span> <span class='ocrx_word' id='word_1_96' title='bbox 530 1646 695 1710; x_wconf 86' lang='lat' dir='ltr'>egressum</span> <span class='ocrx_word' id='word_1_97' title='bbox 718 1647 838 1708; x_wconf 84' lang='lat' dir='ltr'>eorum,</span> <span class='ocrx_word' id='word_1_98' title='bbox 868 1627 944 1711; x_wconf 84' lang='lat' dir='ltr'>quia</span> <span class='ocrx_word' id='word_1_99' title='bbox 966 1633 1035 1692; x_wconf 90' lang='lat' dir='ltr'>erat</span> <span class='ocrx_word' id='word_1_100' title='bbox 1057 1627 1196 1692; x_wconf 93' lang='lat' dir='ltr'>clusura</span> <span class='ocrx_word' id='word_1_101' title='bbox 1221 1630 1324 1696; x_wconf 87' lang='lat' dir='ltr'>ualde</span> 
     </span>
     <span class='ocr_line' id='line_1_14' title="bbox 132 1735 1325 1806; baseline 0.004 -5"><span class='ocrx_word' id='word_1_102' title='bbox 132 1736 273 1802; x_wconf 82' lang='lat' dir='ltr'>difficilis</span> <span class='ocrx_word' id='word_1_103' title='bbox 303 1735 345 1800; x_wconf 89' lang='lat' dir='ltr'>ad</span> <span class='ocrx_word' id='word_1_104' title='bbox 373 1736 556 1802; x_wconf 88' lang='lat' dir='ltr'>meandum.</span> <span class='ocrx_word' id='word_1_105' title='bbox 608 1737 710 1802; x_wconf 91' lang='lat' dir='ltr'>stolus</span> <span class='ocrx_word' id='word_1_106' title='bbox 738 1750 845 1802; x_wconf 90' lang='lat' dir='ltr'>autem</span> <span class='ocrx_word' id='word_1_107' title='bbox 883 1736 1118 1802; x_wconf 80' lang='lat' dir='ltr'>Oibircotorum</span> <span class='ocrx_word' id='word_1_108' title='bbox 1149 1757 1233 1804; x_wconf 89' lang='lat' dir='ltr'>cum</span> <span class='ocrx_word' id='word_1_109' title='bbox 1264 1741 1325 1806; x_wconf 87' lang='lat' dir='ltr'>Pe-</span> 
     </span>
     <span class='ocr_line' id='line_1_15' title="bbox 130 1844 1323 1934; baseline 0.004 -23"><span class='ocrx_word' id='word_1_110' title='bbox 130 1852 223 1912; x_wconf 85' lang='lat' dir='ltr'>trone</span> <span class='ocrx_word' id='word_1_111' title='bbox 246 1844 419 1930; x_wconf 87' lang='lat' dir='ltr'>Spatbario</span> <span class='ocrx_word' id='word_1_112' title='bbox 441 1852 588 1929; x_wconf 90' lang='lat' dir='ltr'>praetore</span> <span class='ocrx_word' id='word_1_113' title='bbox 610 1866 667 1912; x_wconf 90' lang='lat' dir='ltr'>suo</span> <span class='ocrx_word' id='word_1_114' title='bbox 691 1847 826 1913; x_wconf 91' lang='lat' dir='ltr'>ueniens</span> <span class='ocrx_word' id='word_1_115' title='bbox 848 1846 1004 1930; x_wconf 85' lang='lat' dir='ltr'>applicuit</span> <span class='ocrx_word' id='word_1_116' title='bbox 1032 1847 1062 1910; x_wconf 93' lang='lat' dir='ltr'>in</span> <span class='ocrx_word' id='word_1_117' title='bbox 1093 1856 1194 1929; x_wconf 89' lang='lat' dir='ltr'>portu</span> <span class='ocrx_word' id='word_1_118' title='bbox 1220 1871 1323 1934; x_wconf 73' lang='lat' dir='ltr'>prae</span> 
     </span>
     <span class='ocr_line' id='line_1_16' title="bbox 131 1954 1369 2039; baseline 0.001 -20"><span class='ocrx_word' id='word_1_119' title='bbox 131 1954 209 2019; x_wconf 91' lang='lat' dir='ltr'>dicti</span> <span class='ocrx_word' id='word_1_120' title='bbox 230 1956 336 2020; x_wconf 89' lang='lat' dir='ltr'>castri.</span> <span class='ocrx_word' id='word_1_121' title='bbox 372 1954 459 2038; x_wconf 90' lang='lat' dir='ltr'>quod</span> <span class='ocrx_word' id='word_1_122' title='bbox 481 1974 553 2019; x_wconf 92' lang='lat' dir='ltr'>cum</span> <span class='ocrx_word' id='word_1_123' title='bbox 566 1956 715 2021; x_wconf 86' lang='lat' dir='ltr'>Banacas</span> <span class='ocrx_word' id='word_1_124' title='bbox 729 1956 866 2022; x_wconf 85' lang='lat' dir='ltr'>uidisset</span> <span class='ocrx_word' id='word_1_125' title='bbox 881 1957 929 2023; x_wconf 91' lang='lat' dir='ltr'>sui</span> <span class='ocrx_word' id='word_1_126' title='bbox 945 1956 1139 2039; x_wconf 88' lang='lat' dir='ltr'>desperatus</span> <span class='ocrx_word' id='word_1_127' title='bbox 1156 1957 1322 2026; x_wconf 88' lang='lat' dir='ltr'>fiduciam</span> <span class='ocrx_word' id='word_1_128' title='bbox 1341 1972 1369 2021; x_wconf 79' lang='lat'>1⁵</span> 
     </span>
     <span class='ocr_line' id='line_1_17' title="bbox 131 2064 1321 2154; baseline 0.007 -26"><span class='ocrx_word' id='word_1_129' title='bbox 131 2085 241 2129; x_wconf 91' lang='lat' dir='ltr'>rursus</span> <span class='ocrx_word' id='word_1_130' title='bbox 265 2065 400 2129; x_wconf 87' lang='lat' dir='ltr'>assumit</span> <span class='ocrx_word' id='word_1_131' title='bbox 421 2083 561 2147; x_wconf 89' lang='lat' dir='ltr'>suosque</span> <span class='ocrx_word' id='word_1_132' title='bbox 588 2065 713 2131; x_wconf 85' lang='lat' dir='ltr'>alacres</span> <span class='ocrx_word' id='word_1_133' title='bbox 741 2065 848 2130; x_wconf 92' lang='lat' dir='ltr'>reddit</span> <span class='ocrx_word' id='word_1_134' title='bbox 875 2072 907 2130; x_wconf 89' lang='lat' dir='ltr'>et</span> <span class='ocrx_word' id='word_1_135' title='bbox 935 2064 1114 2132; x_wconf 88' lang='lat' dir='ltr'>ascendens</span> <span class='ocrx_word' id='word_1_136' title='bbox 1145 2067 1191 2132; x_wconf 89' lang='lat' dir='ltr'>ad</span> <span class='ocrx_word' id='word_1_137' title='bbox 1218 2090 1321 2154; x_wconf 88' lang='lat' dir='ltr'>eque·</span> 
     </span>
     <span class='ocr_line' id='line_1_18' title="bbox 132 2173 1319 2258; baseline 0.007 -18"><span class='ocrx_word' id='word_1_138' title='bbox 132 2180 215 2240; x_wconf 87' lang='lat' dir='ltr'>stres</span> <span class='ocrx_word' id='word_1_139' title='bbox 237 2173 397 2239; x_wconf 83' lang='lat' dir='ltr'>exercitus</span> <span class='ocrx_word' id='word_1_140' title='bbox 420 2174 547 2257; x_wconf 89' lang='lat' dir='ltr'>magnis</span> <span class='ocrx_word' id='word_1_141' title='bbox 571 2180 602 2239; x_wconf 88' lang='lat' dir='ltr'>ct</span> <span class='ocrx_word' id='word_1_142' title='bbox 622 2175 801 2258; x_wconf 89' lang='lat' dir='ltr'>repentinis</span> <span class='ocrx_word' id='word_1_143' title='bbox 822 2175 955 2241; x_wconf 93' lang='lat' dir='ltr'>uocibus</span> <span class='ocrx_word' id='word_1_144' title='bbox 977 2196 1048 2240; x_wconf 89' lang='lat' dir='ltr'>eum</span> <span class='ocrx_word' id='word_1_145' title='bbox 1070 2177 1228 2245; x_wconf 91' lang='lat' dir='ltr'>omnibus</span> <span class='ocrx_word' id='word_1_146' title='bbox 1247 2182 1319 2248; x_wconf 90' lang='lat' dir='ltr'>suis</span> 
     </span>
     <span class='ocr_line' id='line_1_19' title="bbox 131 2282 1318 2376; baseline 0.008 -27"><span class='ocrx_word' id='word_1_147' title='bbox 131 2283 303 2349; x_wconf 89' lang='lat' dir='ltr'>clamorem</span> <span class='ocrx_word' id='word_1_148' title='bbox 326 2282 416 2349; x_wconf 90' lang='lat' dir='ltr'>dedit</span> <span class='ocrx_word' id='word_1_149' title='bbox 438 2285 549 2369; x_wconf 87' lang='lat' dir='ltr'>sicque</span> <span class='ocrx_word' id='word_1_150' title='bbox 570 2285 644 2351; x_wconf 91' lang='lat' dir='ltr'>illos</span> <span class='ocrx_word' id='word_1_151' title='bbox 665 2285 794 2352; x_wconf 89' lang='lat' dir='ltr'>territos</span> <span class='ocrx_word' id='word_1_152' title='bbox 822 2286 912 2370; x_wconf 84' lang='lat' dir='ltr'>lugat</span> <span class='ocrx_word' id='word_1_153' title='bbox 934 2287 1105 2369; x_wconf 90' lang='lat' dir='ltr'>multisque</span> <span class='ocrx_word' id='word_1_154' title='bbox 1127 2291 1318 2376; x_wconf 85' lang='lat' dir='ltr'>peremptis</span> 
     </span>
     <span class='ocr_line' id='line_1_20' title="bbox 132 2394 1318 2481; baseline 0.006 -21"><span class='ocrx_word' id='word_1_155' title='bbox 132 2394 349 2481; x_wconf 89' lang='lat' dir='ltr'>depraedatus</span> <span class='ocrx_word' id='word_1_156' title='bbox 372 2401 421 2462; x_wconf 92' lang='lat' dir='ltr'>est</span> <span class='ocrx_word' id='word_1_157' title='bbox 443 2395 552 2461; x_wconf 92' lang='lat' dir='ltr'>omnia</span> <span class='ocrx_word' id='word_1_158' title='bbox 573 2396 658 2461; x_wconf 89' lang='lat' dir='ltr'>circa</span> <span class='ocrx_word' id='word_1_159' title='bbox 679 2397 828 2479; x_wconf 86' lang='lat' dir='ltr'>regiones</span> <span class='ocrx_word' id='word_1_160' title='bbox 851 2396 925 2462; x_wconf 87' lang='lat' dir='ltr'>illas</span> <span class='ocrx_word' id='word_1_161' title='bbox 948 2402 1070 2461; x_wconf 87' lang='lat' dir='ltr'>etcum</span> <span class='ocrx_word' id='word_1_162' title='bbox 1094 2397 1212 2480; x_wconf 88' lang='lat' dir='ltr'>spoliis</span> <span class='ocrx_word' id='word_1_163' title='bbox 1230 2403 1318 2467; x_wconf 85' lang='lat' dir='ltr'>rnul-</span> 
     </span>
     <span class='ocr_line' id='line_1_21' title="bbox 131 2505 1366 2577; baseline 0.006 -7"><span class='ocrx_word' id='word_1_164' title='bbox 131 2505 173 2572; x_wconf 86' lang='lat' dir='ltr'>tis</span> <span class='ocrx_word' id='word_1_165' title='bbox 196 2524 346 2572; x_wconf 87' lang='lat' dir='ltr'>reuersus</span> <span class='ocrx_word' id='word_1_166' title='bbox 369 2512 428 2572; x_wconf 84' lang='lat' dir='ltr'>est.</span> <span class='ocrx_word' id='word_1_167' title='bbox 1332 2527 1366 2577; x_wconf 74' lang='lat' dir='ltr'>to</span> 
     </span>
    </p>

    <p class='ocr_par' dir='ltr' id='par_1_4' title="bbox 57 2608 1363 4020">
     <span class='ocr_line' id='line_1_22' title="bbox 57 2608 1314 2700; baseline 0.011 -27"><span class='ocrx_word' id='word_1_168' title='bbox 57 2608 110 2673; x_wconf 89' lang='grc' dir='ltr'>ΙΠ</span> <span class='ocrx_word' id='word_1_169' title='bbox 215 2614 337 2679; x_wconf 84' lang='lat' dir='ltr'>Eodem</span> <span class='ocrx_word' id='word_1_170' title='bbox 359 2635 486 2699; x_wconf 90' lang='lat' dir='ltr'>quoque</span> <span class='ocrx_word' id='word_1_171' title='bbox 508 2636 594 2682; x_wconf 95' lang='lat' dir='ltr'>anno</span> <span class='ocrx_word' id='word_1_172' title='bbox 617 2618 715 2682; x_wconf 92' lang='lat' dir='ltr'>misso</span> <span class='ocrx_word' id='word_1_173' title='bbox 738 2613 986 2681; x_wconf 84' lang='lat' dir='ltr'>Thracesiorum</span> <span class='ocrx_word' id='word_1_174' title='bbox 1008 2622 1157 2700; x_wconf 85' lang='lat' dir='ltr'>praetore</span> <span class='ocrx_word' id='word_1_175' title='bbox 1180 2617 1314 2687; x_wconf 90' lang='lat' dir='ltr'>Lacha-</span> 
     </span>
     <span class='ocr_line' id='line_1_23' title="bbox 132 2723 1312 2796; baseline 0.008 -10"><span class='ocrx_word' id='word_1_176' title='bbox 132 2723 273 2788; x_wconf 88' lang='lat' dir='ltr'>nodraco</span> <span class='ocrx_word' id='word_1_177' title='bbox 296 2726 406 2790; x_wconf 88' lang='lat' dir='ltr'>Leone</span> <span class='ocrx_word' id='word_1_178' title='bbox 434 2727 561 2791; x_wconf 89' lang='lat' dir='ltr'>notario</span> <span class='ocrx_word' id='word_1_179' title='bbox 591 2746 649 2791; x_wconf 92' lang='lat' dir='ltr'>suo</span> <span class='ocrx_word' id='word_1_180' title='bbox 678 2732 710 2789; x_wconf 89' lang='lat' dir='ltr'>et</span> <span class='ocrx_word' id='word_1_181' title='bbox 738 2724 846 2790; x_wconf 88' lang='lat' dir='ltr'>Leone</span> <span class='ocrx_word' id='word_1_182' title='bbox 875 2725 1072 2790; x_wconf 80' lang='lat' dir='ltr'>exmonacho</span> <span class='ocrx_word' id='word_1_183' title='bbox 1101 2728 1312 2796; x_wconf 88' lang='lat' dir='ltr'>uenundauit</span> 
     </span>
     <span class='ocr_line' id='line_1_24' title="bbox 131 2834 1316 2907; baseline 0.008 -9"><span class='ocrx_word' id='word_1_184' title='bbox 131 2834 239 2899; x_wconf 89' lang='lat' dir='ltr'>omnia</span> <span class='ocrx_word' id='word_1_185' title='bbox 261 2837 457 2901; x_wconf 90' lang='lat' dir='ltr'>monasteria</span> <span class='ocrx_word' id='word_1_186' title='bbox 480 2836 620 2901; x_wconf 87' lang='lat' dir='ltr'>uirorum</span> <span class='ocrx_word' id='word_1_187' title='bbox 643 2835 765 2901; x_wconf 89' lang='lat' dir='ltr'>scilicet</span> <span class='ocrx_word' id='word_1_188' title='bbox 787 2853 826 2899; x_wconf 91' lang='lat' dir='ltr'>ac</span> <span class='ocrx_word' id='word_1_189' title='bbox 847 2836 1016 2900; x_wconf 89' lang='lat' dir='ltr'>mulierum</span> <span class='ocrx_word' id='word_1_190' title='bbox 1039 2842 1070 2900; x_wconf 89' lang='lat' dir='ltr'>et</span> <span class='ocrx_word' id='word_1_191' title='bbox 1093 2837 1203 2901; x_wconf 88' lang='lat' dir='ltr'>omnia</span> <span class='ocrx_word' id='word_1_192' title='bbox 1227 2860 1316 2907; x_wconf 89' lang='lat' dir='ltr'>uasa</span> 
     </span>
     <span class='ocr_line' id='line_1_25' title="bbox 131 2946 1314 3030; baseline 0.007 -22"><span class='ocrx_word' id='word_1_193' title='bbox 131 2951 258 3009; x_wconf 89' lang='lat' dir='ltr'>sacrata</span> <span class='ocrx_word' id='word_1_194' title='bbox 288 2952 320 3010; x_wconf 90' lang='lat' dir='ltr'>ct</span> <span class='ocrx_word' id='word_1_195' title='bbox 347 2946 447 3011; x_wconf 88' lang='lat' dir='ltr'>libros</span> <span class='ocrx_word' id='word_1_196' title='bbox 477 2951 507 3010; x_wconf 88' lang='lat' dir='ltr'>et</span> <span class='ocrx_word' id='word_1_197' title='bbox 536 2965 654 3030; x_wconf 90' lang='lat' dir='ltr'>pecora</span> <span class='ocrx_word' id='word_1_198' title='bbox 681 2952 713 3011; x_wconf 91' lang='lat' dir='ltr'>et</span> <span class='ocrx_word' id='word_1_199' title='bbox 742 2962 889 3029; x_wconf 89' lang='lat' dir='ltr'>quaeque</span> <span class='ocrx_word' id='word_1_200' title='bbox 916 2946 1180 3030; x_wconf 87' lang='lat' dir='ltr'>patrimoniorum</span> <span class='ocrx_word' id='word_1_201' title='bbox 1211 2958 1314 3016; x_wconf 89' lang='lat' dir='ltr'>erant</span> 
     </span>
     <span class='ocr_line' id='line_1_26' title="bbox 131 3052 1363 3140; baseline 0.006 -24"><span class='ocrx_word' id='word_1_202' title='bbox 131 3070 240 3117; x_wconf 92' lang='lat' dir='ltr'>eorum</span> <span class='ocrx_word' id='word_1_203' title='bbox 265 3062 296 3119; x_wconf 89' lang='lat' dir='ltr'>ct</span> <span class='ocrx_word' id='word_1_204' title='bbox 318 3054 432 3118; x_wconf 92' lang='lat' dir='ltr'>borum</span> <span class='ocrx_word' id='word_1_205' title='bbox 454 3055 558 3138; x_wconf 89' lang='lat' dir='ltr'>pretia</span> <span class='ocrx_word' id='word_1_206' title='bbox 580 3054 720 3140; x_wconf 83' lang='lat' dir='ltr'>principi</span> <span class='ocrx_word' id='word_1_207' title='bbox 742 3052 864 3137; x_wconf 90' lang='lat' dir='ltr'>detulit,</span> <span class='ocrx_word' id='word_1_208' title='bbox 888 3063 1041 3139; x_wconf 88' lang='lat' dir='ltr'>quotquot</span> <span class='ocrx_word' id='word_1_209' title='bbox 1062 3062 1167 3120; x_wconf 89' lang='lat' dir='ltr'>autem</span> <span class='ocrx_word' id='word_1_210' title='bbox 1193 3078 1309 3126; x_wconf 90' lang='lat' dir='ltr'>mona·</span> <span class='ocrx_word' id='word_1_211' title='bbox 1330 3075 1363 3124; x_wconf 74' lang='lat'>2⁵</span> 
     </span>
     <span class='ocr_line' id='line_1_27' title="bbox 130 3160 1312 3249; baseline 0.009 -24"><span class='ocrx_word' id='word_1_212' title='bbox 130 3160 238 3227; x_wconf 90' lang='lat' dir='ltr'>chicos</span> <span class='ocrx_word' id='word_1_213' title='bbox 262 3169 293 3227; x_wconf 90' lang='lat' dir='ltr'>ct</span> <span class='ocrx_word' id='word_1_214' title='bbox 316 3170 467 3244; x_wconf 90' lang='lat' dir='ltr'>paternos</span> <span class='ocrx_word' id='word_1_215' title='bbox 489 3164 589 3229; x_wconf 91' lang='lat' dir='ltr'>libros</span> <span class='ocrx_word' id='word_1_216' title='bbox 610 3164 753 3249; x_wconf 89' lang='lat' dir='ltr'>repperit</span> <span class='ocrx_word' id='word_1_217' title='bbox 778 3165 853 3248; x_wconf 84' lang='lat' dir='ltr'>igne</span> <span class='ocrx_word' id='word_1_218' title='bbox 883 3166 1048 3231; x_wconf 88' lang='lat' dir='ltr'>conbussit</span> <span class='ocrx_word' id='word_1_219' title='bbox 1076 3172 1107 3230; x_wconf 89' lang='lat' dir='ltr'>et</span> <span class='ocrx_word' id='word_1_220' title='bbox 1136 3165 1239 3232; x_wconf 91' lang='lat' dir='ltr'>sicubi</span> <span class='ocrx_word' id='word_1_221' title='bbox 1272 3171 1312 3236; x_wconf 91' lang='lat' dir='ltr'>li·</span> 
     </span>
     <span class='ocr_line' id='line_1_28' title="bbox 129 3272 1311 3359; baseline 0.008 -22"><span class='ocrx_word' id='word_1_222' title='bbox 129 3290 268 3358; x_wconf 87' lang='lat' dir='ltr'>psanum</span> <span class='ocrx_word' id='word_1_223' title='bbox 296 3273 399 3337; x_wconf 88' lang='lat' dir='ltr'>sancti</span> <span class='ocrx_word' id='word_1_224' title='bbox 427 3274 499 3354; x_wconf 90' lang='lat' dir='ltr'>quis</span> <span class='ocrx_word' id='word_1_225' title='bbox 527 3272 652 3340; x_wconf 89' lang='lat' dir='ltr'>habens</span> <span class='ocrx_word' id='word_1_226' title='bbox 681 3275 887 3359; x_wconf 86' lang='lat' dir='ltr'>apparuisset</span> <span class='ocrx_word' id='word_1_227' title='bbox 915 3275 957 3340; x_wconf 90' lang='lat' dir='ltr'>ad</span> <span class='ocrx_word' id='word_1_228' title='bbox 984 3275 1162 3341; x_wconf 89' lang='lat' dir='ltr'>custodiam</span> <span class='ocrx_word' id='word_1_229' title='bbox 1186 3284 1219 3341; x_wconf 90' lang='lat' dir='ltr'>et</span> <span class='ocrx_word' id='word_1_230' title='bbox 1241 3278 1311 3346; x_wconf 89' lang='lat' dir='ltr'>hoc</span> 
     </span>
     <span class='ocr_line' id='line_1_29' title="bbox 131 3383 1310 3470; baseline 0.007 -22"><span class='ocrx_word' id='word_1_231' title='bbox 131 3403 257 3467; x_wconf 90' lang='lat' dir='ltr'>quoque</span> <span class='ocrx_word' id='word_1_232' title='bbox 280 3383 381 3448; x_wconf 90' lang='lat' dir='ltr'>nihilo</span> <span class='ocrx_word' id='word_1_233' title='bbox 403 3384 512 3451; x_wconf 91' lang='lat' dir='ltr'>minus</span> <span class='ocrx_word' id='word_1_234' title='bbox 535 3384 602 3467; x_wconf 91' lang='lat' dir='ltr'>igni</span> <span class='ocrx_word' id='word_1_235' title='bbox 625 3383 782 3465; x_wconf 86' lang='lat' dir='ltr'>tradebat,</span> <span class='ocrx_word' id='word_1_236' title='bbox 807 3405 879 3450; x_wconf 90' lang='lat' dir='ltr'>eum</span> <span class='ocrx_word' id='word_1_237' title='bbox 903 3406 979 3451; x_wconf 87' lang='lat' dir='ltr'>uero</span> <span class='ocrx_word' id='word_1_238' title='bbox 995 3387 1049 3470; x_wconf 85' lang='lat' dir='ltr'>qui</span> <span class='ocrx_word' id='word_1_239' title='bbox 1064 3385 1207 3450; x_wconf 86' lang='lat' dir='ltr'>babebat</span> <span class='ocrx_word' id='word_1_240' title='bbox 1223 3388 1310 3456; x_wconf 92' lang='lat' dir='ltr'>illud</span> 
     </span>
     <span class='ocr_line' id='line_1_30' title="bbox 130 3494 1309 3579; baseline 0.005 -21"><span class='ocrx_word' id='word_1_241' title='bbox 130 3499 166 3558; x_wconf 89' lang='lat' dir='ltr'>ut</span> <span class='ocrx_word' id='word_1_242' title='bbox 186 3494 285 3577; x_wconf 90' lang='lat' dir='ltr'>impie</span> <span class='ocrx_word' id='word_1_243' title='bbox 307 3502 456 3578; x_wconf 87' lang='lat' dir='ltr'>agentern</span> <span class='ocrx_word' id='word_1_244' title='bbox 480 3495 636 3579; x_wconf 90' lang='lat' dir='ltr'>puniebat</span> <span class='ocrx_word' id='word_1_245' title='bbox 657 3500 688 3559; x_wconf 88' lang='lat' dir='ltr'>ct</span> <span class='ocrx_word' id='word_1_246' title='bbox 711 3496 826 3561; x_wconf 91' lang='lat' dir='ltr'>multos</span> <span class='ocrx_word' id='word_1_247' title='bbox 842 3495 971 3577; x_wconf 89' lang='lat' dir='ltr'>quidem</span> <span class='ocrx_word' id='word_1_248' title='bbox 987 3496 1216 3561; x_wconf 89' lang='lat' dir='ltr'>monachorum</span> <span class='ocrx_word' id='word_1_249' title='bbox 1233 3518 1309 3564; x_wconf 93' lang='lat' dir='ltr'>uer-</span> 
     </span>
     <span class='ocr_line' id='line_1_31' title="bbox 130 3604 1362 3690; baseline -0.002 -22"><span class='ocrx_word' id='word_1_250' title='bbox 130 3604 261 3670; x_wconf 89' lang='lat' dir='ltr'>beribus</span> <span class='ocrx_word' id='word_1_251' title='bbox 283 3605 450 3685; x_wconf 88' lang='lat' dir='ltr'>interfecit,</span> <span class='ocrx_word' id='word_1_252' title='bbox 474 3605 630 3689; x_wconf 83' lang='lat' dir='ltr'>quosdam</span> <span class='ocrx_word' id='word_1_253' title='bbox 654 3606 750 3670; x_wconf 88' lang='lat' dir='ltr'>etiam</span> <span class='ocrx_word' id='word_1_254' title='bbox 772 3605 890 3690; x_wconf 86' lang='lat' dir='ltr'>gladiis</span> <span class='ocrx_word' id='word_1_255' title='bbox 913 3605 1093 3671; x_wconf 86' lang='lat' dir='ltr'>trucidauit.</span> <span class='ocrx_word' id='word_1_256' title='bbox 1130 3615 1307 3689; x_wconf 88' lang='lat' dir='ltr'>praeterea</span> <span class='ocrx_word' id='word_1_257' title='bbox 1328 3617 1362 3666; x_wconf 74' lang='lat' dir='ltr'>eo</span> 
     </span>
     <span class='ocr_line' id='line_1_32' title="bbox 129 3714 1306 3801; baseline 0.004 -23"><span class='ocrx_word' id='word_1_258' title='bbox 129 3714 383 3780; x_wconf 88' lang='lat' dir='ltr'>innumerabiles</span> <span class='ocrx_word' id='word_1_259' title='bbox 411 3716 575 3780; x_wconf 83' lang='lat' dir='ltr'>oculorum</span> <span class='ocrx_word' id='word_1_260' title='bbox 604 3715 728 3782; x_wconf 86' lang='lat' dir='ltr'>nisibus</span> <span class='ocrx_word' id='word_1_261' title='bbox 757 3716 926 3782; x_wconf 80' lang='lat' dir='ltr'>exorbauit</span> <span class='ocrx_word' id='word_1_262' title='bbox 954 3723 986 3780; x_wconf 90' lang='lat' dir='ltr'>ct</span> <span class='ocrx_word' id='word_1_263' title='bbox 1008 3716 1207 3800; x_wconf 88' lang='lat' dir='ltr'>quorundam</span> <span class='ocrx_word' id='word_1_264' title='bbox 1231 3720 1306 3801; x_wconf 90' lang='lat' dir='ltr'>qui·</span> 
     </span>
     <span class='ocr_line' id='line_1_33' title="bbox 130 3824 1307 3909; baseline 0.004 -20"><span class='ocrx_word' id='word_1_265' title='bbox 130 3824 204 3889; x_wconf 92' lang='lat' dir='ltr'>dem</span> <span class='ocrx_word' id='word_1_266' title='bbox 227 3824 345 3890; x_wconf 87' lang='lat' dir='ltr'>barbas</span> <span class='ocrx_word' id='word_1_267' title='bbox 368 3845 442 3890; x_wconf 89' lang='lat' dir='ltr'>cera</span> <span class='ocrx_word' id='word_1_268' title='bbox 464 3832 496 3889; x_wconf 89' lang='lat' dir='ltr'>et</span> <span class='ocrx_word' id='word_1_269' title='bbox 519 3826 588 3890; x_wconf 93' lang='lat' dir='ltr'>oleo</span> <span class='ocrx_word' id='word_1_270' title='bbox 611 3845 816 3909; x_wconf 79' lang='lat' dir='ltr'>perunguens</span> <span class='ocrx_word' id='word_1_271' title='bbox 838 3825 1054 3892; x_wconf 88' lang='lat' dir='ltr'>succendebat</span> <span class='ocrx_word' id='word_1_272' title='bbox 1075 3827 1182 3909; x_wconf 86' lang='lat' dir='ltr'>ignem</span> <span class='ocrx_word' id='word_1_273' title='bbox 1206 3834 1238 3890; x_wconf 89' lang='lat' dir='ltr'>ct</span> <span class='ocrx_word' id='word_1_274' title='bbox 1255 3828 1307 3894; x_wconf 87' lang='lat' dir='ltr'>ita</span> 
     </span>
     <span class='ocr_line' id='line_1_34' title="bbox 130 3934 1308 4020; baseline 0.005 -22"><span class='ocrx_word' id='word_1_275' title='bbox 130 3940 195 3998; x_wconf 90' lang='lat' dir='ltr'>tam</span> <span class='ocrx_word' id='word_1_276' title='bbox 220 3934 318 4000; x_wconf 82' lang='lat' dir='ltr'>facies</span> <span class='ocrx_word' id='word_1_277' title='bbox 342 3953 450 3999; x_wconf 90' lang='lat' dir='ltr'>corum</span> <span class='ocrx_word' id='word_1_278' title='bbox 474 3955 570 4018; x_wconf 91' lang='lat' dir='ltr'>quam</span> <span class='ocrx_word' id='word_1_279' title='bbox 592 3936 700 4018; x_wconf 89' lang='lat' dir='ltr'>capita</span> <span class='ocrx_word' id='word_1_280' title='bbox 722 3937 956 4002; x_wconf 89' lang='lat' dir='ltr'>concremabat.</span> <span class='ocrx_word' id='word_1_281' title='bbox 999 3956 1094 4020; x_wconf 89' lang='lat' dir='ltr'>porro</span> <span class='ocrx_word' id='word_1_282' title='bbox 1124 3935 1205 4000; x_wconf 91' lang='lat' dir='ltr'>alios</span> <span class='ocrx_word' id='word_1_283' title='bbox 1227 3945 1308 4020; x_wconf 84' lang='lat' dir='ltr'>post</span> 
     </span>
    </p>
   </div>
   <div class='ocr_carea' id='block_1_3' title="bbox 128 4172 1306 4449">
    <p class='ocr_par' dir='ltr' id='par_1_5' title="bbox 128 4172 1306 4449">
     <span class='ocr_line' id='line_1_35' title="bbox 197 4172 1305 4250; baseline 0.003 -3"><span class='ocrx_word' id='word_1_284' title='bbox 197 4172 385 4248; x_wconf 83' lang='lat' dir='ltr'>tconlumatd</span> <span class='ocrx_word' id='word_1_285' title='bbox 404 4193 430 4247; x_wconf 87' lang='lat' dir='ltr'><em>D</em></span> <span class='ocrx_word' id='word_1_286' title='bbox 529 4193 714 4249; x_wconf 72' lang='lat' dir='ltr'>ohtereneD</span> <span class='ocrx_word' id='word_1_287' title='bbox 790 4195 937 4249; x_wconf 77' lang='lat' dir='ltr'>Bbrleuna</span> <span class='ocrx_word' id='word_1_288' title='bbox 954 4193 981 4248; x_wconf 85' lang='lat' dir='ltr'><em>D</em></span> <span class='ocrx_word' id='word_1_289' title='bbox 1060 4199 1090 4248; x_wconf 85' lang='lat'>10</span> <span class='ocrx_word' id='word_1_290' title='bbox 1107 4179 1257 4250; x_wconf 72' lang='lat' dir='ltr'>mucbabele</span> <span class='ocrx_word' id='word_1_291' title='bbox 1279 4197 1305 4250; x_wconf 82' lang='grc' dir='ltr'>Ι)</span> 
     </span>
     <span class='ocr_line' id='line_1_36' title="bbox 132 4266 1306 4358; baseline 0.005 -20"><span class='ocrx_word' id='word_1_292' title='bbox 132 4289 160 4338; x_wconf 81' lang='lat' dir='ltr'>tr</span> <span class='ocrx_word' id='word_1_293' title='bbox 179 4304 224 4354; x_wconf 84' lang='lat' dir='ltr'>qur</span> <span class='ocrx_word' id='word_1_294' title='bbox 240 4290 243 4350; x_wconf 85' lang='lat' dir='ltr'>l</span> <span class='ocrx_word' id='word_1_295' title='bbox 260 4294 337 4340; x_wconf 86' lang='lat' dir='ltr'>crant</span> <span class='ocrx_word' id='word_1_296' title='bbox 354 4287 380 4341; x_wconf 80' lang='lat'>1)</span> <span class='ocrx_word' id='word_1_297' title='bbox 443 4292 473 4341; x_wconf 84' lang='grc'>13</span> <span class='ocrx_word' id='word_1_298' title='bbox 492 4266 666 4358; x_wconf 81' lang='lat' dir='ltr'>cybereotorir</span> <span class='ocrx_word' id='word_1_299' title='bbox 684 4287 711 4342; x_wconf 81' lang='grc' dir='ltr'>Ι)</span> <span class='ocrx_word' id='word_1_300' title='bbox 786 4290 825 4342; x_wconf 78' lang='grc'>21.</span> <span class='ocrx_word' id='word_1_301' title='bbox 837 4286 974 4358; x_wconf 70' lang='lat' dir='ltr'>prctch</span> <span class='ocrx_word' id='word_1_302' title='bbox 1038 4289 1070 4341; x_wconf 78' lang='lat'>22</span> <span class='ocrx_word' id='word_1_303' title='bbox 1089 4286 1256 4342; x_wconf 87' lang='lat' dir='ltr'>uenuudabrt</span> <span class='ocrx_word' id='word_1_304' title='bbox 1277 4289 1306 4344; x_wconf 80' lang='lat' dir='ltr'>l&gt;</span> 
     </span>
     <span class='ocr_line' id='line_1_37' title="bbox 128 4361 864 4449; baseline 0.008 -18"><span class='ocrx_word' id='word_1_305' title='bbox 128 4381 161 4431; x_wconf 78' lang='lat' dir='ltr'>ar</span> <span class='ocrx_word' id='word_1_306' title='bbox 179 4377 318 4432; x_wconf 77' lang='lat' dir='ltr'>meroro</span> <span class='ocrx_word' id='word_1_307' title='bbox 394 4383 425 4432; x_wconf 81' lang='lat' dir='ltr'>rs</span> <span class='ocrx_word' id='word_1_308' title='bbox 444 4361 555 4449; x_wconf 69' lang='lat' dir='ltr'>typam</span> <span class='ocrx_word' id='word_1_309' title='bbox 572 4378 600 4435; x_wconf 80' lang='grc' dir='ltr'><em>υ</em></span> <span class='ocrx_word' id='word_1_310' title='bbox 666 4378 816 4437; x_wconf 69' lang='lat' dir='ltr'>conante</span> <span class='ocrx_word' id='word_1_311' title='bbox 834 4378 864 4437; x_wconf 78' lang='lat' dir='ltr'>c</span> 
     </span>
    </p>
   </div>
   <div class='ocr_carea' id='block_1_4' title="bbox 0 0 1422 5394">
    <p class='ocr_par' dir='ltr' id='par_1_6' title="bbox 0 0 1422 5394">
     <span class='ocr_line' id='line_1_38' title="bbox 0 0 1422 5394; baseline 0 1"><span class='ocrx_word' id='word_1_312' title='bbox 0 0 1422 5394; x_wconf 95' lang='lat' dir='ltr'> </span> 
     </span>
    </p>
   </div>
  </div>
 </body>
</html>
