2834 5394
492 724 565 773 cae.
589 726 880 773 xxxxii-xxxxvr
1205 714 1268 777 449

91 882 180 942 ceret
218 883 250 942 et
284 877 405 960 populo
435 877 607 943 Persarum
643 885 772 963 recepto
808 878 1005 945 acceleraret
1041 878 1074 944 in
1102 877 1266 944 Persidem

94 988 127 1052 iu
149 986 309 1052 auxilium
331 987 392 1052 sui.
436 987 465 1053 is
488 994 596 1052 autem
625 988 679 1071 qui
701 988 826 1054 litteras
848 987 1029 1069 deferebat,
1064 989 1150 1053 circa
1172 987 1268 1054 Gala·

93 1097 172 1161 tiam
194 1095 475 1178 comprehenditur
497 1117 518 1162 a
539 1098 702 1165 Romanis.
730 1098 785 1180 qui
807 1096 1040 1183 comprehenso
1062 1117 1101 1165 eo
1123 1100 1269 1165 nescien-

92 1207 179 1272 tibus
202 1206 310 1272 Persis
339 1206 424 1272 hunc
445 1207 638 1292 Byzantium
667 1208 870 1274 deduxerunt
905 1214 938 1273 et
970 1207 1172 1292 imperatoris
1201 1209 1267 1274 lilio

59 1315 301 1387 stradidemnt.
346 1325 396 1381 ast
417 1318 591 1403 imperator
619 1338 641 1383 a
662 1319 760 1385 misso
791 1318 919 1402 cognita
948 1318 1084 1384 ueritate
1117 1320 1263 1403 protinus

95 1427 309 1493 Sarbarazum
338 1428 482 1507 accersit,
520 1429 574 1512 qui
614 1449 685 1493 cum
720 1427 898 1509 introisset,
935 1428 1038 1494 astitit
1071 1429 1267 1513 imperatori.

93 1539 267 1622 imperator
288 1546 395 1602 autern
418 1537 493 1602 huic
515 1539 669 1623 epistula,
694 1557 791 1621 quam
813 1536 974 1603 Chosroes
997 1537 1039 1602 ad
1061 1538 1267 1623 Kerdarigan

94 1648 236 1729 miserat,
258 1647 377 1712 tradita
392 1649 555 1731 missoque
578 1655 707 1714 ostenso
725 1649 806 1732 legit
820 1648 1002 1732 epistulam.
1028 1649 1139 1714 atille
1161 1656 1268 1716 certus

94 1759 230 1823 ueritate
252 1759 296 1822 rei
321 1758 454 1824 effectus
476 1759 627 1824 contiuuo
648 1778 823 1825 conuersus
846 1757 978 1824 foedera
1000 1778 1070 1823 curn
1093 1758 1159 1825 lilio
1181 1760 1278 1844 prin.
1380 1766 1384 1773 '

48 1884 79 1933 ro
96 1869 176 1953 cipis
199 1876 230 1933 et
251 1869 436 1952 patriarcha
459 1868 544 1934 lacit.
589 1869 642 1952 qui
665 1870 748 1934 falsa
770 1868 923 1935 Chosrois
945 1868 1084 1953 epistula
1106 1870 1192 1934 lacta
1213 1867 1269 1934 ad·
1291 1904 1292 1908 =

96 1979 143 2044 ‹lit
169 1979 203 2043 in
236 1998 275 2044 ea
304 1979 399 2044 etium
434 1980 515 2043 alios
547 1979 802 2063 quadringentos
825 1985 975 2063 satrapas
997 1987 1029 2044 et
1050 1979 1214 2064 principes
1236 1986 1269 2045 et

95 2088 240 2154 tribunos
263 2095 294 2154 ct
316 2089 519 2155 centuriones
542 2088 773 2155 interimendos
796 2096 828 2154 et
850 2090 999 2173 imposito
1023 2090 1154 2174 ingenio
1177 2087 1268 2155 adin-

95 2205 191 2264 ucnto
220 2200 386 2282 signaculo
416 2200 684 2284 congregatisque
713 2199 847 2264 ducibus
876 2207 908 2264 ct
936 2200 1006 2284 ipso
1029 2199 1214 2283 Kardariga
1236 2204 1268 2264 et

96 2311 180 2374 lccta
201 2310 340 2394 epistula
362 2308 444 2373 dixit
460 2308 502 2373 ad
518 2309 725 2393 Kardarigan
749 2309 917 2394 ‘perspicis
940 2317 974 2375 ut
997 2309 1058 2375 hoc
1079 2309 1212 2376 iacias?
1234 2314 1268 2373 at

48 2441 78 2489 15
97 2439 172 2484 uero
193 2419 357 2503 principes
381 2419 485 2485 furore
509 2421 618 2485 retorti
641 2420 792 2485 abdicato
815 2418 968 2499 Chosroe,
1002 2419 1187 2505 imperatori
1209 2438 1268 2501 pa·

95 2529 188 2594 cilice
208 2537 304 2614 pacta
325 2536 493 2613 patrarunt
515 2537 546 2595 et
568 2538 676 2596 mutuo
700 2531 778 2595 inito
801 2531 935 2596 consilio
957 2530 1078 2615 placuit
1099 2528 1269 2595 aChalce·

95 2641 178 2706 done
200 2639 404 2706 discederent
425 2646 459 2705 et
480 2639 522 2704 ad
545 2642 677 2726 propria
692 2639 893 2725 repedarent,
918 2640 999 2705 nihil
1015 2638 1267 2705 exterminaturi.

179 2751 352 2815 Praeterea
367 2750 534 2816 Heraclius
550 2751 678 2834 scripsit
694 2750 830 2817 Chosroi
856 2748 926 2832 ‘ego
949 2770 1125 2834 persequor
1146 2757 1178 2815 ct
1200 2747 1243 2813 ad
1257 2742 1391 2808 XXXX

95 2880 206 2945 pacem
235 2881 336 2925 curro.
381 2881 446 2926 non
475 2861 559 2926 enim
589 2860 789 2925 uoluntarius
819 2860 894 2942 igne
928 2879 1080 2925 consumo
1103 2857 1269 2924 Persidem

45 2994 77 3043 20
95 2969 152 3035 scd
174 2970 239 3034 uim
262 2990 379 3055 passus
402 2971 460 3034 abs
482 2978 523 3035 te.
566 2969 758 3054 proiciamus
780 2988 856 3052 ergo
879 2970 993 3035 saltem
1017 2988 1102 3034 nunc
1124 2988 1216 3034 arma
1238 2974 1270 3033 et

95 3098 206 3162 pacem
229 3082 475 3165 amplectamur:
506 3080 731 3163 extinguamus
761 3080 868 3162 ignem
896 3080 1082 3164 priusquam
1117 3060 1289 3145 uniuersa*

95 3187 288 3254 inflammet?
331 3210 466 3275 cumque
489 3190 649 3257 Chosrccs
673 3190 733 3255 hoc
753 3211 819 3259 non
842 3190 1043 3271 admisisset,
1069 3208 1268 3273 magnopere

95 3298 203 3363 odium
225 3303 345 3385 populo
367 3300 510 3367 Persidis
534 3301 635 3365 creuit
656 3299 814 3366 aduersus
837 3320 919 3366 eum.
964 3300 1064 3364 mouit
1078 3319 1154 3382 ergo
1171 3298 1269 3366 Chos-

95 3429 167 3475 roes
189 3410 336 3477 homines
358 3411 537 3495 principum
562 3432 691 3477 suorum
720 3418 752 3476 et
780 3412 874 3474 omne
896 3410 1086 3494 obsequium
1108 3429 1200 3474 suum
1223 3415 1270 3474 at-

47 3544 79 3592 25
97 3539 158 3601 que
179 3522 347 3587 mulierum
371 3542 504 3588 suarum
527 3529 558 3586 ct
581 3521 640 3587 lros
662 3528 803 3586 arinatos
826 3528 956 3587 cunctos
979 3519 1097 3585 direxit
1112 3519 1268 3584 exercitui

97 3630 254 3697 uniendos
275 3631 411 3697 Rhazati
441 3639 471 3696 et
500 3639 638 3698 staturos
667 3630 755 3715 apud
777 3629 910 3695 Narban
939 3629 1071 3695 fluuium
1100 3630 1269 3697 duodecim

97 3739 225 3806 milibus
248 3760 269 3805 a
290 3740 500 3827 Ctesiphonte
524 3742 696 3808 distantem
726 3748 757 3805 et
780 3741 952 3806 iussit-eos
985 3747 1019 3805 ut
1040 3740 1116 3805 dum
1139 3761 1267 3806 amnem

97 3851 247 3916 transiret
268 3852 450 3936 imperator,
474 3852 654 3918 inciderent
675 3859 797 3936 pontes.

181 3962 239 4027 Ast
261 3961 433 4046 imperator
455 3964 591 4044 septimo
613 3962 686 4026 idus
700 3961 868 4025 lanuarias
892 3966 994 4025 motus
1017 3960 1226 4025 aDamasta·
1248 3959 1406 4025 XXXXV

48 4098 79 4148 30
95 4071 175 4154 gcrd
196 4091 267 4136 curn
290 4072 425 4138 abiisset
446 4073 547 4137 tribus
570 4071 704 4151 dicbus,
736 4077 1001 4137 castrametatus
1024 4075 1075 4134 est
1100 4067 1269 4135 duodecim

165 4497 178 4543 4
206 4482 326 4547 bizantiis
353 4491 379 4546 Ι)
481 4497 497 4545 6
530 4492 667 4545 ferherum
704 4491 729 4545 Ι)
798 4489 908 4545 accessit
935 4506 979 4558 qur
1008 4489 1033 4544 I)
1118 4489 1270 4559 'lcardrlrr-

95 4566 129 4653 gl
157 4584 180 4636 t)
269 4589 298 4638 12
326 4585 524 4640 interemendol
554 4585 576 4639 l)
644 4583 779 4651 ingeniose
805 4584 915 4636 inuento
944 4582 1153 4653 Boaqcrsianos
1240 4586 1271 4636 16

96 4676 240 4730 calcedone
272 4677 298 4731 D
411 4681 439 4731 18
467 4677 596 4732 helaclrul
627 4677 653 4732 Ι)
749 4676 871 4731 chclrohl
900 4675 925 4730 Il
1028 4679 1060 4728 22
1091 4673 1212 4728 amnone
1246 4674 1272 4729 Ι)

96 4776 128 4824 'tt
162 4771 277 4825 staturos
307 4770 372 4825 DP:
406 4772 501 4826 statuit
541 4788 587 4827 eos
633 4769 690 4826 cod.
724 4769 867 4824 llarrcr'sci
901 4768 1009 4823 Pr'tlroci
1130 4771 1161 4820 et
1199 4768 1273 4822 ctrlr·

96 4864 242 4932 plrontal)

139 4960 254 5000 Hrsronu
271 4969 390 5000 ursoniam
1016 4967 1049 5018 29
