2834 5394
161 215 221 275 454
671 230 761 278 nram
785 231 831 277 xx

158 380 251 464 pulso
284 380 401 446 laetum
434 389 483 447 cst
516 399 649 464 regnum
679 383 850 449 Persarum
882 383 942 449 sub
971 383 1132 450 Arabibus
1167 404 1277 468 nsque
1314 385 1349 451 in

159 489 349 556 hodiemum
372 490 468 556 diem.

45 585 139 654 ῙιῙῙΠ
245 601 339 666 Anno
355 601 483 686 imperii
498 601 641 667 Heraclii
656 603 810 669 uicesimo
825 603 1017 670 Hormisdas
1032 612 1146 688 regnat
1168 605 1201 669 in
1217 605 1345 673 Persis.

158 730 230 777 cnm
264 718 370 777 autern
400 712 569 779 Heraclius
598 721 685 781 esset
714 713 802 799 apud
829 714 1045 799 Hierapolim,
1074 714 1161 780 uenit
1190 714 1235 780 ad
1265 735 1343 781 eum

158 822 358 888 Athanasius
372 822 792 907 patriarchalaeobitarum
810 824 859 889 uir
874 825 959 891 acris
981 832 1013 890 et
1038 845 1178 906 nequam
1200 825 1340 909 ingenii,
1358 835 1374 886 5

157 932 313 1018 Syrorum
341 931 462 998 inditas
494 935 654 999 uersutias
684 934 856 1019 possidens
884 942 916 999 et
943 944 1028 1000 moto
1058 934 1098 1001 de
1126 935 1190 1001 lide
1212 935 1257 1001 ad
1280 936 1340 1001 im-

159 1051 340 1127 peratorem
363 1061 511 1108 sermone
534 1043 716 1128 repromisit
737 1044 767 1108 ci
792 1045 961 1112 Heraclius
984 1046 1012 1112 si
1035 1044 1338 1113 Chalcedonenscm

157 1151 317 1238 synodum
350 1153 562 1237 suscepisset,
599 1154 816 1239 patriarcham
850 1155 939 1220 illum
972 1156 1164 1221 Antiochiae
1198 1177 1233 1223 se
1268 1158 1339 1224 lore

158 1262 324 1329 iacturum.
366 1268 399 1328 at
432 1263 487 1328 ille
520 1263 669 1331 simulate
698 1266 840 1349 suscepit
868 1266 1028 1350 synodum
1062 1267 1217 1333 confitens
1251 1266 1337 1334 duas

158 1373 266 1439 unitas
289 1372 322 1437 in
345 1371 473 1440 Christo
496 1381 639 1441 naturas.
674 1374 885 1458 interrogauit
907 1384 1015 1442 autem
1036 1377 1264 1462 imperatorem
1294 1376 1336 1445 de
1357 1386 1385 1436 ¹⁰

157 1484 345 1569 operatione
377 1504 415 1549 ac
447 1485 666 1552 uoluntatibus
695 1486 833 1569 qualiter
865 1469 925 1552 has
953 1494 1113 1571 oporteret
1140 1488 1173 1552 in
1203 1486 1335 1555 Christo

157 1594 238 1676 dici,
268 1595 384 1680 duplas
414 1615 457 1660 an
486 1596 631 1680 simplas.
675 1603 751 1662 tunc
773 1597 945 1681 imperator
976 1597 1064 1663 uocis
1095 1598 1239 1663 nouitate
1262 1618 1337 1664 eon·

157 1713 321 1772 sternatus
354 1704 465 1772 scribit
493 1705 607 1784 Sergio
636 1705 960 1789 Constantinopoleos
994 1708 1162 1792 episcopo,
1195 1708 1337 1774 aduocat

159 1816 257 1881 etiam
279 1822 311 1881 ot
326 1814 444 1899 Cyrum
460 1814 613 1882 Phasidis
628 1817 815 1900 episcopum
838 1824 871 1882 et
891 1816 951 1881 hoc
974 1818 1170 1901 interrogato
1192 1820 1338 1903 repperit

157 1944 229 1990 eum
254 1925 503 1991 consentientem
520 1925 633 2008 Sergio
656 1926 688 1991 in
711 1947 808 1990 unam
825 1927 1023 1992 uoluntatem
1046 1935 1078 1994 et
1100 1949 1196 1993 unam
1219 1949 1336 2013 opera·
1357 1936 1387 1984 15

158 2034 288 2100 donem.
328 2034 461 2117 Sergius
483 2035 567 2099 enim
591 2042 700 2120 utpote
723 2036 825 2121 Syrus
846 2057 966 2121 genere
989 2057 1027 2102 ac
1042 2038 1231 2120 parentibus
1246 2039 1337 2105 Iaco-

158 2144 235 2210 hitis
258 2143 401 2210 existens
417 2164 513 2209 unam
529 2146 708 2210 naturalem
724 2147 922 2212 uoluntatem
938 2155 969 2213 et
991 2168 1088 2212 unam
1112 2149 1334 2232 operationem

158 2256 192 2320 in
215 2252 342 2320 Christo
365 2254 531 2340 rescripsit
552 2262 649 2338 atque
668 2257 835 2324 confessus
858 2265 916 2324 est.
947 2265 999 2323 ast
1020 2257 1195 2343 imperator
1219 2260 1335 2326 utrius·

63 2424 68 2433 .
158 2386 220 2450 que
253 2364 462 2446 acquiescens
488 2366 624 2432 consilio
651 2368 792 2452 repperit
820 2375 852 2433 et
878 2367 1094 2433 Athanasium
1123 2368 1171 2434 eis
1200 2388 1333 2435 eonsen-

157 2477 300 2543 tientem.
330 2484 466 2542 nouerat
487 2477 572 2542 enim
597 2477 674 2561 quia
694 2477 739 2542 ibi
762 2497 828 2542 una
850 2477 994 2563 operatio
1018 2479 1199 2562 repperitur
1221 2478 1276 2543 ubi
1300 2485 1334 2545 et
1351 2488 1382 2538 20

158 2607 224 2652 una
256 2594 372 2652 natura
402 2587 614 2670 cognoscitur.
659 2594 763 2654 certus
792 2594 898 2653 autem
932 2588 1107 2671 imperator
1142 2608 1238 2673 super
1271 2588 1334 2654 hoc

159 2697 262 2761 lactus
295 2696 405 2762 scribit
440 2696 480 2761 ad
515 2697 691 2762 iohannem
727 2717 846 2782 papam
878 2698 1057 2762 Romanum
1094 2697 1333 2782 praedictorum

158 2806 353 2873 sententiam
365 2807 419 2888 qui
431 2827 539 2871 eorum
555 2826 759 2891 nequaquam
775 2814 895 2874 sectam
911 2806 1051 2873 admisit.
1082 2829 1176 2891 porro
1190 2807 1332 2891 Georgio

157 2916 379 2982 Alexandrino
416 2917 564 2982 defuncto
601 2917 736 2981 mittitur
773 2917 875 3002 Cyrus
909 2918 1081 3003 episcopus
1115 2918 1333 2984 Alexandriae

157 3027 405 3111 praeferendus,
434 3028 488 3109 qui
519 3027 626 3093 unitus
648 3027 818 3092 Theodoro
849 3028 1002 3113 episeopo
1025 3028 1155 3092 Pharan
1183 3028 1257 3092 fecit
1279 3027 1333 3092 de·
1352 3042 1383 3092 25

158 3137 331 3201 coloratam
367 3136 502 3220 hydram
532 3137 620 3201 illam
653 3137 809 3203 unitatem
838 3139 935 3202 immo
965 3138 1141 3203 uanitatem
1170 3158 1267 3202 unam
1300 3145 1333 3203 et

157 3245 222 3332 ipsi
245 3246 422 3312 scribentes
445 3247 478 3311 in
501 3246 628 3314 Christo
650 3249 881 3333 operationem.

81 3350 138 3417 LV
244 3356 303 3423 llis
326 3357 371 3422 ita
386 3358 654 3442 prosequentibus
669 3358 703 3424 in
718 3359 833 3442 ingens
849 3358 1055 3443 obprobrium
1071 3355 1334 3423 Chalcedonense

157 3468 325 3534 concilium
349 3476 381 3534 et
409 3467 568 3533 catholica
596 3470 714 3534 corruit
741 3469 888 3536 ecelesia.
933 3468 1155 3552 gloriabantur
1177 3468 1262 3532 enirn
1284 3468 1334 3531 la-

157 3580 282 3647 cobitae
298 3600 336 3645 ac
351 3579 571 3647 Theodosiani
586 3579 793 3664 perhibentes
817 3578 894 3664 quia
914 3599 978 3644 non
1001 3600 1060 3645 nos
1076 3577 1334 3644 Chalcedonensi
1351 3589 1384 3639 30

157 3690 280 3775 synodo
305 3691 363 3757 sed
384 3692 491 3777 potius
506 3690 782 3757 Chalcedonensis
803 3689 946 3775 synodus
968 3690 1063 3756 nobis
1086 3687 1334 3753 communicauit

156 3820 214 3885 per
236 3823 332 3867 unam
356 3803 575 3887 operationem
598 3821 696 3866 unam
712 3800 893 3866 confitendo
916 3806 1065 3865 naturam
1089 3800 1219 3866 Christi.
1249 3800 1333 3864 inter

158 3910 239 3974 haee
262 3912 461 3995 Sophronias
484 3918 689 3978 consecratur
711 3911 883 3995 episeopus
905 3910 1231 3994 Hierosolymitanus.
1278 3909 1332 3992 qui

155 4067 205 4076 ..-

224 4167 453 4234 tracolnturirll
509 4185 537 4232 lt
556 4184 601 4244 an]
620 4179 696 4234 acl)
757 4161 904 4234 llcrrdl)
956 4180 988 4230 23
1007 4193 1072 4246 qma
1091 4177 1122 4232 b
1176 4176 1335 4233 ammrhtD

156 4270 188 4321 tl
208 4271 320 4325 emnil}
423 4277 454 4325 '25
472 4272 594 4327 laranl)
697 4275 729 4325 26
748 4256 905 4328 decoloratis
921 4258 989 4339 ydrl
1008 4271 1034 4325 l)
1143 4276 1174 4324 27
1192 4288 1219 4324 m
1238 4289 1289 4325 om.
1309 4270 1336 4325 l)

157 4362 189 4412 28
208 4362 423 4417 chalcedonenhl
439 4365 543 4433 synodus
560 4364 592 4418 θ’
