2834 5394
444 686 517 736 car.
541 686 833 733 xxxma-xxxxv
1176 675 1236 736 273

73 834 212 907 audebat
238 834 350 920 (cultu
370 839 537 904 numinum
559 838 656 905 nimis
679 838 932 924 superstitiosus.
977 840 1143 923 praelatus
1165 858 1237 906 con-

80 947 144 1015 silio
167 966 237 1014 sese
259 945 301 1012 de
321 947 457 1033 imperio
479 947 561 1013 nihil
583 947 749 1029 mandare,
777 967 819 1014 ne
842 983 881 994 -
904 951 950 1014 uti
973 950 1054 1016 solet
1076 950 1110 1015 in
1133 951 1236 1014 multi-

85 1056 176 1123 tudine
205 1057 468 1143 discrepantibus
502 1058 618 1126 studiis
650 1060 826 1124 amicorum
848 1078 952 1126 —ex
986 1058 1112 1124 inuidia
1144 1061 1236 1144 regni

90 1186 150 1251 prae
167 1166 327 1235 discordia
349 1169 511 1234 exercitus
526 1169 705 1254 perieulum
727 1176 867 1254 pararet.
912 1168 1020 1236 audax
1042 1170 1115 1255 plus
1138 1190 1234 1254 quam

68 1280 289 1361 timporatorem
317 1277 420 1360 decet,
454 1280 506 1344 cui
535 1279 625 1346 salus
653 1281 785 1364 propria
807 1299 878 1344 cnm
902 1299 1031 1364 semper
1053 1279 1095 1344 ad
1118 1282 1234 1347 securi·

92 1394 165 1452 uon
183 1389 324 1454 omnium
345 1395 412 1454 tum
435 1389 470 1453 in
492 1388 578 1457 bello
600 1391 741 1455 maxime
769 1389 993 1456 conseruanda
1023 1398 1080 1457 est.
1125 1390 1172 1456 ita
1199 1392 1235 1456 il·

93 1495 140 1560 lun
157 1498 265 1583 cupido
287 1499 410 1582 gloriae
432 1498 621 1583 flagrantior
643 1500 825 1583 peruicerat
847 1506 1001 1584 utusque
1017 1509 1124 1566 terrae
1146 1508 1234 1567 motu

92 1623 169 1690 neque
187 1608 350 1693 plerisque
370 1609 554 1695 praesagiis
577 1609 694 1692 quibus
722 1609 893 1675 notabatur
920 1618 1031 1695 petere
1053 1609 1231 1690 Persidem,

91 1712 216 1784 adductus
244 1717 287 1785 sit
313 1718 409 1784 linem
439 1738 560 1804 ponere
589 1718 697 1785 ardori
724 1738 763 1785 ac
791 1739 832 1786 ne
863 1728 958 1785 noctu
988 1720 1117 1804 quidem
1140 1721 1231 1787 uisus
1263 1772 1266 1778 ,

10 1884 13 1891 .
56 1822 178 1909 tlingens
195 1829 312 1912 globus
334 1830 424 1895 caelo
446 1830 514 1895 labi
536 1837 612 1896 ante
634 1828 720 1896 diem
745 1830 820 1895 belli
844 1834 973 1895 cautum
996 1831 1203 1915 praestiterit.

152 1938 244 2022 Igitur
265 1940 371 2005 altera
392 1938 445 2005 die
475 1940 598 2024 absque
620 1941 707 2005 omni
730 1940 886 2006 dilatione
907 1941 1056 2006 lovmao
1082 1941 1202 2008 infulas
1224 1938 1390 2008 XXXXV

90 2044 260 2131 inperatoris
284 2050 461 2134 imponunt.
506 2057 576 2115 erat
605 2052 692 2117 enirn
720 2050 771 2115 uir
799 2051 890 2117 lortis
919 2057 951 2115 et
979 2049 1098 2116 nobilis
1121 2057 1153 2116 et
1175 2051 1230 2116 illo

89 2161 199 2242 tenpore
225 2160 437 2240 millenarius,
475 2181 538 2243 quo
566 2160 712 2226 lulianus
745 2161 934 2226 electionem
968 2160 1125 2226 militibus
1157 2161 1230 2245 lege

88 2269 223 2351 proposuit
244 2277 279 2335 ut
300 2277 357 2335 aut
378 2271 597 2337 sacrificarent
625 2278 680 2335 aut
701 2270 817 2335 militia
838 2269 998 2337 cederent.
1043 2271 1098 2354 qui
1120 2272 1229 2355 cingu-

56 2373 135 2441 alm
151 2380 249 2464 magis
278 2380 376 2464 elegit
403 2381 550 2446 amittere
582 2402 678 2465 quarn
709 2381 915 2466 imperatoris
944 2381 1227 2465 praeceptionibus

88 2481 169 2571 iupis
188 2489 351 2557 oboedire.
389 2489 476 2556 hunc
499 2511 577 2575 ergo
599 2500 674 2556 tunc
697 2492 844 2557 lulianus
866 2498 998 2576 propter
1019 2491 1097 2557 belli
1119 2511 1229 2559 neces·

87 2593 184 2664 tibiam
216 2601 303 2667 inter
336 2601 424 2667 uiros
461 2601 618 2667 militares
650 2601 801 2666 habebat.
846 2602 900 2685 qui
928 2621 999 2666 cum
1029 2601 1227 2667 uiolentera

87 2704 210 2776 militibus
232 2710 279 2776 ad
301 2711 471 2795 imperium
493 2711 684 2793 traheretur,
708 2712 868 2776 clamabat
883 2710 995 2777 dicens
1011 2731 1076 2776 non
1092 2731 1127 2777 se
1143 2713 1227 2776 uelle

86 2811 194 2899 Pagauis
223 2821 408 2888 homiuibus
439 2822 600 2906 imperare
630 2841 702 2886 cunr
730 2823 800 2905 ipse
831 2820 1036 2886 Christianus
1065 2821 1225 2886 existeret.

54 2928 188 3012 dumque
216 2952 281 2997 uox
310 2932 450 2996 omnium
482 2933 691 2997 communiter
718 2932 951 3016 proclamasset
980 2929 1155 2996 dicentium
1190 2951 1226 2997 se

87 3054 182 3123 qnoque
210 3060 285 3108 esse
314 3040 526 3124 Christianos,
562 3042 703 3127 suscepit
731 3041 912 3126 imperium.
962 3041 990 3107 is
1019 3041 1161 3105 exercitu
1192 3041 1225 3106 in

87 3140 192 3215 Persida
218 3152 331 3237 inopia
359 3153 525 3218 laborante
556 3171 669 3237 pacem
697 3171 767 3216 cum
798 3152 921 3236 Sapore
952 3169 1026 3235 rege
1054 3151 1225 3217 Persarum

87 3262 273 3327 canariam
307 3262 436 3346 quidem
471 3262 531 3329 sed
565 3263 740 3346 ignobilem
772 3262 846 3326 lecit
874 3262 1017 3328 multatis
1045 3261 1164 3328 finibus
1187 3281 1226 3327 ac

84 3372 236 3437 nonnulla
265 3372 393 3457 imperii
415 3374 552 3439 Romani
581 3381 674 3457 parto
697 3372 826 3450 tradita,
864 3371 949 3456 qaod
978 3377 1055 3437 aute
1083 3390 1153 3436 cum
1185 3391 1225 3437 ex

54 3474 126 3556 ²⁵llo
154 3481 331 3548 Romanum
375 3483 544 3568 imperium
582 3482 744 3548 conditum
781 3488 850 3547 crat
886 3502 1060 3566 numquam
1097 3481 1223 3546 accidit.

83 3584 248 3665 quinetiam
270 3593 416 3677 legiones
442 3601 570 3660 nostrae
592 3628 634 3638 —
657 3594 702 3657 ita
724 3601 759 3657 ut
781 3591 868 3677 apud
891 3592 1047 3657 Caudium
1070 3612 1129 3677 per
1142 3592 1224 3658 Pon-

82 3692 137 3763 litn
156 3700 266 3769 ducem
289 3702 472 3770 Samnitum
503 3712 534 3769 et
556 3704 590 3769 in
615 3703 776 3788 Hispania
797 3703 884 3788 apud
906 3703 1114 3768 Numantiam
1136 3710 1168 3769 et
1190 3704 1222 3768 in

81 3799 206 3878 Numidia
220 3847 259 3858 —
284 3812 344 3879 sub
366 3813 475 3897 iugum
499 3814 619 3880 missac
642 3820 716 3879 sunt
737 3819 772 3877 ut
793 3812 875 3877 nibil
897 3820 1005 3877 tamen
1027 3813 1139 3878 finium
1161 3820 1223 3878 tra-

78 3908 187 3988 dantur.
232 3940 272 3987 ea
299 3924 390 4007 pacis
419 3922 565 3988 condicio
594 3943 659 3987 non
688 3924 817 4007 penitus
846 3921 1114 4007 reprehendenda
1142 3922 1223 3987 lor-ot

75 4048 350 4068 5-—

124 4158 224 4221 t-t'll,
242 4160 277 4211 ta
295 4156 328 4226 (>
346 4154 388 4211 la·
404 4157 533 4210 quranul
550 4156 576 4212 B
663 4162 672 4209 l
696 4156 784 4211 cultus
800 4156 826 4211 Β
907 4161 921 4208 3
941 4156 1041 4210 amtcol
1057 4154 1110 4209 ΒΡ
1126 4156 1221 4215 (amico

70 4239 191 4313 inuidiam,
214 4250 254 4304 rei
271 4250 397 4318 publicae
414 4249 592 4312 discordiam,
622 4251 750 4303 exercitui
778 4249 926 4318 periculam
944 4255 1047 4303 crearet
1064 4250 1134 4303 corti.
1154 4247 1223 4303 Gra-

64 4339 133 4397 mast
196 4359 235 4398 rer
252 4341 306 4397 ΒΡ
399 4347 489 4396 btom
507 4359 535 4396 rn
553 4341 649 4397 anal)
748 4348 775 4395 l0
793 4344 897 4410 ingens]
914 4343 1006 4410 igneus
1025 4358 1063 4395 cx
1079 4341 1220 4395 Arnnriuno

62 4435 122 4487 coni.
140 4434 269 4491 Gruterus
331 4440 362 4490 16
380 4436 491 4491 obedire
509 4436 535 4491 Β
587 4435 786 4490 necrtlrtatel)
837 4440 869 4489 22
887 4451 948 4504 rege
965 4434 1105 4488 Persarum
1124 4449 1174 4487 om.
1195 4432 1221 4486 Β

58 4528 87 4581 tt
101 4527 203 4597 qurdcm
220 4529 394 4599 acceperam
413 4528 440 4583 B
491 4530 613 4583 multatis
629 4529 669 4584 Β;
688 4529 817 4582 multatus
834 4527 888 4582 BP
940 4530 973 4580 il
988 4532 1054 4597 post
1072 4541 1131 4580 eum
1155 4525 1218 4580 add.

54 4620 136 4675 marl·
147 4621 245 4678 ccc-d
261 4621 367 4677 duobus
391 4622 424 4676 de
442 4630 535 4691 urguntr
553 4621 609 4677 lere
628 4622 655 4677 B
758 4625 790 4675 20
809 4625 847 4674 tta
864 4618 936 4688 apud
955 4618 982 4673 B
1068 4617 1176 4673 claudtt'r
1194 4618 1220 4672 Β

48 4721 157 4787 pontum
174 4714 360 4770 telelrnumB
462 4720 493 4769 tl
522 4714 616 4769 ducem
643 4717 791 4768 samnitium
818 4712 913 4768 om.B
1000 4710 1220 4780 &bripamaB

44 4813 76 4864 29
94 4807 211 4864 conditio
229 4808 256 4864 Β

85 4904 202 4947 Emona
217 4913 335 4945 mactans
962 4912 991 4963 13
