2834 5394
580 705 652 754 oar.
676 705 794 755 o-nm
1218 694 1279 759 453

104 859 246 923 olearum
269 865 301 920 ct
321 856 508 940 lampades,
538 857 711 925 laudantes
740 879 813 925 eum
842 879 913 924 cum
935 861 1151 944 gratulatione
1174 882 1212 927 ac
1234 863 1280 928 la·

104 967 223 1034 erimis.
268 965 426 1034 accedens
455 974 562 1033 autem
591 967 677 1036 filius
700 969 770 1037 eius
799 969 914 1036 cecidit
936 969 978 1035 ad
1000 969 1101 1056 pedes
1123 972 1226 1057 ipsius
1249 979 1282 1039 et
1383 1058 1391 1065 ι

104 1098 176 1144 eum
198 1079 402 1163 amplexatus
425 1085 512 1144 esset
535 1096 623 1163 eum,
653 1079 839 1147 infuderunt
868 1080 963 1145 ambo
986 1081 1128 1147 lacrimis
1151 1087 1280 1148 terram.

104 1188 166 1254 hoc
186 1195 293 1255 autem
309 1190 448 1273 populus
470 1189 616 1273 inspecto
639 1190 781 1257 uniuersi
806 1190 868 1256 deo
889 1190 1028 1276 hymnos
1049 1191 1213 1277 gratificos
1235 1212 1282 1258 re

72 1301 244 1366 etuleruut
266 1300 377 1382 sicque
399 1298 528 1364 demum
551 1307 700 1383 suscepto
723 1301 917 1386 imperatore
944 1302 1056 1367 urbem
1079 1303 1280 1370 exsultantes

103 1410 241 1494 ingressi
265 1415 349 1475 sunt.

188 1520 282 1585 Anno
315 1518 441 1603 imperii
468 1519 611 1584 Heraclii
643 1541 728 1585 nono
760 1519 885 1586 decimo
914 1522 1024 1588 Persis
1057 1542 1115 1588 rex
1140 1522 1281 1590 Adhesir

104 1638 227 1715 septem
250 1628 416 1696 mensibus
438 1630 585 1715 praefuit.
630 1631 805 1716 imperator
833 1640 940 1698 autern
962 1633 1123 1717 proiectus
1146 1652 1166 1697 a
1188 1635 1280 1719 regia

104 1742 183 1807 urhe
205 1761 280 1806 mox
307 1747 341 1805 ut
370 1760 427 1805 uer
454 1741 661 1816 accessisset,
691 1741 948 1827 Hierosolymam
983 1740 1100 1826 tendit,
1134 1745 1281 1829 pretiosa
1388 1824 1391 1828 Α

59 1869 88 1918 10
103 1852 180 1916 illuc
202 1858 235 1917 et
256 1851 386 1915 uiuifiea
399 1850 490 1933 ligna
511 1858 681 1936 reportans
703 1851 745 1917 ad
760 1852 938 1935 gratiarum
960 1850 1021 1917 deo
1044 1852 1188 1919 actiones
1210 1833 1282 1920 red·

104 1960 238 2027 dandas.
283 1979 418 2044 cumque
451 1959 657 2025 Tiberiadem
691 1961 844 2043 adiisset,
877 1981 1070 2028 recusauere
1103 1962 1281 2030 Christiani

104 2072 273 2138 Beniamin
291 2071 451 2154 quendam
468 2071 599 2136 nomine
612 2071 793 2137 Hebraeum
809 2073 904 2156 quasi
919 2073 1006 2138 mala
1021 2072 1083 2139 sibi
1100 2073 1280 2153 facientem,

104 2189 174 2249 erat
205 2183 290 2248 enim
319 2181 492 2247 admodum
521 2183 703 2266 opulentus.
743 2183 796 2266 qui
828 2182 970 2267 suscepit
999 2184 1225 2268 imperatorem
1249 2190 1281 2249 et

105 2293 279 2359 exereitum
309 2292 388 2356 eius.
429 2299 481 2357 ast
509 2292 683 2377 imperator
712 2292 880 2358 damnauit
909 2312 982 2357 eum
1012 2294 1117 2377 ‘quam
1141 2295 1181 2358 oh
1204 2293 1280 2360 rem’

60 2418 89 2469 tt
106 2402 254 2487 inquiens
285 2403 449 2468 ‘molestus
483 2421 518 2467 es
547 2401 774 2469 Christianis‘l’
807 2404 861 2487 qui
890 2403 936 2468 ait
966 2402 1011 2468 ‘ut
1038 2403 1178 2469 inimicis
1206 2402 1281 2468 fidei

105 2514 215 2578 ureae!
241 2520 317 2577 tunc
331 2512 506 2597 imperator
521 2512 718 2579 admonitum
734 2514 820 2578 hunc
835 2512 924 2579 etad
939 2512 1134 2580 eredendum
1149 2533 1282 2580 suasum

103 2622 282 2707 baptiaauit
304 2622 337 2687 in
360 2622 455 2687 domo
471 2623 632 2688 Eustathii
647 2624 857 2709 Neapolitani
879 2623 935 2708 qui
958 2630 989 2689 et
1011 2624 1082 2709 ipse
1104 2643 1177 2689 eum
1192 2622 1282 2689 Chri·

104 2734 229 2800 stianus
251 2739 347 2813 essct,
370 2733 597 2817 imperatorem
620 2734 757 2818 excepit.

188 2844 359 2926 Ingressus
388 2844 497 2927 itaque
525 2843 701 2927 imperator
728 2843 1004 2928 Hierosolymam,
1034 2845 1181 2909 restituto
1212 2851 1278 2908 tam
1299 2837 1375 2906 LIII

55 2972 87 3022 20
102 2952 263 3019 Zacharia
284 2953 433 3038 pontifice
463 2974 558 3036 quam
589 2954 693 3017 almae
715 2953 818 3019 crucis
846 2952 1046 3019 honorandis
1075 2973 1113 3017 ae
1142 2952 1281 3020 uiuihcis

103 3064 201 3147 liguis
225 3063 257 3127 in
280 3064 444 3148 proprium
467 3065 569 3128 locum
587 3064 743 3149 plurimas
765 3061 827 3128 deo
842 3068 951 3146 grates
967 3063 1033 3146 egit
1055 3064 1222 3148 pulsisque
1238 3064 1280 3128 ab

103 3174 183 3239 urbe
200 3180 313 3240 sancta
326 3174 485 3239 Hebraeis
507 3174 603 3240 iussit
624 3195 689 3238 non
705 3173 825 3238 habere
847 3173 920 3240 illos
931 3178 1123 3258 potestatem
1148 3174 1281 3260 propius

104 3285 209 3350 almae
230 3283 354 3348 ciuitati
377 3303 472 3364 quam
496 3284 598 3350 tribus
615 3284 744 3350 milibus
759 3282 1055 3369 appropinquandi.
1085 3304 1157 3348 cum
1173 3291 1281 3350 autem

103 3394 306 3479 peruenisset
320 3392 489 3473 Edessam,
512 3393 699 3460 orthodoxis
722 3395 892 3460 ecclesiam
916 3392 1050 3459 tradidit
1071 3414 1154 3478 quae
1177 3415 1198 3459 a
1218 3396 1281 3459 Nc·

57 3504 256 3572 nestorianis
279 3524 300 3567 a
322 3502 475 3570 Chosrois
498 3510 642 3589 tempore
670 3503 840 3569 tenebatur
868 3510 901 3568 et
922 3503 1058 3570 ueniens
1081 3503 1281 3589 Hierapolim

106 3613 232 3678 audiuit
254 3612 339 3697 quod
362 3613 498 3698 Syrohis
521 3635 577 3679 rex
599 3615 771 3680 Persarum
795 3614 881 3679 diem
911 3613 1082 3681 clausisset
1103 3621 1281 3680 extremum

105 3733 136 3787 et
158 3721 298 3789 Adhesir
320 3723 415 3789 huius
444 3724 529 3790 iilius
552 3725 581 3788 ei
605 3725 639 3788 in
662 3724 753 3808 regni
771 3724 933 3808 ‘regimine
963 3725 1180 3791 successisset.
1226 3725 1280 3810 qui

105 3853 175 3896 cum
193 3839 314 3917 septem
331 3835 489 3901 tenuisset
504 3833 669 3899 mensibus
685 3835 910 3918 principatum,
935 3835 1108 3900 insurrexit
1123 3834 1281 3902 aduersus

105 3964 176 4009 eum
206 3942 416 4010 Sarbarazas.
462 3945 517 4027 qui
549 3965 587 4009 eo
622 3964 775 4029 percusso
808 3942 981 4028 imperauit
1013 3944 1122 4008 Persis
1155 3943 1281 4010 duobus

56 4069 88 4119 30
104 4052 279 4119 mensibus.
304 4053 365 4118 hoe
386 4060 492 4118 autem
509 4056 628 4120 Persae
650 4054 816 4119 interiecto
839 4053 982 4118 Boranin
1004 4055 1226 4137 praetulerunt
1247 4055 1281 4119 in

102 4183 210 4247 regem
240 4162 340 4228 lilium
371 4162 540 4245 Chosrois‚
573 4165 628 4245 qui
661 4182 795 4247 regnum
824 4163 994 4228 Persamm
1021 4168 1150 4250 ⁴septem
1180 4165 1283 4230 tenuit

103 4273 280 4340 mensibus.
311 4293 406 4355 porro
429 4272 503 4337 huie
526 4275 681 4341 successit
695 4270 896 4355 Hormisdas,
921 4293 983 4356 quo
999 4292 1020 4339 a
1034 4272 1207 4341 Saracenis
1225 4293 1280 4339 ex·

171 4665 332 4721 limnoll)
401 4651 567 4722 bhrhmaD
640 4666 829 4722 inhaereri)
884 4670 913 4721 13
934 4665 1102 4723 ammoduD
1163 4670 1194 4720 1⁴
1213 4667 1281 4736 dap·

103 4760 223 4850 naua?
292 4765 323 4814 19
342 4745 474 4815 hirmhl)
543 4765 574 4815 22
593 4761 740 4816 hebreiiD
801 4764 833 4814 24
852 4758 988 4815 hedeitam
1006 4760 1033 4816 1>
1092 4765 1123 4814 2¹1
1143 4760 1237 4831 adeiyr
1255 4760 1282 4816 D

104 4860 131 4907 31
154 4854 213 4908 irha
231 4854 366 4909 cheirohri
382 4867 434 4923 que
452 4853 478 4907 Ι)
