2834 5394
497 669 570 717 osu.
593 669 800 718 xxm-xm
1179 654 1241 717 379

68 829 247 890 manentes.
291 840 426 906 eumque
449 822 550 887 multa
571 821 624 888 dei
647 822 867 889 misericordia
888 824 973 890 taeta
988 824 1237 907 fuissetbomi-

69 953 128 1001 ues
150 933 193 999 ad
215 932 327 1018 peiora
348 932 474 1017 delapsi
497 940 581 999 sunt.
625 932 789 998 litantem
816 934 972 999 memoria
1000 943 1106 1001 terrae
1135 942 1240 1004 motus

68 1045 166 1110 huius
188 1064 246 1128 por
267 1044 413 1127 singulos
434 1062 538 1108 annos
559 1043 593 1107 in
616 1062 729 1127 eampo
753 1043 900 1108 litaniam
922 1046 1041 1128 populo
1063 1045 1210 1112 iaciente.

155 1153 316 1220 Vicesimo
344 1161 458 1217 oetauo
487 1153 614 1236 imperii
636 1153 810 1219 Iustiniani
837 1174 922 1219 anno
951 1155 1036 1220 taeta
1064 1162 1139 1221 sunt
1159 1157 1240 1222 toni-
1262 1153 1356 1218 XXV

37 1271 144 1330 otnra
165 1271 197 1329 ot
218 1263 343 1346 fulgora
364 1261 527 1328 horrenda
549 1270 581 1328 et
602 1270 719 1329 uentus
741 1263 868 1330 Airieus
889 1264 1043 1332 torribilis
1065 1265 1111 1330 ita
1132 1273 1167 1330 ut
1188 1284 1238 1330 ea-

70 1374 164 1440 deret
185 1393 263 1437 orux
284 1391 368 1454 quae
391 1372 499 1438 stabat
521 1373 606 1437 intra
627 1381 753 1457 portam
776 1372 897 1439 Rhosii.

154 1482 314 1548 Vicesimo
337 1503 422 1547 nono
444 1482 572 1567 imperii
593 1483 764 1549 Iustiniani
787 1503 873 1548 auno
895 1483 1085 1550 seditionem
1101 1485 1237 1551 eoncita-

69 1601 185 1659 ueruat
205 1592 318 1658 Iudaei
340 1600 372 1656 ot
385 1592 565 1658 Samaritae
581 1592 755 1659 Caesarius
771 1594 978 1660 Palaestinae
1001 1601 1032 1660 et
1054 1595 1129 1660 faeti
1144 1595 1239 1679 quasi

69 1704 103 1769 iu
125 1703 238 1768 ordine
259 1702 395 1768 Prasino
416 1702 609 1768 Venetorum
632 1703 791 1767 irruerunt
813 1704 847 1768 in
868 1702 1071 1771 Christianos
1093 1705 1239 1795 eiusdem

22 1823 54 1873 to
68 1813 210 1880 oiuitatis
233 1820 265 1878 et
286 1813 401 1878 multos
423 1812 651 1878 interfecerunt
673 1821 705 1878 et
728 1813 881 1879 eeclesias
904 1813 1148 1880 oombusserunt
1170 1815 1238 1880 Ste

70 1923 276 2007 planumque
304 1923 407 2007 ipsius
436 1922 525 1989 urbis
554 1923 751 2006 praetectum
781 1923 815 1988 in
843 1923 1005 2006 praetorio
1034 1931 1238 2008 peremerunt

68 2040 101 2099 et
129 2032 342 2100 substantiam
371 2033 440 2097 eius
469 2031 679 2116 diripuerunt.
731 2052 810 2097 uxor
836 2052 913 2098 uero
942 2033 1030 2098 illius
1057 2032 1239 2100 ascendens

69 2142 112 2207 ad
145 2142 256 2208 urbem
288 2142 369 2207 adiit
400 2142 626 2225 imperatorem
656 2143 711 2226 qui
738 2143 832 2208 iussit
862 2140 1058 2208 Adamantio
1086 2142 1240 2226 magistro

71 2253 208 2317 militum
237 2251 433 2318 descendere
453 2253 675 2319 Palaestinam
703 2259 734 2318 et
763 2252 956 2319 occisionem
984 2253 1146 2335 inquirere
1168 2253 1239 2318 Sto

25 2375 56 2426 rs
71 2361 181 2446 plani.
226 2362 280 2443 qui
303 2363 437 2428 ueniens
459 2382 568 2428 eorum
591 2384 671 2447 quos
693 2364 835 2446 repperit
863 2363 944 2429 alios
967 2362 1137 2447 suspendit
1158 2362 1239 2429 alios

72 2471 244 2537 deoollauit
276 2472 358 2537 alios
388 2491 465 2536 uero
497 2472 679 2538 debilitauit
707 2481 738 2538 et
760 2472 945 2557 publicauit.
989 2479 1022 2539 et
1054 2473 1157 2539 iaetus
1190 2480 1240 2540 est

70 2582 165 2648 timor
187 2583 302 2665 ingens
324 2581 358 2644 in
380 2581 528 2647 omnibus
551 2584 695 2665 partibus
717 2582 937 2648 orientalibus.

155 2691 331 2757 Tricesimo
353 2691 478 2775 imperii
500 2692 670 2757 Iustiniani
694 2712 779 2757 anno
801 2692 953 2776 apparuit
975 2692 1058 2773 ignis
1086 2693 1121 2757 in
1150 2693 1240 2756 eaelo

73 2802 165 2884 quasi
188 2801 313 2885 speeies
336 2801 468 2866 lauceae
491 2821 511 2864 a
534 2802 885 2884 septemtrionemque
908 2800 951 2864 ad
973 2800 1182 2864 occidentem.

23 2919 57 2970 to
158 2911 334 2976 Tricesimo
357 2911 460 2995 primo
490 2911 616 2994 imperii
637 2910 808 2975 Iustiniani
830 2930 916 2975 anno
938 2911 1041 2975 faetus
1064 2916 1114 2975 est
1135 2915 1240 2975 terrae

73 3026 176 3086 motus
199 3019 363 3087 horribilis
385 3020 481 3085 ualde
504 3022 631 3104 qualern
655 3021 763 3086 nullus
785 3019 950 3084 hominum
979 3019 1178 3085 memorabat
1206 3019 1241 3085 iu

70 3131 278 3213 generatione
312 3131 368 3195 illa
399 3151 496 3215 super
527 3138 644 3194 terram
677 3129 835 3195 effoetum.
880 3129 1120 3195 concutiebatur
1154 3130 1240 3195 enim

69 3247 156 3305 terra
182 3248 275 3305 noete
304 3260 342 3305 ao
372 3240 425 3305 dio
455 3240 568 3306 diebus
598 3240 718 3322 decern,
756 3247 870 3324 postea
899 3259 974 3304 uero
1004 3239 1155 3305 eessauit.
1207 3246 1240 3304 at

70 3369 147 3416 uero
179 3350 354 3434 imperator
386 3370 450 3415 non
484 3351 624 3434 portauit
657 3370 807 3415 eoronam
834 3369 892 3434 per
921 3349 1137 3434 quadraginta
1159 3347 1239 3414 dies.

24 3467 55 3519 25
72 3458 130 3525 sed
152 3466 185 3524 et
207 3467 319 3525 saneta
341 3460 459 3526 Christi
483 3461 651 3525 natiuitate
673 3460 796 3543 absque
817 3461 876 3524 illa
904 3459 1061 3542 prooessit
1083 3459 1117 3524 in
1140 3459 1238 3524 eoele

72 3570 122 3635 sia
142 3571 188 3634 ita
209 3577 243 3633 ut
266 3570 361 3635 otiam
384 3570 529 3653 prandia,
560 3590 642 3654 quae
665 3590 705 3635 ex
728 3588 814 3633 more
836 3569 916 3634 fiunt
938 3570 972 3635 in
994 3569 1105 3635 desem
1128 3576 1160 3636 et
1182 3589 1239 3635 no-

70 3698 144 3743 uem
166 3679 340 3760 aeeubitus,
379 3699 507 3746 cessare
530 3681 649 3745 laceret
678 3688 710 3744 et
731 3679 844 3743 horum
867 3699 1029 3764 expensas
1052 3681 1164 3763 egenis
1186 3681 1240 3745 tri·

71 3788 191 3853 bueret.

154 3897 275 3962 Eodem
299 3918 383 3962 anno
405 3899 554 3983 ingressa
576 3907 626 3966 est
646 3919 727 3982 gens
743 3898 933 3983 Byzantium
949 3898 1116 3981 inopinata
1130 3917 1240 3962 eorum
1265 3902 1373 3968 XXVI

22 4019 54 4070 30
71 4007 126 4090 qui
148 4005 295 4071 dicuntur
317 4008 442 4073 Anares
472 4017 504 4073 et
533 4014 599 4074 tota
620 4008 736 4074 ciuitas
759 4009 919 4073 oonourrit
941 4007 984 4071 ad
1006 4008 1166 4073 uisionem
1188 4027 1239 4072 eo·

71 4136 140 4180 rum
163 4123 326 4200 tamquam
349 4118 403 4201 qui
425 4139 600 4201 numquam
613 4117 753 4183 uiderint
772 4125 901 4201 gentem
917 4117 1124 4182 huiusmodi.
1141 4116 1242 4183 habe-

70 4224 150 4289 bant
178 4226 263 4290 enim
291 4245 398 4291 eomas
421 4234 593 4293 retrorsum
622 4229 765 4312 prolixas
795 4226 901 4303 ualde,
939 4228 1064 4292 uinctos
1093 4224 1240 4310 prandiis

141 4510 198 4564 idi
218 4519 278 4565 onia
295 4511 371 4564 facta
388 4511 414 4565 l)
516 4512 688 4582 tdrlaptrl)
774 4510 950 4566 tlstanral)
1034 4516 1134 4565 bema
1151 4510 1241 4580 qurD

71 4601 172 4668 Rhesiil
187 4608 292 4673 χρυσῆς
312 4604 455 4666 Cedrenus,
483 4605 558 4661 Hesu
576 4607 653 4661 ‘liber
672 4605 835 4683 Bouqorss'i'
943 4609 971 4658 10
991 4610 1018 4658 et
1035 4607 1098 4657 onte
1116 4603 1243 4658 ecelesias

70 4696 165 4751 omn
235 4702 265 4750 14
283 4696 474 4766 phalelaual)
542 4702 575 4753 ll
594 4698 783 4765 accub1t1b3D
858 4702 890 4752 29
909 4692 1028 4752 braantui
1043 4696 1070 4752 D
1138 4701 1171 4752 32
1188 4696 1240 4767 plr-

69 4788 152 4843 xrlI)
203 4791 333 4846 metatu
579 4780 585 4793 ’
