2834 5394
621 830 764 896 LIBER
787 830 984 910 QVINTVS

180 1035 197 1100 1
303 1034 388 1097 Dum
410 1032 529 1097 bellum
551 1032 586 1097 in
608 1032 763 1098 Numidia
790 1040 901 1099 contra
923 1035 1110 1118 Iugurtham
1138 1037 1261 1119 geritur
1287 1031 1384 1118 <auno

218 1144 259 1208 ab
289 1143 367 1207 urbe
397 1140 526 1206 condita
556 1144 790 1209 sexcentesimo
820 1144 1067 1229 quadragesimo
1098 1146 1240 1212 seeundo
1263 1145 1387 1211 Marcus

216 1253 357 1318 Manlius
390 1252 501 1317 consul
535 1249 582 1335 et>
615 1252 753 1330 Quintus
786 1252 908 1338 Caepio
947 1252 1023 1340 <pro
1052 1256 1184 1321 consule
1215 1254 1388 1321 aduersum

217 1362 364 1429 Cimbros
387 1370 419 1428 et
441 1364 604 1428 Teutonas
627 1369 659 1427 et
674 1363 847 1446 Tigurinos
871 1371 901 1428 et
916 1364 1098 1431 Ambronas
1121 1362 1289 1430 Gallorum
1312 1364 1388 1431 Ger·

217 1492 448 1556 manorumque
475 1478 606 1556 gentes,
640 1491 724 1556 quae
751 1479 818 1537 tum
847 1474 1016 1559 imperium
1043 1475 1261 1539 Romanorum
1290 1475 1409 1541 estin-l

217 1604 316 1667 guere
343 1583 617 1667 complacuerant,
651 1583 745 1649 missi
773 1585 959 1667 prouincias
988 1584 1051 1650 sibi
1071 1583 1229 1649 Rhodano
1259 1584 1391 1650 flumine

217 1695 323 1760 medio
346 1693 535 1759 diuisemnt.
579 1691 634 1756 ubi
657 1691 733 1756 dum
755 1693 838 1758 inter
861 1713 896 1758 se
917 1695 1113 1777 grauissima
1132 1694 1259 1760 inuidia
1275 1702 1306 1760 et
1320 1715 1392 1760 con-

219 1806 362 1871 tentione
385 1803 569 1884 discertent,
600 1821 670 1866 cum
694 1823 813 1886 magna
835 1802 1015 1886 ignominia
1036 1810 1067 1869 et
1087 1804 1231 1890 periculo
1254 1805 1392 1870 Romani

219 1915 358 1981 nominis
381 1913 455 1977 uicti
481 1918 563 1977 sunt.
609 1911 635 1977 si
669 1911 797 1994 quidem
830 1913 864 1977 in
897 1933 936 1979 ea
968 1934 1079 1998 pugna
1100 1914 1227 1981 Marcus
1250 1915 1392 1982 Manlius

221 2026 333 2091 eonsul
360 2030 473 2107 eaptus
501 2028 598 2104 atque
626 2022 813 2088 interfectus
835 2030 893 2099 est,
929 2023 991 2089 duo
1024 2025 1083 2089 filii
1116 2024 1259 2092 consulis
1293 2026 1392 2108 caesi,

220 2135 381 2219 octoginta
403 2132 493 2196 milia
514 2132 729 2196 Romanorum
760 2133 982 2217 sociorumque
1011 2154 1051 2200 ea
1078 2141 1271 2220 tempestate
1298 2136 1393 2200 truci·

221 2246 307 2329 data,
332 2242 548 2328 quadraginta
569 2242 661 2306 milia
682 2243 831 2307 calonum
852 2251 949 2328 atque
976 2244 1115 2310 lixarum
1138 2245 1309 2311 interfecta
1331 2246 1394 2311 An·

220 2357 284 2422 tias
306 2353 426 2420 scribit
470 2352 516 2417 ita
538 2353 687 2417 exomni
709 2352 839 2437 penitus
861 2353 1003 2418 exercitu
1026 2353 1135 2420 decem
1158 2361 1284 2420 tantum
1299 2354 1394 2421 modo

221 2465 368 2531 homines
391 2463 447 2548 qui
468 2462 621 2530 miserum
643 2463 790 2528 nuntium
821 2462 863 2527 ad
892 2463 1058 2546 augendas
1081 2464 1229 2532 miserias
1252 2472 1395 2552 reporta·

221 2584 292 2642 rent
314 2573 513 2660 superfuisse
535 2573 724 2638 referuntur.
768 2572 878 2639 hostes
900 2573 986 2639 binis
1015 2574 1128 2640 eastris
1151 2582 1247 2660 atque
1271 2575 1393 2659 ingenti

221 2685 344 2770 pracda
365 2684 457 2767 potiti
486 2703 572 2748 noua
604 2682 744 2765 quadam
767 2689 863 2766 atque
890 2682 1022 2749 insolita
1050 2684 1254 2750 execratione
1281 2691 1396 2750 cuneta

222 2814 306 2879 quae
328 2799 480 2877 ceperant
501 2811 632 2876 pessum
655 2791 821 2857 dederunt.
866 2793 966 2859 uestis
990 2793 1094 2860 scissa
1115 2800 1148 2859 et
1169 2794 1316 2877 proiecta
1336 2801 1394 2875 est,

222 2925 334 2969 aurum
357 2909 588 2985 argentumque
610 2902 643 2964 in
666 2899 785 2966 flumen
807 2902 976 2979 abiectum,
1004 2903 1124 2968 loricae
1151 2903 1294 2968 uirorum
1323 2923 1396 2969 con-

223 3015 320 3095 cisae,
351 3013 505 3097 phalerae
529 3031 681 3096 equorum
704 3011 914 3096 disperditae,
948 3014 1021 3096 equi
1046 3013 1110 3098 ipsi
1131 3012 1315 3096 gurgitibus
1338 3013 1393 3077 irn-

222 3123 329 3206 mersi,
354 3122 499 3187 homines
522 3121 648 3204 laqueis
664 3122 744 3186 collo
767 3121 879 3188 inditis
907 3141 947 3187 ex
964 3122 1133 3189 arboribus
1150 3123 1304 3208 suspensi
1320 3129 1395 3189 sunt

222 3233 268 3297 ita
290 3240 325 3296 ut
345 3230 427 3295 nihil
449 3229 591 3315 praedae
613 3231 724 3313 uictor,
747 3230 829 3296 nihil
851 3231 1093 3298 misericordiae
1115 3233 1219 3298 uictus
1241 3251 1394 3316 agnosce-

223 3347 280 3407 ret.
325 3340 485 3406 maximus
519 3345 595 3404 tune
631 3341 752 3406 Itomae
784 3362 850 3406 non
883 3343 985 3408 solum
1018 3343 1122 3408 luctus
1155 3361 1268 3407 uerum
1301 3341 1398 3407 ctiam

222 3449 343 3533 metus)
366 3448 425 3514 fuit
446 3455 586 3533 quantus
608 3450 664 3514 uix
689 3450 883 3518 Hannibalis
904 3459 1048 3537 tempore
1069 3450 1199 3517 Punicis
1222 3451 1318 3518 bellis
1340 3449 1399 3535 <ne

223 3561 390 3628 confestim
413 3558 535 3625 Cimbri
556 3559 657 3644 Alpes
679 3560 979 3645 transgrederentur
1000 3561 1191 3644 Italiamque
1213 3560 1370 3628 delerent.

295 3767 303 3815 l
325 3767 459 3830 rugurtam
479 3761 506 3816 B
592 3760 1173 3830 1-a<>1).·romamcontaminarem·
1198 3760 1323 3830 {malhei
1339 3761 1401 3816 &B

224 3854 362 3908 3mallrul'
378 3853 431 3908 ΒΡ
480 3866 572 3924 coepto
592 3851 619 3905 B
722 3858 805 3909 3-23
823 3855 859 3925 <>
876 3851 915 3907 D:
935 3867 951 3906 a
969 3854 1275 3926 cymbnlldeteutomt'
1290 3854 1314 3908 dr
1331 3862 1400 3923 trgu-

223 3949 288 4000 nnrl
303 3947 327 4000 dc
344 3947 516 4000 ambronibus
553 3952 624 4017 tque
649 3953 725 4002 crant
741 3962 928 4016 germanorum
946 3945 970 3999 b
986 3947 1116 4017 gallorum
1132 3948 1224 4017 genter
1237 3953 1241 4008 l
1256 3953 1323 4003 urctr
1341 3949 1403 4002 tunt

223 4047 300 4094 iuxta
316 4041 415 4094 flumen
433 4040 577 4095 rodanum·
590 4040 614 4093 dr
629 4036 752 4109 tnlgentr
769 4046 942 4097 mtemrcrone
960 4046 1040 4095 otram
1058 4041 1146 4095 cultra
1164 4041 1209 4095 lua
1227 4039 1252 4094 ὣ
1267 4041 1402 4113 maginem

225 4139 329 4200 partem
347 4134 480 4186 exercitus
495 4132 688 4202 perdiderunt·
706 4134 798 4188 Trmor
820 4148 894 4204 rome
912 4134 1019 4203 grandd
1036 4133 1063 4188 B
1170 4138 1186 4187 9
1213 4134 1320 4188 mallius
1335 4150 1401 4190 con·

226 4223 317 4277 rulant
332 4223 359 4278 Ι)
445 4230 476 4279 12
494 4227 574 4279 anchi
591 4225 751 4281 rnlcrrbrtD
839 4231 870 4281 16
888 4227 1004 4282 nobaD
1083 4231 1113 4279 Π
1132 4228 1218 4281 uestes
1236 4228 1326 4282 lcrllal
1341 4226 1402 4293 ΒΡ,

225 4331 274 4368 em.
292 4332 329 4370 erc
349 4317 443 4372 Oresio
463 4317 594 4373 Gruterus
681 4322 711 4372 19
728 4318 856 4374 talereD
937 4325 968 4374 23
987 4319 1161 4390 quantumD
1238 4323 1401 4385 23—107‚5

225 4413 320 4462 rterum
336 4409 341 4478 1
355 4409 417 4476 gallr
433 4425 535 4465 romam
552 4416 675 4466 uenuent
686 4436 691 4447 ·
702 4421 770 4481 ergo
789 4411 816 4467 B
