2834 5394
624 640 697 688 can.
720 640 807 687 1-111
1239 629 1300 692 295

127 791 233 858 strina
253 789 384 873 publiea
404 789 573 856 latrocinia
594 809 668 857 esse
689 790 842 857 teeemnt.
886 810 957 857 cum
972 794 1058 859 enim
1073 801 1183 861 essent
1197 797 1302 863 molae

128 901 164 967 in
185 901 266 967 locis
287 900 506 967 subterraneis
527 901 730 985 constitutae,
759 922 818 985 per
839 903 970 986 singula
988 904 1092 969 latera
1113 925 1223 971 earum
1246 905 1302 972 do·

132 1032 240 1076 mnam
263 1012 417 1077 tabernas
440 1011 656 1089 instituentes,
685 1014 870 1078 meretrices
898 1013 931 1078 in
960 1014 1008 1080 eis
1036 1022 1184 1097 prostare
1205 1016 1301 1083 faeie·

130 1121 209 1187 bant
231 1129 389 1206 qnatenus
412 1141 471 1204 per
492 1141 549 1187 eas
572 1121 726 1204 plurimos
749 1121 944 1206 deciperent,
966 1123 1049 1190 alios
1072 1125 1126 1208 qui
1142 1146 1200 1208 pro
1217 1146 1302 1209 pane

95 1232 316 1313 aneniehant,
339 1232 421 1297 alios
444 1233 497 1315 qui
521 1252 579 1314 pro
601 1233 748 1298 luxuriae
770 1233 967 1315 turpitudine
982 1235 1188 1301 festinabant.
1232 1244 1303 1303 arte

129 1361 269 1425 namque
289 1342 477 1407 mechanica
504 1341 538 1405 in
560 1344 678 1408 molam
701 1341 741 1407 de
763 1343 899 1408 taberna
927 1343 1087 1410 cadebant
1108 1352 1141 1411 et
1161 1346 1223 1411 hoc
1244 1367 1302 1430 pa·

129 1453 293 1518 tiebantur
328 1453 468 1517 maxime
504 1453 676 1536 peregrini.
727 1462 759 1517 et
793 1454 839 1518 ita
875 1455 1037 1520 faciebant
1065 1463 1099 1519 ut
1127 1456 1218 1521 multi
1248 1476 1303 1523 us·

130 1584 192 1647 que
214 1563 257 1627 ad
279 1564 452 1630 senectutis
474 1568 601 1645 tempus
623 1563 809 1629 laborantes
833 1583 873 1628 ex
895 1564 971 1629 inde
993 1587 1058 1630 non
1081 1567 1304 1648 permitteren-

129 1680 181 1737 tur
203 1673 291 1738 exire
319 1672 567 1739 aestimantibus
597 1692 705 1737 eorum
736 1674 926 1756 propinquis
950 1694 1005 1740 cos
1029 1694 1102 1741 esse
1124 1675 1303 1744 defunctos.

83 1793 115 1844 tc
130 1783 163 1848 in
185 1782 390 1849 huiusmodi
412 1784 529 1866 laqueo
552 1781 682 1866 quidam
712 1783 805 1848 miles
828 1783 1003 1850 Theodosii
1026 1785 1232 1867 imperatoris
1253 1787 1303 1850 in·

129 1894 237 1958 currit.
282 1911 416 1977 cumque
438 1892 553 1958 fnisset
575 1893 703 1958 clausus
726 1892 769 1957 ad
791 1894 909 1957 molam
932 1912 990 1957 nec
1014 1892 1227 1959 dimitteretur
1249 1915 1302 1961 ex·

129 2005 185 2085 ire,
223 2004 396 2086 euaginato
424 2002 533 2086 gladio
563 2002 769 2085 prohibentes
798 2002 922 2067 cecidit.
966 2012 1000 2069 at
1028 2004 1074 2068 illi
1104 2011 1225 2070 terrore
1248 2003 1302 2070 de·

128 2114 210 2178 tenti
231 2114 364 2177 militem
387 2113 587 2177 dimiserunt.
631 2112 692 2176 hoe
714 2132 894 2195 agnoscens
917 2113 1091 2197 imperator
1119 2121 1152 2179 et
1179 2114 1302 2180 uranei·

130 2244 189 2306 pes
217 2224 384 2306 suppliciis
412 2224 575 2288 interemit
605 2228 637 2287 et
664 2222 738 2304 ipsa
766 2223 903 2305 pistrina
931 2222 1127 2290 destruenda
1157 2223 1301 2291 funditus

83 2342 114 2392 15
130 2354 204 2399 esse
231 2334 403 2417 praecepit.
447 2333 545 2397 aliam
579 2353 689 2398 rursus
723 2333 892 2416 abrogauit
923 2333 1019 2399 huius
1051 2334 1138 2399 modi
1160 2353 1301 2400 causam.

129 2445 224 2525 siqua
245 2444 360 2508 mulier
381 2444 415 2507 in
438 2441 596 2507 adulterio
618 2450 714 2524 capta
735 2442 865 2524 luisset,
896 2442 957 2507 hoc
980 2465 1044 2509 nen
1067 2444 1301 2510 emendabatur
1369 2516 1383 2543 ·

128 2553 188 2620 sed
209 2555 315 2636 potins
336 2552 380 2617 ad
402 2559 608 2635 augmentum
630 2553 784 2633 prensandi
799 2552 1056 2619 contradebatur.
1099 2553 1302 2621 includentes

129 2683 201 2729 eam
223 2664 256 2727 in
278 2670 415 2746 angusto
438 2662 614 2747 prostibulo
642 2672 674 2726 ct
702 2662 910 2728 admittentes
934 2665 988 2747 qui
1011 2683 1082 2727 curn
1105 2684 1145 2728 ca
1167 2665 1304 2729 fornica·

129 2782 248 2855 rentur,
279 2773 359 2837 hora
381 2793 445 2855 qua
467 2772 695 2854 turpitudinem
719 2773 869 2854 agebant,
898 2773 1116 2837 tintinnabula
1144 2776 1302 2854 percutie²

79 2895 113 2945 nc
130 2884 207 2948 hant
230 2892 264 2947 ut
285 2884 354 2948 eins
378 2903 458 2948 sono
482 2882 568 2947 illius
592 2882 707 2945 iniuria
729 2882 821 2947 lieret
843 2882 1025 2947 manifesta.
1069 2882 1151 2947 hacc
1165 2881 1302 2949 audiens

129 2995 318 3076 imperator,
342 3012 530 3076 permanere
558 3012 622 3055 non
645 3012 762 3072 passus
785 3000 832 3056 cst
862 2991 921 3058 sed
949 2992 1022 3074 ipsa
1044 2991 1224 3074 prostibula
1245 2990 1302 3058 dc·

129 3105 208 3170 strui
230 3104 333 3169 iussit.

213 3214 273 3279 His
302 3215 383 3279 actis
416 3213 525 3277 relicto
551 3211 775 3276 Valentiniano
806 3214 927 3276 Ronrae
956 3213 1026 3293 ipsc
1056 3232 1127 3276 curn
1157 3212 1299 3276 Honorio
1321 3209 1371 3274 III

130 3324 442 3406 Constantinopolim
479 3324 633 3386 remeauit
670 3322 836 3387 consulatu
873 3322 1011 3386 Daciani
1049 3331 1080 3385 ct
1116 3321 1302 3404 Symmachi

83 3444 113 3494 25
132 3442 244 3516 qrrarto
272 3434 349 3498 idus
377 3433 580 3497 Nouembris.
631 3431 727 3514 igitur
757 3431 960 3497 'Pheedosius
989 3432 1163 3516 imperator
1192 3430 1304 3495 habuit

129 3546 317 3628 passionum
340 3563 465 3626 quaeque
488 3541 730 3605 commotionem
754 3542 901 3622 iustoque
923 3542 1021 3606 furori
1036 3542 1216 3606 inmensam
1232 3561 1304 3624 pcr-

129 3657 269 3720 miseens
293 3653 511 3719 crudelitatem
535 3653 688 3716 iniustam
711 3662 864 3732 operatus
887 3660 936 3717 est
964 3652 1160 3733 passionem.
1205 3672 1302 3735 quam

131 3786 198 3831 rem
221 3784 354 3830 narrare
376 3762 594 3828 necessarium
624 3768 728 3826 estet
751 3781 808 3843 pro
832 3761 968 3826 utilitate
991 3763 1166 3845 legentium
1189 3769 1221 3826 ct
1243 3781 1301 3845 pro

130 3874 329 3941 memorabili
345 3873 503 3955 vopinione
526 3873 685 3935 uirtutum.
730 3872 965 3936 Thessalonica
992 3871 1107 3937 ciuitas
1135 3879 1185 3937 est
1206 3891 1303 3954 gran·

80 3994 113 4043 30
131 3985 181 4051 dis
203 3994 234 4050 et
255 3985 421 4069 populosa,
451 3982 484 4046 in
507 4003 571 4064 quia
593 3980 668 4045 dum
691 3981 804 4061 ferisset
826 3990 896 4045 orta
919 3981 1044 4061 seditio,
1069 3979 1198 4063 quidam
1219 3980 1302 4044 iudi-

129 4117 200 4161 cum
234 4095 368 4179 lapidati
401 4099 475 4160 sunt
508 4099 603 4171 atque
636 4090 738 4154 tracti.
784 4090 858 4154 hine
887 4090 1074 4173 indignatus
1097 4088 1301 4156 Theodosius

129 4204 315 4272 iracundiae
337 4225 403 4268 non
426 4201 601 4267 r'esrenauit
623 4200 839 4264 infirmitatem
870 4198 928 4264 sed
951 4199 991 4263 ad
1016 4198 1108 4264 ludos
1132 4199 1301 4266 Circenses

130 4317 258 4382 inuitari
282 4316 369 4379 cinos
392 4313 495 4394 iussit,
520 4318 551 4376 et
574 4331 671 4393 super
693 4329 804 4375 omncs
827 4310 963 4375 iniustos
985 4308 1113 4392 gladios
1136 4308 1303 4391 cuaginari

305 4488 431 4496 -ι--

199 4591 213 4638 2
232 4585 312 4639 domn
331 4583 357 4637 Ι)
425 4585 439 4633 'l
458 4578 648 4634 faciebantD:
666 4578 787 4632 latebant
806 4577 888 4631 clauh
906 4577 989 4647 arrlqc
1061 4581 1091 4629 14
1108 4575 1303 4631 mterhemrtl)

134 4685 164 4733 15
180 4676 364 4746 obrogarrrtll
419 4679 448 4727 ts
467 4673 619 4727 amittentes
634 4671 660 4725 Ι)
715 4677 744 4724 19
763 4671 886 4738 agebant]
906 4670 1066 4724 noscebatur
1085 4668 1137 4724 nl>
1203 4674 1234 4724 24
1254 4670 1303 4725 da·

129 4778 197 4825 tram
216 4771 241 4825 Ι)
293 4768 423 4838 symachi·
435 4784 480 4822 1111
492 4793 497 4801 ·
509 4784 536 4820 m
554 4768 624 4827 non:
644 4764 670 4818 l)
738 4769 770 4818 29
790 4763 1009 4818 Thelalomcall
