2834 5394
206 263 265 325 tae
710 279 803 326 runai
825 280 874 327 m-

201 430 406 504 exconsule,
436 431 485 496 uir
507 437 668 498 strenuus.
713 431 741 498 is
764 430 911 497 Ciliciam
940 425 990 511 (et
1012 428 1239 515 Pamphyliam
1267 428 1377 495 crude-

202 540 326 606 lissime
348 539 480 608 adortus
502 540 578 607 dum
601 541 739 608 subdere
762 540 870 608 studet
890 558 996 626 paene
1018 539 1147 606 delenit.
1189 540 1327 626 Lyciam
1349 548 1379 605 et

202 650 299 717 urbes
322 654 392 717 eius
420 651 574 719 obsessas
602 671 842 737 oppressasque
871 653 966 736 cepit.
1011 658 1182 736 praeterea
1199 630 1378 737 'Olympum

200 769 343 827 montem
366 770 563 846 peruagatus
585 762 791 830 Phaselidem
814 762 937 844 euertit,
961 760 1119 846 Corycum
1140 759 1249 826 diruit.
1278 761 1380 826 Tauri

201 892 330 955 quoque
353 875 471 939 montis
492 874 596 939 latera
617 875 651 938 in
666 873 813 939 Ciliciam
835 871 1005 956 uergentia
1028 877 1226 957 peruagatus
1247 871 1383 938 Isauros

202 982 288 1048 bello
310 983 419 1049 fractis
442 982 492 1067 in>
515 982 711 1049 deditionem
734 983 859 1066 redegit
880 989 978 1065 atque
1004 981 1089 1047 intra
1102 981 1277 1046 triennium
1293 981 1384 1048 bello

200 1092 297 1157 tinem
320 1091 418 1156 dedit.
462 1093 584 1177 primus
608 1095 749 1159 omnium
771 1096 988 1159 Romanorum
1016 1089 1092 1176 (per
1114 1092 1258 1157 Taurum
1289 1090 1392 1158 duxit

200 1202 376 1267 exercitum
400 1222 438 1266 ac
465 1203 598 1268 limitem
627 1202 772 1287 itineris>
799 1204 881 1270 lecit.
926 1204 955 1270 is
984 1210 1149 1270 reuertens
1179 1202 1384 1287 triumphum

200 1312 327 1396 accepit
348 1319 380 1378 et
401 1332 519 1378 nomen
540 1314 676 1380 Isaurici
698 1315 822 1381 meruit.

285 1422 392 1507 Atque
419 1424 454 1489 in
476 1422 638 1510 Illyricum
667 1426 785 1492 missus
815 1433 864 1492 cst
886 1426 988 1493 Caius
1011 1425 1188 1492 Cosconius
1218 1443 1278 1509 pro
1308 1442 1389 1489 con·
1416 1468 1417 1479 ι

201 1533 281 1599 sule.
326 1533 355 1600 is
376 1532 529 1618 <protrita
551 1535 748 1620 subactaque
769 1537 935 1603 Dalmatia
957 1537 1095 1603 Salonas
1123 1536 1237 1601 urbem
1265 1532 1381 1599 floren·

200 1643 360 1710 tissimam
382 1644 513 1711 tandem
537 1647 736 1731 expugnauit
758 1646 805 1731 et>
836 1648 921 1733 cepit
949 1654 980 1713 et
1002 1647 1178 1731 composito
1207 1644 1296 1711 bello
1319 1645 1378 1710 Ro·

202 1773 286 1819 mam
309 1762 383 1839 ptest
405 1754 572 1822 biennium
594 1756 698 1821 rediit.

286 1865 394 1931 Isdem
416 1867 614 1951 temporibus
641 1867 753 1933 consul
776 1866 903 1933 Marcus
924 1866 1081 1933 Aemilius
1103 1865 1249 1950 Lepidus
1272 1864 1370 1931 Catuli

201 1975 326 2057 collega
347 1975 442 2041 ciuile
466 1976 585 2042 bellum
608 1977 709 2041 uoluit
731 1997 930 2061 promouere,
960 1978 1045 2042 intra
1072 1996 1171 2041 unam
1193 1982 1305 2041 tamen
1325 1980 1392 2040 tce-l
1414 1983 1417 1987 ’

202 2091 317 2150 statem
341 2093 445 2151 motus
467 2086 537 2152 eius
560 2106 736 2171 oppressus
758 2094 816 2154 cst.
861 2088 907 2153 ita
928 2107 991 2152 uno
1013 2094 1158 2171 tempore
1173 2087 1266 2152 multi
1282 2084 1370 2152 simul

202 2193 356 2278 triumphi
388 2195 516 2261 luerunt
547 2197 667 2263 Metelli
700 2217 741 2263 ex
771 2197 941 2281 Hispania,
975 2197 1108 2282 Pompei
1141 2195 1306 2263 secundus
1338 2214 1372 2261 er

200 2304 370 2389 Hispania,
394 2305 544 2373 Curionis
567 2327 607 2373 ex
627 2307 827 2388 Macedonia,
851 2307 983 2373 Seruilii
1007 2328 1047 2373 ex
1068 2306 1206 2373 Isauria.

113 2412 180 2477 llll
287 2416 382 2482 Anno
404 2417 494 2485 urbis
517 2417 666 2483 conditae
689 2418 923 2484 sexcentesimo
947 2418 1185 2502 septuagesimo
1209 2422 1302 2484 sexto
1316 2416 1375 2480 Lu·

202 2527 251 2593 cio
274 2527 397 2593 Licinio
421 2528 553 2593 Lucullo
577 2535 609 2594 et
629 2528 737 2592 Marco
760 2528 891 2593 Aurelio
907 2527 1002 2593 Cotta
1023 2527 1211 2593 consulibus
1233 2533 1374 2592 mortuus
1407 2548 1416 2570 ι

202 2648 251 2703 est
273 2638 465 2705 Nicomedes
488 2660 545 2704 rcx
566 2637 739 2723 Bithyniae
762 2646 794 2703 et
814 2645 1007 2704 testamento
1030 2638 1183 2724 populum
1199 2638 1377 2703 Romanum

202 2746 355 2812 heredem
377 2748 461 2812 fecit.
505 2749 646 2829 <interca
669 2748 823 2832 Fimbria,
852 2749 1070 2814 Marianorum
1099 2749 1257 2816 scelerum
1288 2748 1380 2815 satel-

203 2856 261 2937 les,
284 2856 379 2922 homo
402 2857 544 2922 omnium
566 2857 812 2941 audacissimus,
835 2860 985 2925 Flaccum
1001 2859 1164 2925 consulem
1180 2858 1231 2923 oui
1252 2859 1380 2943 legatus

202 2974 273 3034 erat
294 2967 381 3053 aliud
403 2968 624 3034 Nicomediam
648 2968 765 3033 oceidit
786 2989 824 3034 ac
846 2990 920 3035 mox
941 2976 1070 3054 arrepto
1093 2967 1236 3034 exercitu
1255 2967 1379 3034 Mithri·

203 3077 288 3143 datis
317 3079 418 3142 tilium
451 3098 491 3143 ex
514 3078 593 3144 Asia
615 3079 824 3163 Miletopolim
856 3080 1039 3145 uenientem
1073 3080 1171 3162 fugat,
1204 3078 1376 3145 stationem
1415 3101 1417 3105 ¹

203 3186 399 3254 Mithridatis
422 3188 547 3253 inuadit
575 3189 744 3273 ipsumque
767 3190 923 3272 Pergamo
952 3190 1044 3274 pellit
1065 3189 1306 3274 fugientemque
1332 3190 1378 3254 in·

202 3303 331 3363 secutus
353 3298 441 3382 apud
455 3298 626 3365 Pithanam
649 3298 785 3365 obsedit.
830 3306 862 3364 ct
883 3301 1026 3383 prolecto
1048 3299 1188 3385 cepisset
1209 3300 1237 3366 si
1259 3299 1377 3366 Lucius

203 3407 357 3473 Lucullus
391 3409 541 3473 ciuilibus
575 3408 746 3475 discordiis
774 3429 884 3474 curam
914 3409 961 3475 rei
989 3409 1138 3492 publicae
1168 3409 1378 3494 praetulisset

202 3537 342 3602 eumque
364 3519 446 3582 mari
468 3525 613 3584 coartare
635 3520 761 3585 obiecta
789 3521 895 3585 classe
923 3519 1089 3586 uoluisset.
1133 3519 1209 3584 inde
1232 3520 1379 3585 Fimbria

203 3629 377 3695 Iliensibus
399 3629 515 3710 iratus,
545 3650 565 3695 a
595 3629 711 3710 quibus
739 3649 797 3712 pro
820 3629 975 3695 Sullanae
998 3630 1101 3713 partis
1124 3628 1230 3695 studio
1252 3629 1379 3696 obiectu
1409 3660 1417 3684 ι

278 3854 341 3901 1-6
358 3847 393 3917 <>
410 3846 451 3900 D:
476 3846 578 3914 subegit
596 3847 684 3918 ·lyc1q
711 3845 791 3900 urbel
812 3842 988 3906 clalnllrmas
1010 3852 1176 3915 oppugnamt
1199 3845 1223 3899 d
1247 3852 1337 3916 coepit
1354 3862 1383 3899 m

204 3942 245 3995 lul
259 3942 262 4009 Ι
277 3940 414 3995 falehdam
433 3965 439 3976 ·
458 3939 600 4010 Olympum
629 3953 755 3993 coracum
769 3939 774 4008 Ι
790 3939 875 3993 cilicie
892 3940 995 3994 risuros
1019 3954 1126 4009 quoque
1149 3938 1286 4008 adgressus
1303 3938 1338 3994 ad
1355 3938 1381 3993 Β

205 4038 220 4087 2
239 4034 351 4104 Lyciam
370 4033 502 4088 Gruterus
518 4049 556 4087 cac
576 4031 689 4088 Oresio:
708 4033 823 4087 crhcram
843 4030 869 4086 P
964 4038 979 4087 6
998 4032 1096 4099 redigit
1113 4032 1140 4087 B
1226 4037 1250 4087 t.
1269 4035 1286 4085 8
1304 4032 1338 4102 (>
1355 4047 1383 4086 m

204 4131 283 4180 tauro
302 4134 352 4180 iter
370 4125 396 4179 B
477 4130 506 4179 10
524 4125 719 4196 hylhncumB
770 4125 843 4197 gl?
920 4129 1017 4179 11-12
1037 4127 1071 4195 <>
1089 4125 1130 4180 P:
1147 4125 1259 4180 multam
1275 4130 1384 4196 partem

206 4218 341 4289 dalmatie
360 4220 462 4288 subegit
480 4244 484 4254 ·
504 4219 608 4274 salonas
626 4219 653 4273 B
742 4222 770 4271 12
789 4222 878 4285 coepit
897 4217 923 4271 B
1014 4223 1043 4272 14
1061 4218 1164 4273 emilius
1180 4217 1208 4273 Β
1292 4222 1324 4273 18
1342 4218 1384 4273 hr-

206 4311 295 4363 launa
312 4311 339 4365 B
427 4317 456 4365 ltl
475 4312 633 4367 demolxxrr
650 4311 678 4365 B
746 4312 776 4362 21
796 4308 973 4379 bythrqu
1052 4316 1084 4365 tt
1103 4320 1256 4367 ucmcntem
1271 4310 1342 4382 fugit
1360 4310 1388 4367 P

205 4406 240 4456 30
259 4402 400 4472 lyllaneD
