2834 5394
206 254 269 315 sto
693 265 786 313 cmm
807 263 892 313 xxvr

206 417 350 495 donauit,
379 418 431 484 bis
453 436 531 483 uero
553 417 608 501 qui
630 416 665 483 in
686 415 797 501 Cypro
817 421 1041 485 remanserant
1074 417 1265 485 monachis
1299 427 1334 487 et
1353 419 1404 486 lai

208 528 256 596 eis
293 530 448 595 talentum
482 528 553 593 auri
586 527 767 595 transmisit
799 535 832 594 et
861 525 922 594 hos
955 525 1099 593 diuersis
1133 530 1338 597 consolatus
1359 536 1404 599 est

208 638 323 706 modis.
367 645 437 704 erat
468 638 589 723 quippe
611 637 750 704 hlicbael
782 637 869 704 eirca
899 656 1012 703 ornnes
1044 638 1169 705 suauis
1204 639 1347 723 quidem
1374 650 1403 706 et

208 750 360 830 clemens,
398 749 485 814 eirca
505 748 704 831 negotiorum
726 766 803 813 uero
825 745 1071 832 dispositionem
1096 748 1206 829 iners,
1249 750 1402 817 seruitute

210 860 364 926 subactus
387 859 573 925 'l‘heoetisto
595 858 750 942 magistro
771 866 806 925 et
825 857 942 925 ceteris
962 856 1186 941 principibus.

53 966 206 1036 XXXXl
291 970 466 1034 Praeterea
503 987 616 1036 mense
648 967 825 1034 Februario
856 965 918 1033 duo
946 965 1128 1033 Christiani
1165 988 1212 1034 ex
1247 969 1402 1053 Bulgaria

207 1079 367 1161 fugientes
401 1078 631 1145 nuntiauerant
663 1076 849 1164 imperatori
870 1076 1033 1143 Orunnum
1062 1076 1320 1162 praedaturum
1350 1099 1401 1147 eos

206 1190 261 1270 qui
283 1196 394 1253 essent
414 1187 448 1251 in
470 1186 597 1254 Thrace
618 1197 752 1274 repento
777 1188 941 1255 festinare.
983 1187 1096 1271 quinto
1127 1186 1272 1255 decimo
1295 1190 1402 1257 kalen·

205 1298 267 1365 das
288 1298 424 1364 Martias
447 1297 548 1363 exiuit
575 1298 752 1383 irrrpcrator
780 1297 823 1362 ab
852 1297 931 1363 urbe
960 1305 993 1363 et
1022 1296 1077 1363 dei
1107 1298 1341 1382 prouidentia
1361 1302 1402 1367 iu·

207 1409 323 1477 etfieax
346 1408 441 1473 rediit
463 1406 614 1476 Crunnus
635 1428 700 1473 non
723 1409 835 1493 paucis
856 1405 997 1475 amissis.
1039 1414 1093 1473 ast
1121 1406 1323 1493 imperator
1345 1411 1402 1477 lla·

210 1519 426 1604 drianopolim
448 1519 584 1583 ueniens
605 1516 763 1585 ordinatis
785 1525 862 1603 apte
882 1536 967 1601 quae
992 1516 1174 1583 circaeam
1194 1530 1311 1604 erant,
1335 1541 1402 1587 cun

205 1630 325 1713 gaudio
348 1629 443 1694 rediit
465 1635 497 1693 et
518 1626 722 1695 adscendens
746 1626 977 1694 monasterium
999 1627 1132 1694 Tarasii
1158 1632 1278 1697 sancti
1303 1632 1401 1715 patri·

207 1740 336 1819 arehae,
373 1738 545 1805 celebratis
575 1738 645 1804 eius
675 1737 839 1805 memoriis
872 1757 1029 1803 unacum
1051 1736 1223 1823 Procopia
1246 1742 1401 1825 Augusta

206 1856 362 1933 argenteo
385 1849 492 1933 petalo
515 1847 669 1914 librarum
691 1847 870 1932 nonaginta
884 1846 1025 1933 quinque
1040 1865 1175 1913 sacrum
1192 1851 1273 1917 cius
1290 1853 1401 1936 sepul·

205 1978 293 2024 erum
337 1958 479 2023 uestiuit.
534 1966 609 2042 post
650 1964 778 2041 captam
820 1976 897 2025 uero
933 1955 1164 2023 Mesembriam
1214 1960 1401 2047 imperator

207 2067 337 2133 Crunno
359 2087 440 2149 paee
463 2074 581 2150 negata
609 2087 650 2133 ex
682 2067 831 2135 onrnibus
853 2066 1049 2135 thematibus
1070 2067 1216 2135 electam
1240 2074 1400 2139 militiam

205 2186 282 2245 ante
318 2178 451 2243 uernule
487 2186 615 2262 tempus
652 2178 685 2243 in
713 2176 875 2243 Thracem
907 2176 1045 2244 bansire
1076 2182 1255 2265 praecepit
1286 2184 1399 2249 itaut

205 2307 319 2356 onmes
354 2288 489 2355 moleste
525 2288 654 2367 ferrent,
691 2288 832 2354 maxime
867 2286 1078 2372 Cappadoces
1114 2294 1147 2353 ct
1184 2292 1397 2361 Armeniaci.

204 2401 399 2485 imperatore
429 2405 536 2465 autem
558 2405 696 2465 exeunte
724 2418 794 2463 cum
823 2397 990 2465 ordinibus
1020 2416 1133 2464 menso
1152 2398 1250 2466 Maio
1291 2404 1398 2471 exiuit

205 2533 277 2578 cum
299 2530 338 2576 eo
361 2511 482 2596 pariter
503 2510 617 2576 iterum
640 2508 798 2593 Procopio
818 2508 967 2593 Augusta
988 2527 1090 2590 usque
1118 2527 1231 2592 aquae
1255 2511 1395 2581 ductum

204 2624 294 2688 iuxta
315 2622 516 2687 Heracleam.
561 2628 595 2686 at
624 2639 701 2685 uero
729 2618 950 2685 mrdtitudines
980 2637 1076 2702 super
1105 2617 1166 2682 hoc
1189 2619 1328 2689 duriter
1351 2626 1395 2691 le-

205 2741 312 2798 rentes
336 2732 368 2795 in
392 2731 632 2815 derogationem
660 2749 698 2794 ae
728 2728 986 2795 maledictionem
1007 2747 1185 2794 conuersae
1211 2742 1294 2799 sunt
1319 2754 1394 2801 con·

205 2852 255 2910 tra
277 2841 477 2907 blielmclem.

52 2956 219 3023 XXXXll
294 2955 393 3019 Porro
415 2952 510 3018 tertio
532 2969 637 3017 nonas
658 2949 761 3016 Maias
783 2948 913 3033 eclipsis
942 2949 1026 3013 taeta
1047 2956 1096 3013 est
1117 2946 1204 3013 circa
1228 2950 1390 3019 duodeci·

205 3086 290 3129 ruam
320 3072 444 3146 partem
467 3061 567 3125 'l'auri
596 3061 684 3125 iuxta
713 3059 915 3143 horologium
943 3059 1067 3125 oriente
1096 3058 1164 3123 sole
1193 3065 1227 3124 et
1260 3064 1386 3131 multus

204 3174 298 3238 timor
320 3170 436 3236 oceidit
458 3190 555 3253 super
576 3169 698 3235 turbas.

289 3285 349 3347 Ast
371 3282 543 3365 imperator
565 3278 720 3344 circuibat
741 3279 900 3344 'Pleraecm
922 3299 993 3344 cum
1022 3277 1223 3361 praetoribus
1254 3300 1295 3346 ac
1326 3285 1384 3348 mi·

205 3394 284 3460 litiis
313 3410 417 3474 neque
446 3397 558 3454 eontra
586 3388 811 3455 llescmbrlam
841 3408 982 3473 pergens
1023 3407 1127 3469 neque
1165 3387 1258 3453 aliud
1301 3392 1383 3475 quid

206 3525 315 3571 corum
339 3520 422 3586 (pirae
445 3499 500 3583 agi
522 3499 641 3565 ‹lebcnt
662 3499 705 3563 ael
728 3499 976 3565 destructionem
994 3499 1132 3565 hostium
1158 3503 1297 3581 patrans
1320 3502 1382 3569 sed

204 3624 328 3681 tantum
351 3633 467 3677 strasus
490 3610 693 3677 sermonibus
716 3610 811 3675 uanis
838 3609 1092 3677 consiliariorum
1121 3627 1251 3673 suorum
1277 3611 1381 3677 bello-
1409 3633 1417 3661 ‘³

206 3746 274 3790 rum
305 3722 536 3805 experientiam
567 3742 631 3786 non
660 3720 846 3786 habentium
876 3740 914 3785 ac
942 3741 1001 3805 per
1029 3719 1090 3783 hoc
1112 3716 1381 3787 adseuerantium

203 3856 268 3902 non
290 3832 411 3899 audere
435 3832 597 3896 inimicum
620 3831 793 3898 aduersum
815 3832 905 3896 illum
920 3831 1033 3897 ucnirc
1047 3830 1081 3893 in
1096 3828 1227 3914 propria
1243 3831 1381 3913 regione

204 3946 378 4015 sedentem.
422 3950 454 4007 et
476 3950 545 4007 erat
568 3941 735 4007 barbarico
758 3942 880 4027 impetn
907 3942 1039 4024 grauior
1061 3938 1239 4004 conuiuium
1262 3948 1380 4009 coetus

204 4054 416 4125 deficientium
446 4052 532 4116 cirea
559 4052 761 4118 necessarias
790 4051 947 4118 utilitates
975 4058 1007 4116 et
1027 4048 1151 4134 rapinis
1174 4066 1212 4112 ac
1233 4046 1381 4116 inuasio-

205 4171 299 4237 nibus
322 4162 603 4233 exterminantium
625 4162 865 4248 compatriotas.

50 4280 234 4350 XXXXIII
290 4278 385 4345 Circa
412 4273 506 4339 initia
533 4293 610 4340 uero
638 4272 721 4339 Iunii
970 4268 988 4285 ''
1019 4264 1169 4333 crunnus
1196 4267 1378 4351 Bulgarum

203 4394 268 4459 dur
304 4410 374 4455 cmn
408 4383 603 4453 exercitibus
634 4402 658 4451 a
1042 4376 1109 4445 ulta
1139 4376 1229 4443 milia
1264 4392 1380 4448 essent
