2834 5394
530 58 539 75 9
603 44 609 61 Ι

558 102 586 127 ‘a

534 150 543 169 ¹.

566 693 640 742 cur.
663 695 773 742 x-xn
1192 679 1254 743 513

79 852 223 929 tempore
244 845 302 912 illo
324 846 372 914 eis
395 845 580 913 acciderunt
601 847 725 912 atrocia
746 847 792 912 ita
809 852 844 912 ut
870 846 1089 931 experimento
1116 845 1255 915 disceret

79 956 157 1040 quia
179 956 260 1022 deus
281 961 314 1021 et
346 957 553 1025 sanctissima
585 958 677 1042 uirgo
709 956 826 1040 deique
856 963 960 1024 mater
991 956 1076 1024 hanc
1107 957 1255 1024 muniunt

80 1067 192 1132 urbem
216 1073 248 1133 et
266 1066 520 1135 Christianorum
542 1069 822 1169 imperatorem'et
842 1087 908 1133 non
930 1073 980 1135 est
1001 1067 1186 1133 omnimoda
1207 1066 1255 1133 di-

81 1177 193 1244 missio
208 1176 262 1244 dei
277 1178 310 1243 in
326 1177 377 1244 his
404 1178 459 1261 qui
484 1179 637 1244 inuocant
651 1197 724 1243 eum
746 1178 779 1243 in
794 1179 931 1244 uentate
946 1178 1021 1244 licet
1037 1177 1079 1244 ad
1094 1177 1254 1244 modicum

48 1301 64 1349 5
81 1286 158 1369 quid
180 1289 375 1371 castigemur
395 1295 526 1372 propter
546 1295 680 1373 peccata
700 1296 820 1354 nostra.

165 1396 259 1464 Anno
288 1399 416 1481 imperii
436 1399 554 1466 Leonis
583 1397 724 1465 secundo
753 1397 818 1464 dux
840 1396 983 1462 Arabum
1008 1396 1146 1463 babetur
1166 1397 1255 1462 Flau-
1275 1394 1345 1462 XII

81 1528 160 1591 mar,
183 1509 238 1590 qui
260 1508 308 1574 eis
330 1508 455 1576 duobus
476 1508 617 1593 praefuit
639 1509 744 1574 annis.
788 1506 902 1574 eodem
931 1527 1058 1592 quoque
1080 1527 1166 1573 anno
1181 1509 1256 1575 Ser·

80 1618 153 1702 gius
174 1618 460 1702 Protospatharius
485 1625 518 1684 et
538 1624 668 1702 praetor
689 1618 820 1684 Siciliae
847 1617 958 1684 audito
992 1617 1078 1701 quod
1100 1618 1256 1686 Saraceni

80 1726 268 1794 obsiderent
288 1729 410 1812 regiam
425 1728 546 1809 urbem,
570 1728 736 1794 coronauit
757 1728 822 1793 illic
837 1730 1002 1811 proprium
1018 1729 1254 1812 imperatorem,
1273 1802 1276 1808 ¹

34 1849 64 1899 tc
80 1838 183 1902 uirum
206 1836 596 1924 constantinopolitanum
619 1858 659 1903 en
681 1836 865 1904 hominibus
887 1839 955 1904 suis
983 1839 1083 1903 filium
1107 1837 1256 1921 Gregorii

79 1948 272 2031 Onomaguli
295 1949 460 2016 Tiberium
489 1956 610 2015 mutato
637 1949 767 2014 nomine
796 1948 968 2013 uocitatum
997 1949 1052 2030 qui
1080 1948 1155 2014 fecit
1181 1967 1256 2031 pro-

80 2058 238 2124 motiones
267 2064 299 2124 et
327 2079 403 2127 suos
431 2059 595 2144 principes
623 2056 782 2141 praedicti
810 2058 945 2124 consilio
967 2057 1083 2141 Sergii.
1127 2063 1178 2124 ast
1198 2058 1257 2123 im-

79 2174 210 2252 perator
231 2168 282 2234 bis
305 2168 425 2236 auditis
446 2170 544 2234 mittit
558 2169 693 2233 Paulum
716 2170 879 2252 proprium
902 2188 993 2235 suum
1018 2164 1256 2233 Obartularium

82 2277 167 2343 hunc
188 2278 356 2363 patricium
378 2279 561 2353 ordinatum
584 2285 615 2344 et
636 2285 784 2362 praetore
799 2278 930 2344 Siciliae
953 2277 1038 2344 datis
1053 2279 1088 2343 in
1102 2278 1256 2343 auxilium

35 2399 64 2448 15
82 2389 112 2452 ei
135 2388 317 2471 Spathariis
339 2389 464 2456 duobus
487 2397 519 2455 et
539 2390 574 2455 in
597 2389 763 2456 seruitium
786 2389 856 2455 eius
878 2388 1051 2472 perpaucis
1073 2387 1257 2456 hominibus

80 2498 341 2581 iussionibusque
369 2500 411 2565 ad
440 2500 604 2585 principes
632 2498 808 2565 occidentis
845 2504 878 2563 et
905 2516 999 2565 sacra
1026 2499 1146 2583 populo
1178 2499 1257 2565 reci·

80 2607 190 2672 tanda.
221 2610 369 2692 quicum
390 2617 486 2674 noctu
507 2609 648 2693 ingressi
668 2609 806 2674 luissent
832 2609 866 2674 in
890 2607 1078 2674 dromonem
1100 2609 1254 2689 uelocem,

81 2717 229 2782 exierunt
250 2718 285 2782 in
306 2726 415 2801 partes
435 2718 554 2803 Cyzici.
599 2740 620 2784 a
640 2719 711 2784 loco
734 2725 841 2783 autem
865 2717 907 2782 ad
929 2718 1034 2782 locum
1056 2736 1115 2800 per
1136 2724 1254 2782 terram

81 2844 202 2906 perque
237 2845 327 2891 marc
354 2827 471 2894 itinere
499 2829 582 2893 facto
616 2836 748 2909 repente
785 2829 818 2892 in
847 2826 992 2893 Siciliam
1029 2833 1255 2909 peruenerunt.

32 2951 64 3002 rc
82 2953 216 3015 cumque
238 2935 430 3020 Syracusam
454 2938 651 3019 introissent,
675 2936 800 3001 audiuit
820 2936 954 3018 Sergius
978 2942 1010 3001 et
1032 2935 1197 3020 obstupuit
1225 2942 1258 3002 et

80 3046 211 3130 proprio
248 3065 384 3113 excessu
416 3067 577 3133 perpenso
614 3047 756 3131 confugit
783 3046 827 3111 ad
862 3045 1060 3131 propinquos
1082 3045 1256 3111 Calabriae

80 3155 321 3237 Langobardos,
365 3159 505 3241 populus
527 3177 603 3223 uero
625 3162 839 3241 congregatus
868 3162 900 3220 et
927 3175 1021 3222 sacra
1048 3156 1167 3221 relecta
1200 3175 1260 3241 per

80 3285 151 3329 eam
173 3274 278 3331 certus
301 3267 434 3334 effectus
456 3267 540 3350 quod
563 3274 596 3333 et
617 3267 786 3353 imperium
808 3272 909 3333 staret
931 3276 964 3333 et
981 3265 1059 3332 urbs
1080 3266 1258 3349 promptior

80 3385 167 3441 essct
188 3376 346 3444 aduersus
367 3384 482 3461 gentes
504 3396 564 3443 neo
586 3398 650 3443 non
673 3384 706 3443 et
721 3376 947 3443 enarrantibus
964 3376 1029 3442 illis
1052 3394 1135 3458 quae
1157 3394 1255 3460 super

33 3484 206 3555 25d110bus
228 3487 319 3552 stolis
341 3487 468 3553 fuerant
489 3494 592 3573 gesto,
615 3487 758 3555 Leonem
780 3485 911 3569 quidem
934 3486 1158 3569 imperatorem
1181 3503 1256 3549 con-

81 3594 170 3658 tinuo
199 3595 424 3676 laudauerunt,
454 3597 610 3663 Basiliam
640 3605 747 3663 autem
770 3597 1006 3680 Onomagulum
1036 3601 1069 3660 ct
1095 3594 1258 3680 principes

81 3704 135 3786 qui
162 3704 282 3769 abillo
309 3707 441 3790 profecti
470 3707 596 3773 lucrant
617 3708 743 3774 uinctos
765 3707 905 3790 praetori
927 3704 1137 3771 tradiderunt.
1182 3706 1254 3790 ipse

79 3833 156 3878 uero
178 3814 335 3881 Basilium
357 3816 487 3899 quidem
509 3836 580 3882 cum
602 3818 760 3901 singulari
781 3824 929 3901 praetore
956 3816 1060 3899 ipsius
1081 3815 1256 3881 decollauit

81 3929 113 3987 ct
134 3925 241 4008 capita
263 3944 370 3990 eorum
392 3946 494 4009 pusca
515 3926 646 3993 condita
666 3946 724 4011 per
739 3926 929 4010 Spatharios
949 3926 1137 4009 imperatori
1152 3931 1255 3991 trans·

33 4055 64 4104 30
81 4033 177 4115 irrisit,
201 4035 395 4119 reliquorum
425 4043 532 4103 autem
560 4036 717 4121 quosdam
747 4036 933 4101 uerberatos
962 4041 995 4099 et
1022 4041 1133 4100 tonsos
1160 4053 1257 4117 quos-

80 4143 155 4208 dam
178 4164 253 4210 uero
275 4146 408 4211 naribus
430 4147 584 4214 abscissis
611 4149 646 4211 in
667 4146 823 4212 auxilium
847 4144 1032 4210 destinauit.
1077 4143 1186 4227 sicque
1207 4143 1253 4209 ta·

80 4261 164 4319 ctum
194 4262 244 4321 cst
271 4262 306 4319 ut
334 4254 410 4323 hinc
439 4257 472 4322 in
495 4256 747 4322 occidentalibus
770 4275 888 4339 magna
909 4253 1114 4320 correctionis
1137 4253 1255 4320 consti-

151 4554 230 4608 lrlla
247 4555 282 4610 12⁴
332 4542 533 4626 explanetur)
584 4551 727 4609 mmsifrD
778 4557 915 4622 trmpcru
934 4551 1019 4607 leonti
1034 4567 1137 4622 rmpenr
1157 4550 1219 4606 ictio
1235 4551 1262 4606 D

83 4649 145 4699 Set
165 4651 196 4700 14
214 4647 344 4718 iycrpr
450 4653 477 4702 ll
497 4646 674 4718 tybenumD
779 4649 810 4700 tl
827 4634 1004 4715 patlrncrbD
1089 4649 1120 4700 18
1140 4660 1214 4700 crzrcr
1234 4643 1261 4698 D

88 4743 119 4792 19
137 4744 262 4795 rnrtrnere
280 4740 306 4795 l)
409 4745 443 4796 29
460 4742 543 4811 palca
560 4739 600 4795 P:
624 4741 707 4810 putea
725 4739 804 4793 culce
822 4737 855 4804 D,
873 4736 952 4793 fusca
968 4738 1139 4804 Anastasius,
1158 4736 1256 4794 atrae

84 4831 262 4902 custodita-p
281 4834 510 4905 lpnthatalrrotD
578 4838 608 4889 31
629 4833 737 4888 ablcrlrl
752 4832 779 4888 Ι)

125 4927 241 4969 llrsronu
254 4938 373 4970 macram
1043 4937 1075 4989 33
