2834 5394
496 656 569 705 cnr.
591 656 786 703 xxm-xxv
1168 645 1228 705 147

10 892 12 897 Ι
102 807 248 893 llcrriisque
283 808 472 874 coniunctus
508 806 552 873 ad
587 808 832 893 opprimendum
870 807 1043 874 Gaesarem
1080 828 1225 894 pergere.

97 918 220 985 labienus
239 917 357 1003 quibus
379 925 485 1004 potest
505 918 629 984 artibus
657 919 788 985 simulat
814 918 960 985 timorem
988 925 1086 1003 atque
1108 919 1155 984 ita
1175 918 1226 984 In-

94 1027 272 1095 dnoionarum
293 1030 567 1113 neglegentiorem
589 1048 660 1094 curn
682 1029 913 1095 insultantibus
934 1030 1037 1114 copiis
1059 1049 1117 1114 pro
1139 1029 1225 1094 uallo

90 1137 256 1205 oberrantem
289 1140 460 1224 repentina
491 1139 658 1225 eruptione
689 1140 876 1225 prostrauit.
919 1137 981 1204 hac
1010 1139 1147 1204 uictoria
1166 1138 1227 1204 La-

65 1248 151 1315 lbioni
168 1248 279 1334 reliqui
301 1248 468 1315 Gallorum
491 1255 625 1315 conatus
652 1250 793 1333 repressi
822 1257 898 1315 sunt
924 1256 957 1316 et
978 1247 1101 1316 Cacsar
1129 1248 1226 1333 paulo

86 1358 194 1443 quietior
213 1360 341 1443 reliqua
361 1364 454 1444 parte
476 1358 593 1425 hiemis
615 1358 683 1424 luit.
729 1359 786 1425 sed
809 1359 1000 1444 intellegens
1023 1357 1085 1425 sibi
1101 1358 1227 1423 maiora

83 1467 140 1535 belli
157 1488 325 1555 superesse
346 1470 488 1552 negotia,
511 1470 651 1534 maxime
673 1470 751 1553 quia
779 1470 919 1555 plurima
946 1476 1037 1555 parte
1067 1469 1226 1534 exercitus

81 1579 178 1645 amissa
194 1580 334 1663 aliisque
355 1580 499 1663 grauiter
520 1579 639 1646 sauciis
662 1600 704 1645 ne
719 1579 762 1644 ad
778 1580 1001 1646 sustinendum
1017 1577 1147 1664 quidem
1164 1577 1226 1644 sibi

10 1686 13 1777 1
82 1685 200 1771 idoneus,
228 1709 295 1755 non
323 1688 429 1754 dicam
457 1689 499 1755 ad
526 1689 791 1775 conprimendum
815 1689 982 1754 Gallorum
1003 1691 1157 1774 impetum
1180 1689 1226 1758 ui-

10 1784 14 1875 i
49 1796 193 1881 oleam,
214 1819 236 1864 a
257 1798 372 1866 Gnaeo
392 1800 546 1884 Pompeio
568 1820 627 1885 pro
649 1801 781 1867 consule
803 1799 961 1865 conscribi
984 1800 1129 1882 legiones
1152 1797 1227 1863 sihi-

10 1962 13 1985 ,
82 1926 129 1990 que
144 1910 221 1975 mitti
241 1910 277 1974 in
298 1910 455 1975 auxilium
477 1911 561 1976 iecit.
605 1910 715 1993 itaquo
736 1917 813 1974 ante
828 1916 975 1974 exactam
991 1909 1138 1989 hiemem,
1160 1913 1227 1973 tres

10 2024 13 2099 ξ
81 2015 114 2081 ad
130 2036 191 2085 enm
213 2018 360 2103 legiones
382 2020 416 2084 in
438 2027 545 2086 eastra
567 2027 733 2086 uenerunt.
778 2019 876 2102 igitur
894 2018 1017 2084 Gaesar
1038 2018 1226 2103 priusquam

10 2178 12 2203 ,
82 2126 207 2195 inunum
228 2130 370 2197 hostium
392 2131 505 2215 copiae
527 2131 658 2213 coirent,
686 2130 817 2195 ineunte
846 2149 946 2195 uerno
975 2127 1110 2213 aggredi
1131 2127 1227 2211 trepi-

10 2230 15 2381 Ι
82 2235 127 2305 dos
142 2247 168 2306 et
187 2241 369 2326 opprimere
391 2260 523 2325 sparsos
544 2239 579 2304 in
599 2240 667 2307 suis
683 2240 801 2306 finibus
816 2246 919 2324 parat.
964 2240 1102 2324 primum
1117 2237 1227 2321 itaque

10 2390 14 2445 ,
50 2347 244 2416 llllemiorum
266 2350 349 2417 fines
371 2350 492 2435 diripit,
521 2350 676 2436 praedam
700 2370 777 2415 uero
799 2369 882 2433 quae
905 2350 1130 2434 copiosissima
1158 2356 1228 2413 erat

10 2462 16 2633 p
83 2461 208 2526 exercitui
228 2461 394 2546 permittit.
438 2459 557 2526 deinde
578 2461 751 2545 Menapos,
781 2460 835 2544 qui
859 2459 922 2526 sibi
943 2465 1074 2544 propter
1094 2459 1227 2524 immen-

10 2638 16 2659 Γ
84 2586 125 2634 sas
143 2570 272 2655 paludes
300 2576 397 2654 atque
418 2571 684 2655 impeditissimas
713 2571 814 2635 siluas
837 2570 1045 2636 munitissimi
1072 2567 1227 2634 uideban-

84 2682 127 2760 tur,
151 2681 248 2748 tribus
277 2681 461 2764 agminibus
490 2680 617 2746 inuadit
643 2681 809 2763 nimiaque
841 2680 941 2746 caede
973 2679 1070 2763 uulgo
1104 2677 1227 2761 agitata

14 2876 17 2881 Ι
85 2789 202 2857 residuos
232 2791 395 2875 supplices
423 2791 457 2855 in
487 2791 683 2856 deditionem
711 2791 842 2874 recepit.
885 2789 1051 2856 Labienus
1080 2787 1226 2870 sequenti

52 2901 175 2978 bonolio
195 2920 307 2966 omnes
322 2903 537 2966 Treuerorum
560 2901 670 2985 copias
692 2900 852 2965 interiecit
873 2907 942 2964 arte
964 2900 999 2963 in
1020 2898 1140 2963 bellurn
1155 2917 1226 2982 pro-

86 3018 185 3076 nouus
220 3011 409 3096 priusquam
448 3010 621 3077 Germanis
658 3009 909 3076 aduentantibus
944 3009 1153 3093 iungerentur
1195 3013 1227 3072 et

84 3121 203 3184 continuo
224 3122 330 3206 ipsam
353 3121 513 3185 ciuitatem
537 3121 631 3206 cepit.

142 3229 259 3297 Cacsar
279 3231 391 3296 ulcisci
414 3238 547 3296 mortem
571 3230 685 3296 Sabini
707 3237 738 3295 et
761 3230 873 3296 Cottae
901 3231 1079 3313 legatorum
1110 3227 1224 3292 uolens
1249 3222 1342 3287 XXV

80 3332 319 3423 inhmbiorigem
341 3348 373 3406 ct
393 3340 562 3408 Eburones
578 3341 705 3407 deletae
719 3341 858 3424 legionis
873 3346 1030 3421 auctores,
1054 3343 1225 3422 postquam

49 3443 103 3510 hir
124 3450 325 3517 Arduennam
358 3451 474 3517 siluam
508 3450 666 3534 refugisse
699 3452 862 3535 comperit,
896 3470 979 3535 quac
1013 3449 1097 3515 silua
1128 3446 1225 3511 totius

78 3551 181 3625 Galliae
202 3562 346 3626 maxima
367 3567 418 3626 est
438 3567 535 3646 atque
557 3581 578 3625 a
599 3561 679 3647 ripis
694 3560 799 3625 Rheni
814 3561 997 3645 finibusque
1011 3563 1225 3624 Treuerorum

10 3714 12 3721 .
73 3664 252 3736 adlicruios
274 3690 377 3754 usque
398 3671 553 3755 pertingit
574 3679 607 3736 et
629 3671 662 3736 in
684 3670 918 3754 longitudinem
940 3672 1111 3756 plusquam
1135 3666 1225 3751 quin·

70 3780 206 3862 quaginta
227 3780 359 3846 milibus
380 3801 535 3865 passuum
558 3787 657 3865 patet,
688 3781 882 3865 permetiens
911 3801 978 3846 rem
1002 3782 1069 3846 suis
1091 3778 1224 3844 maximi
1333 3854 1337 3860 ,

65 3889 185 3971 periculi
206 3891 275 3956 iore
298 3891 326 3957 si
348 3909 406 3975 per
428 3891 608 3957 obstructas
636 3891 862 3976 spatiosasque
892 3891 993 3956 siluas
1022 3889 1123 3972 ignoti
1144 3887 1225 3953 diui-

24 3995 203 4067 toderentnr
223 4000 413 4084 hostemque
435 4001 514 4068 loeis
536 4001 740 4067 notissimum
770 4007 972 4084 quaererent,
1002 4018 1128 4064 ornnem
1152 3997 1226 4062 Gal-

57 4108 126 4175 liam
148 4131 208 4195 per
229 4112 361 4177 nuntios
382 4111 514 4192 inuitat,
544 4120 580 4175 ut
601 4111 738 4195 quisque
760 4111 935 4177 secundum
956 4110 1110 4195 placitum
1133 4128 1226 4175 suum

116 4405 364 4460 lrndnciamarum
382 4421 451 4461 corr.
470 4406 498 4458 r'a
516 4404 730 4459 induciomarum
748 4407 776 4458 in
794 4403 820 4457 D
930 4408 1097 4457 ommonem
1114 4400 1141 4455 D
1209 4404 1225 4453 9

49 4496 205 4554 rdoneoiD
284 4503 315 4551 10
334 4512 367 4550 ac
383 4512 451 4566 gneo
470 4496 497 4551 D
576 4502 605 4551 13
625 4498 748 4552 cohrrent
765 4497 792 4552 l)
870 4495 1073 4564 terminali
1123 4499 1227 4562 agitare

46 4608 138 4652 leon.
159 4608 198 4646 ecc
214 4591 328 4659 agitari)
354 4588 473 4644 rchduol
497 4589 611 4659 luphccl
626 4590 654 4646 D
748 4596 781 4643 10
808 4594 868 4643 arto
884 4616 919 4627 —
936 4605 985 4658 pro
1003 4589 1115 4642 uocatas
1130 4604 1180 4643 om.
1203 4585 1226 4639 D

47 4685 94 4740 ide
110 4683 139 4738 P
152 4683 224 4740 nillil
240 4684 370 4738 traditum
388 4687 437 4751 est)
541 4687 574 4738 24
592 4700 619 4737 rn
636 4701 686 4738 om.
705 4685 731 4735 Ι)
826 4677 1125 4751 30noctrtlhmum1)
1192 4682 1223 4733 31

45 4779 158 4834 nonnol
174 4777 202 4833 D
252 4777 349 4847 platrts
367 4782 398 4831 ut
416 4777 471 4832 uid.
490 4777 524 4832 1)·

952 4879 1014 4931 10*
