2834 5394
15 33 1026 335 u

582 108 654 183 ·;s·.

561 690 633 740 car.
656 691 834 740 vnn-nu
1216 676 1277 740 471

106 843 307 935 certaturum¹
332 844 364 904 et
396 839 626 907 auxiliaturum
653 842 780 909 Sabori.
824 862 895 909 cum
929 848 1035 910 autem
1068 841 1279 929 praecederet

109 948 240 1031 Sergius
262 946 440 1015 Pbadalam
462 956 495 1016 et
520 949 564 1016 ad
585 951 740 1019 Saborem
765 954 967 1037 gratulanter
994 953 1108 1036 abiret,
1147 952 1278 1021 deuenit

106 1056 150 1123 ad
177 1058 324 1126 clusuras
354 1066 386 1125 et
414 1060 449 1125 in
471 1061 622 1128 Andreae
649 1062 762 1128 incidit
788 1063 901 1130 turbas
929 1069 962 1130 et
989 1062 1076 1130 bunc
1102 1063 1279 1131 retinentes

107 1168 249 1233 uinctum
277 1167 319 1233 ad
347 1169 512 1236 Andream
541 1170 671 1238 ducunt.
714 1180 750 1238 at
777 1191 854 1240 uero
882 1173 1017 1257 Sergius
1045 1173 1117 1241 uiso
1144 1171 1278 1239 Andrea

74 1279 205 1347 eiectat
225 1286 328 1366 semet
348 1279 392 1345 ad
413 1279 514 1365 pedes
536 1281 606 1348 eius
628 1282 802 1349 obsecrans
823 1301 959 1368 parcere
980 1282 1053 1350 sibi.
1097 1283 1153 1348 ille
1167 1288 1277 1348 autem

108 1385 245 1454 adeum
269 1387 320 1453 ‘tu’
340 1388 446 1475 inquit
468 1392 513 1458 ‘es
535 1391 669 1475 Sergius
693 1392 748 1476 qui
768 1392 965 1476 gloriabaris
986 1392 1021 1458 iu
1050 1391 1198 1459 uirilibus
1227 1409 1278 1458 co·

107 1517 176 1561 ram
197 1497 330 1564 Maubia
351 1519 467 1584 meque
487 1501 708 1567 mulierculam
737 1503 939 1587 appellabas.
984 1521 1058 1569 ecoe
1086 1500 1204 1567 amodo
1232 1500 1279 1566 ai·

105 1608 180 1672 rilia
211 1614 268 1674 tua
299 1608 358 1673 tibi
390 1609 473 1675 nihil
500 1610 675 1695 proderunt
702 1613 781 1696 quin
809 1612 916 1696 potius
944 1619 977 1679 ct
997 1618 1099 1678 morte
1120 1609 1280 1677 afficient'

106 1715 159 1783 bis
181 1716 275 1786 dictis
302 1720 469 1804 praecepit
495 1721 604 1787 uirilia
629 1721 699 1789 eius
734 1721 858 1788 abscidi
885 1728 918 1787 et
945 1721 1115 1806 suspendit
1142 1740 1217 1787 eum
1243 1719 1279 1784 in

60 1847 92 1897 ιο
107 1825 205 1909 ligno.
1282 1827 1285 1834 ’

191 1935 422 2005 Constantinus
449 1946 558 2005 autem
587 1939 697 2005 audito
719 1940 886 2007 Pbadalac
914 1940 1057 2007 aduentu
1083 1941 1119 2006 in
1141 1936 1275 2005 Saboris
1298 1932 1366 2000 XII

105 2045 259 2111 auxilium
280 2046 500 2131 Nicephorum
521 2050 690 2134 patricium
719 2050 862 2118 destinat
888 2069 961 2117 cum
982 2052 1130 2116 Romana
1158 2048 1276 2114 uirtute

107 2155 279 2222 resistendi
301 2156 425 2224 Sabori.
470 2166 539 2224 erat
561 2167 667 2225 autem
690 2160 794 2226 Sabor
808 2158 1077 2244 Hadrianopolim
1099 2157 1221 2242 degens
1243 2161 1277 2223 et

107 2283 179 2329 curn
199 2266 416 2351 Nicepbomm
443 2267 487 2334 ad
515 2289 551 2335 se
579 2270 691 2336 uenire
720 2270 939 2355 comperisset,
976 2269 1147 2336 exercebat
1175 2272 1278 2336 semet

60 2390 90 2440 re
106 2373 149 2439 ad
171 2376 337 2458 proelium.
382 2397 493 2444 uerum
515 2378 568 2445 die
590 2378 731 2463 quadarn
752 2381 886 2463 contigit
907 2378 992 2444 bunc
1008 2378 1185 2446 secundum
1200 2396 1276 2444 con·

106 2483 308 2552 suetudinem
330 2485 372 2553 de
393 2487 524 2553 ciuitate
546 2509 644 2572 super
666 2509 782 2574 equum
806 2489 973 2556 sedentem
997 2489 1096 2556 exire.
1140 2506 1277 2572 cumque

105 2602 218 2678 portae
239 2595 380 2663 ciuitatis
402 2600 704 2684 appropinquasset,
727 2619 844 2684 equum
865 2599 995 2684 flagello
1016 2598 1184 2685 percussit.
1221 2597 1277 2682 qui

104 2703 262 2770 iactanter
284 2706 405 2773 saliens
427 2714 460 2773 et
482 2706 577 2775 buius
599 2716 697 2793 caput
717 2710 752 2774 in
773 2717 899 2794 portam
921 2708 1061 2775 allidens
1083 2707 1168 2773 hunc
1190 2706 1276 2774 male

105 2814 173 2878 uita
194 2815 336 2900 priuauit
364 2823 396 2881 et
423 2818 470 2884 sic
498 2817 579 2885 deus
608 2818 795 2905 imperatori
817 2819 985 2884 uictoriam
1007 2817 1151 2883 contulit.
1193 2814 1276 2882 Pba-

55 2942 90 2993 ιο
105 2922 199 2991 dalas
221 2932 328 2990 autem
351 2927 487 2994 ueniens
509 2929 543 2993 in
557 2928 752 3013 Hexapolim
774 2934 806 2994 et
827 2927 908 2993 baec
930 2928 1039 2993 omnia
1059 2925 1188 2993 discens
1210 2931 1276 2990 tur·

104 3032 198 3102 batus
221 3041 270 3101 est
291 3042 324 3101 et
346 3036 442 3101 mittit
462 3037 504 3102 ad
527 3037 691 3103 Maubiam
713 3039 883 3123 postulans
911 3036 1105 3129 adiutorium
1127 3054 1165 3100 eo
1188 3032 1275 3119 quod
1354 3054 1358 3062 ·

103 3144 240 3209 Romani
261 3143 305 3210 ad
326 3146 529 3212 concordiam
552 3150 790 3215 conucnIssent.
828 3147 923 3212 mittit
945 3153 1052 3212 autern
1076 3146 1107 3211 ei
1123 3143 1274 3212 Mauhias

103 3253 204 3319 filium
227 3275 318 3320 suum
343 3255 437 3321 Gizid
465 3278 596 3323 armans
625 3277 697 3323 eum
726 3263 838 3323 contra
860 3254 1096 3322 multitudinem
1117 3257 1276 3321 Romano·

59 3432 68 3445 ‚
103 3384 183 3429 rum.
227 3378 447 3432 conuenerunt
468 3376 575 3433 autem
598 3368 725 3451 utrique
753 3365 840 3452 apud
863 3365 1101 3431 Chalcedonam
1123 3371 1156 3430 et
1177 3361 1276 3447 capti-

57 3488 89 3538 ae
104 3493 163 3539 uos
190 3473 350 3540 duxerunt
376 3477 503 3543 multos.
553 3484 708 3562 ceperunt
735 3483 842 3542 autem
872 3484 904 3541 et
925 3474 1090 3540 Amorium
1112 3473 1276 3557 Phrygiae

106 3590 138 3647 et
158 3583 298 3668 quinque
320 3584 450 3652 milibus
473 3593 667 3652 armatarum
696 3586 838 3652 uirorum
867 3585 1012 3653 dimissis
1040 3584 1075 3650 in
1097 3581 1276 3650 custodiam

105 3692 176 3758 eius
199 3693 442 3761 diuerternntin
455 3696 593 3780 Syriam.
616 3716 687 3761 cunr
703 3703 809 3762 autem
826 3695 931 3763 hiems
953 3694 1157 3772 accessisset,
1179 3691 1277 3759 mittit

104 3803 278 3886 imperator
311 3803 450 3871 eundem
477 3805 642 3872 Andream
670 3805 899 3871 cubicularium
928 3812 961 3871 el
989 3824 1060 3869 cum
1095 3805 1152 3870 nix
1189 3807 1277 3870 esset

104 3914 219 3994 multa,
252 3921 347 3979 noctu
376 3916 466 3981 uenit
492 3924 524 3981 et
545 3935 603 4001 per
625 3915 747 4000 lignum
770 3915 951 3981 ascendunt
972 3915 1006 3979 in
1028 3933 1153 3979 murum
1175 3918 1207 3977 et
1226 3911 1276 3977 in·

54 4020 291 4104 ingrediuntur
316 4025 482 4090 Amorium
511 4033 542 4090 et
571 4045 682 4092 omnes
717 4025 913 4091 interficiunt
940 4023 1066 4089 Arabes
1099 4022 1145 4088 ita
1172 4028 1208 4086 ut
1234 4038 1276 4087 ex

104 4133 246 4217 quinque
268 4135 399 4201 milibus
422 4135 487 4201 illis
509 4135 617 4202 nullus
638 4137 768 4220 penitus
790 4139 981 4200 remaneret.

185 4243 282 4308 Anno
305 4263 381 4309 uero
404 4245 532 4330 imperii
554 4244 603 4311 sui
627 4246 782 4312 uicesimo
805 4243 942 4328 septimo
965 4240 1127 4309 Constans
1150 4238 1275 4306 occisus
1297 4236 1383 4305 XIII

173 4548 231 4597 let
248 4546 264 4598 2
284 4540 405 4597 laborD
482 4521 635 4610 2phadelu'r
653 4543 679 4597 D
773 4540 978 4595 lmuhauraD
1074 4543 1104 4594 11
1123 4533 1233 4637 phadalu
1250 4533 1278 4591 D

101 4651 130 4690 m
148 4653 198 4690 om.
218 4636 244 4690 D
348 4639 379 4690 13
397 4633 638 4703 adrranopolrmD
725 4637 755 4688 18
773 4633 860 4688 lrhent
876 4633 909 4688 D⁴
960 4631 1050 4702 capud
1066 4631 1094 4689 D
1143 4636 1224 4701 portu
1250 4626 1278 4684 D

104 4733 135 4783 19
155 4726 296 4782 AdalalD
364 4730 397 4782 20
415 4726 594 4797 exapohmD
659 4730 687 4781 21
709 4705 839 4781 muhauu'r
856 4725 883 4780 D
940 4724 976 4779 sd
993 4724 1088 4781 oraD
1167 4728 1276 4811 Dilmu-

102 4821 232 4876 hamalD
284 4825 316 4874 25
334 4820 482 4890 pbngreD
532 4824 564 4874 tl
583 4818 802 4876 deuerteruntD
851 4818 955 4887 hrenpt
970 4816 998 4874 D
1047 4819 1080 4872 28
1098 4813 1278 4885 cualdresD
