2834 5394
195 217 257 279 lot
701 235 793 281 nram
814 233 868 297 nn¹

194 384 342 469 Aegypto
366 385 425 451 sub
447 385 547 470 priori
569 386 687 470 placito
710 384 891 451 recedendi.
936 393 968 452 et
990 386 1104 452 abiens
1126 384 1242 470 Cyrus
1268 386 1316 451 ad
1340 407 1392 453 ea·

194 503 261 561 stra
282 495 515 562 Saracenorum
539 497 695 561 rationem
719 496 833 575 reddit
870 516 945 563 esse
974 517 1009 562 se
1031 495 1211 581 perhibens
1237 486 1388 581 praeua-

192 606 358 672 ricationis
380 605 545 671 innoxium
569 613 601 671 et
623 606 651 672 si
673 607 796 672 uellent
817 608 955 692 priorem
978 606 1183 672 concordiam
1207 609 1388 673 iuramen-

191 716 234 782 tis
256 716 496 781 affirmaturum.
540 735 635 800 porro
658 716 813 783 Saraceni
834 716 1019 782 nallatenus
1053 716 1104 782 his
1137 718 1389 800 acquieuernnt

193 826 338 893 dieentes
360 825 513 910 episcopo
537 825 639 911 ‘potes
662 827 746 892 hanc
768 827 942 892 maximam
965 828 1144 892 columnam
1169 826 1386 896 deuorare?'

192 937 247 1020 qui
269 938 315 1001 ait
338 934 411 1000 ‘non
434 943 541 1021 potest
562 936 650 1002 fieri!
693 943 726 1001 at
748 937 795 1001 illi
819 942 889 1002 ‘nec
910 937 1012 1004 nobis’
1033 937 1182 1021 inquiant
1199 937 1383 1022 ‘possibile

193 1052 243 1112 est
265 1045 398 1111 alterius
420 1046 462 1111 ab
484 1046 632 1131 Aegypto
655 1046 824 1113 recedere!

36 1143 163 1212 LXVII
283 1155 377 1221 Anno
399 1156 526 1241 imperii
541 1156 683 1222 Heraclii
705 1158 858 1223 uicesimo
882 1166 971 1223 sexto
994 1159 1095 1223 aciem
1112 1158 1231 1224 direxit
1248 1159 1384 1224 Hamar

190 1274 302 1331 contra
317 1267 535 1333 Palaestinam
558 1275 590 1332 et
612 1266 766 1334 obsidens
789 1276 933 1334 sanctam
956 1269 1117 1333 ciuitatem
1141 1268 1271 1334 biennii
1297 1278 1379 1336 tenr-

189 1396 269 1462 pore
296 1378 382 1463 cepit
410 1397 481 1444 earn
511 1377 619 1443 aerbo.
665 1377 866 1464 Sophronias
888 1398 1028 1462 namque
1051 1379 1378 1463 Hierosolymitanas
1398 1391 1417 1440 u

190 1508 334 1554 summas
356 1487 508 1554 sacerdos
530 1488 664 1553 uerbum
687 1489 811 1573 accepit
832 1488 874 1553 ad
896 1491 993 1554 totius
1016 1489 1223 1555 Palaestinae
1246 1494 1378 1556 securi·

189 1604 299 1664 tatem
337 1618 472 1682 cumque
494 1598 618 1663 Hamar
639 1599 672 1663 in
696 1609 841 1665 sanctam
863 1599 977 1666 luisset
998 1600 1159 1664 ciuitatem
1182 1599 1373 1683 ingressas,

191 1709 329 1775 cilicinis
351 1729 392 1774 ex
415 1708 548 1775 camelis
571 1716 602 1775 et
625 1708 765 1775 sordidis
794 1708 992 1776 indumentis
1021 1711 1156 1775 amictus
1186 1709 1374 1775 simulatio-

188 1837 327 1902 nemque
364 1818 542 1884 satanicam
579 1826 746 1885 ostentans
784 1821 937 1905 templum
960 1820 1135 1904 exquisiait
1156 1819 1368 1904 Iudaeorum,

188 1927 273 2012 qaod
296 1934 521 1994 construxerat
542 1928 705 2011 Salomon,
735 1928 777 1994 ad
806 1929 986 1995 iaciendum
1011 1930 1133 1997 seilicet
1154 1928 1186 1994 id
1211 1930 1369 2015 blasphe-
1391 1948 1417 1996 t⁴

188 2038 274 2102 miae
296 2057 356 2105 sua
378 2037 420 2102 ad
443 2039 626 2104 oratoriam.
671 2040 731 2104 hoc
753 2040 927 2107 aduertens
950 2040 1151 2125 Sophronias
1173 2038 1219 2103 ait
1242 2040 1286 2104 ‘in
1312 2061 1370 2106 ue-

187 2147 282 2214 ritate
314 2147 400 2215 istad
435 2155 485 2214 est
515 2149 712 2216 abominatio
746 2150 957 2217 desolationis
991 2169 1074 2233 qaae
1106 2149 1193 2214 dicta
1224 2157 1274 2215 est
1305 2171 1369 2234 per

186 2258 357 2325 Danielem
380 2259 570 2345 prophetam
594 2267 686 2327 stans
709 2260 743 2325 in
764 2262 834 2326 loco
857 2261 988 2327 saneto.’
1030 2261 1202 2342 multisque
1217 2260 1367 2328 lacrimis

186 2369 239 2437 hic
271 2370 403 2456 pietatis
436 2377 657 2456 propugnator
685 2370 903 2437 Christianam
936 2370 1067 2436 defleuit
1099 2371 1236 2455 plebem.
1281 2368 1363 2435 dum

187 2500 264 2548 uero
287 2482 353 2547 illic
375 2482 497 2547 Hamar
519 2489 614 2564 esset,
653 2482 780 2566 rogauit
808 2502 880 2547 earn
910 2481 1081 2566 episcopas
1110 2480 1257 2564 accipere
1279 2500 1300 2544 a
1324 2501 1363 2547 se
1381 2494 1409 2544 a·

186 2592 356 2658 sindonem
379 2612 449 2657 curn
473 2592 660 2658 indumento
683 2599 715 2658 et
744 2592 843 2674 indui,
882 2598 915 2656 at
943 2591 998 2655 ille
1026 2611 1090 2655 non
1113 2590 1295 2675 patiebatur
1318 2611 1362 2657 ca

185 2709 325 2787 portare.
371 2704 427 2768 aix
455 2722 531 2787 ergo
559 2703 722 2788 persuasit
750 2702 801 2768 his
829 2701 941 2768 aestiri
964 2700 1067 2766 donec
1090 2721 1150 2767 saa
1171 2702 1361 2765 lauarentur

185 2813 354 2879 etiterum
377 2811 518 2879 reddidit
541 2833 582 2879 ea
596 2813 778 2897 Sophronia
801 2819 833 2878 et
855 2811 992 2878 uestitus
1008 2818 1057 2877 est
1071 2811 1220 2896 propriis.
1243 2830 1356 2875 aerum

184 2923 267 2990 inter
288 2923 370 2989 haec
393 2923 594 3008 Sophronias
624 2924 704 2989 obiit
732 2923 787 3007 qai
814 2922 914 2989 uerbo
942 2929 973 2986 et
996 2928 1068 2986 actu
1090 2921 1358 3005 Hierosolynrita-

183 3054 258 3098 nam
288 3032 460 3098 adornauit
489 3033 659 3099 ecclesiam
688 3040 721 3098 et
748 3039 858 3098 contra
879 3032 1021 3097 Heraclii
1050 3040 1082 3096 et
1103 3033 1261 3097 lautorum
1284 3030 1355 3098 eius
1377 3047 1413 3098 25

183 3140 466 3206 Monothelitaram
490 3142 595 3224 Sergii
628 3142 750 3208 scilicet
783 3149 815 3209 et
842 3141 959 3227 Pyrrhi
992 3141 1170 3207 decertauit
1203 3161 1354 3206 errorem.

182 3249 361 3332 eodemque
390 3270 475 3315 anno
504 3251 592 3317 misit
613 3251 735 3316 Hamar
757 3252 791 3316 in
813 3252 942 3337 Syriam
971 3258 1003 3317 et
1025 3251 1152 3335 subegit
1173 3257 1271 3316 totam
1295 3252 1356 3334 Sy·

182 3360 261 3428 riam
286 3360 468 3428 Saracenis.

28 3468 171 3536 LXVIII
274 3473 368 3538 Anno
401 3472 528 3557 imperii
550 3472 692 3537 Heraclii
724 3471 878 3538 uicesimo
911 3473 1049 3556 septimo
1081 3472 1170 3536 uenit
1192 3469 1354 3538 Iohannes

181 3590 393 3667 cognomento
416 3582 533 3650 Cateas
562 3588 748 3668 procurator
777 3581 987 3648 Hosrohenae
1016 3581 1058 3646 ad
1087 3580 1235 3645 Iahidum
1264 3581 1352 3665 apud
1370 3594 1407 3644 ao

182 3691 370 3760 Chalcidem
399 3699 432 3760 et
460 3693 634 3779 spopondit
662 3693 693 3758 ei
722 3691 800 3758 dare
828 3711 886 3778 per
914 3691 1059 3775 singulos
1087 3712 1190 3758 annos
1222 3697 1348 3757 centurn

180 3804 271 3869 milia
303 3805 532 3872 numismatum
565 3822 607 3868 ne
637 3804 791 3869 transiret
811 3802 999 3887 Euphraten
1028 3820 1134 3885 neque
1165 3801 1207 3866 ad
1239 3821 1351 3886 pacem

181 3934 285 3999 neque
308 3915 350 3980 ad
373 3915 491 3980 heliam
514 3919 657 3979 annatus
679 3934 742 3997 qao
765 3932 867 3996 usque
890 3913 1102 3996 quantitatem
1130 3911 1201 3976 auri
1229 3913 1352 3996 persol-

250 4182 435 4238 thabrenlll
521 4186 588 4236 Set
607 4186 637 4235 12
656 4188 683 4234 ct
699 4184 732 4234 20
749 4188 776 4235 et
793 4185 824 4235 27
842 4181 956 4236 haumar
972 4179 999 4233 D
1103 4183 1133 4234 lo
1151 4162 1353 4235 hrimrtanuiD

182 4278 208 4326 tt
229 4274 421 4343 phaletunell
490 4280 519 4328 ll
539 4275 721 4330 abhominatio
740 4274 767 4329 Ι)
838 4258 1052 4327 lalandella
1109 4262 1307 4328 timiniani
1327 4273 1354 4328 I)

179 4370 212 4420 26
229 4382 301 4436 pyrri
320 4367 346 4420 Ι)
414 4371 446 4420 tl
465 4354 633 4424 hirlrrrdl)
700 4364 918 4422 carantena
