2834 5394
545 745 618 794 cur.
640 744 864 793 suun-xxm
1220 730 1284 793 437

109 896 238 980 collegit
271 895 426 962 barbaros
459 896 514 977 qui
548 897 667 962 saluati
701 897 828 962 fuerant
859 903 892 962 et
923 896 1037 961 iterum
1066 893 1283 979 disponebant

109 1014 221 1073 contra
240 1006 424 1071 Heraclium
453 1005 621 1089 proficisci.
667 1013 718 1073 ast
745 1005 918 1090 imperator
945 1005 979 1070 in
1008 1004 1173 1088 regionem
1194 1005 1282 1071 Hun-

109 1138 221 1182 norum
244 1124 277 1183 et
297 1135 355 1201 pcr
376 1115 489 1181 horum
511 1118 583 1182 loca
603 1115 750 1181 difficilia
776 1115 952 1183 festinabat
980 1115 1013 1180 in
1042 1115 1168 1197 asperis
1197 1117 1277 1183 locis

110 1247 148 1293 ac
170 1226 286 1309 deuiis,
309 1226 437 1291 barbari
460 1246 536 1292 uero
558 1227 776 1309 sequebantur
796 1233 870 1311 post
891 1244 972 1290 eum.
1010 1245 1105 1309 porro
1120 1226 1199 1291 Lazi
1215 1247 1280 1292 una

79 1351 181 1403 acum
203 1336 344 1420 Abasgia
365 1335 575 1403 formidantes
597 1336 818 1404 subduxerunt
846 1355 882 1403 se
910 1335 952 1400 ab
980 1335 1101 1401 auxilio
1123 1338 1282 1401 Romano·

108 1469 177 1513 rum
199 1447 285 1513 etin
307 1448 471 1531 regionem
494 1467 585 1514 suam
613 1447 736 1514 reuersi
765 1453 840 1513 sunt
894 1446 973 1512 Sain
1002 1453 1110 1512 autem
1138 1446 1197 1512 hcc
1226 1444 1281 1512 ad-

109 1546 366 1624 uertens'furore
387 1558 487 1622 multo
509 1577 575 1622 una
602 1577 673 1623 cum
697 1558 880 1623 Sarbaraza
906 1555 1160 1643 persequebatur
1181 1557 1280 1623 Hera·

109 1668 214 1733 olium.

196 1778 282 1843 Sanc
304 1779 477 1862 imperator
498 1783 630 1843 caterua
650 1778 785 1842 collecta
806 1777 914 1843 uerbis
937 1777 996 1843 hos
1019 1776 1205 1842 exhortatus
1227 1781 1278 1843 est
1301 1769 1397 1835 XXII

65 1905 95 1954 10
110 1895 141 1953 et
163 1888 337 1953 monimine
360 1887 508 1953 deliniuit
529 1886 639 1954 dicens
663 1886 841 1952 ‘multitudo
864 1907 922 1954 uos
945 1887 1060 1953 iratres
1080 1885 1282 1952 inimicorum

109 2018 173 2063 non
195 1998 310 2063 turbet.
354 1996 415 2062 dcc
439 1999 559 2082 quippe
580 1999 709 2063 uolente
731 2018 814 2063 unus
836 2004 1047 2081 persequetur
1073 1997 1171 2062 mille.
1216 2016 1280 2062 ma·

109 2115 231 2174 eternus
260 2127 336 2191 ergo
365 2115 490 2174 nosmet
517 2108 606 2191 ipsos
635 2127 692 2192 pro
716 2108 820 2173 salute
841 2107 973 2173 fratrum
995 2113 1184 2174 nostrorum.
1230 2128 1281 2172 su·

109 2238 234 2283 mamus
256 2237 406 2282 coronam
429 2224 602 2304 martyrum
626 2238 688 2301 quo
711 2224 743 2284 ct
764 2218 903 2283 futurum
930 2224 1056 2301 tempus
1083 2237 1143 2283 nos
1171 2215 1281 2282 laudet

109 2332 141 2393 et
163 2326 244 2394 deus
264 2327 380 2393 reddat
402 2327 585 2395 mercedes.¹
628 2328 681 2395 bis
709 2335 741 2393 ct
768 2329 843 2394 aliis
871 2347 967 2412 quam
996 2327 1142 2412 pluribus
1170 2326 1279 2393 uerbis

63 2451 93 2501 15
109 2436 279 2503 audaciam
301 2438 454 2503 exercitui
477 2438 645 2505 conferens
667 2439 762 2503 hilari
790 2439 881 2504 uultu
908 2437 1067 2523 proelium
1095 2436 1223 2503 ordinat
1245 2442 1277 2503 et

108 2547 267 2615 distantes
290 2549 332 2613 ab
354 2549 388 2612 in
411 2548 515 2613 uicem
537 2548 707 2613 interuallo
729 2549 849 2634 pusillo
872 2568 893 2614 a
914 2568 1009 2614 mane
1036 2566 1139 2633 usque
1161 2547 1204 2612 ad
1226 2565 1280 2613 ue-

108 2678 237 2742 speram
260 2659 406 2742 aggressi
428 2678 493 2722 non
516 2660 645 2725 suntin
667 2659 864 2724 alterutrum.
902 2678 1038 2742 uespere
1060 2677 1137 2723 uero
1151 2664 1279 2742 arrepto

108 2767 281 2852 imperator
302 2768 415 2834 itinere
438 2769 602 2852 pergebat.
648 2769 776 2834 barbari
806 2788 881 2834 uero
903 2775 977 2853 post
999 2787 1071 2833 cum
1094 2767 1206 2832 iterum
1231 2785 1279 2832 se·

108 2878 299 2961 quebantur.
344 2886 376 2943 et
397 2885 629 2945 commutantes
652 2879 740 2944 uiam
762 2878 848 2943 bunc
869 2895 1108 2962 praeoccupare
1131 2877 1277 2942 uolentes

61 2986 253 3054 reincidunt
274 2988 307 3052 in
329 2989 401 3053 loca
422 2989 581 3071 palustria
603 2995 635 3055 ct
657 2988 845 3054 oberrantes
874 2989 907 3053 in
930 3006 1082 3070 magnum
1104 2984 1277 3051 discrimen

107 3098 250 3163 ueniunt.
295 3098 470 3181 imperator
493 3118 569 3165 uero
590 3099 753 3164 transiens
782 3098 863 3165 fines
885 3099 1057 3164 Persarum
1088 3116 1145 3181 per
1168 3095 1278 3160 rlrme·

107 3207 194 3272 niam
217 3209 420 3292 peragrabat.
466 3229 537 3274 curn
571 3214 679 3275 autern
711 3216 797 3274 tcrra
828 3208 885 3274 illa
917 3214 1081 3274 teneretur
1114 3204 1276 3285 aPersis‚

107 3318 197 3382 multi
220 3337 292 3383 cnm
315 3318 516 3385 Sarbarazac
539 3326 766 3384 concurrerunt
794 3336 832 3383 ac
854 3338 912 3401 per
934 3318 994 3384 hoc
1016 3318 1117 3383 creuit
1139 3316 1278 3401 poprdus

106 3428 184 3494 eius.
229 3436 399 3510 praeterea
431 3428 537 3495 bieme
570 3428 743 3495 accedente
775 3427 929 3513 dispersit
956 3428 1191 3493 multitudinem
1220 3444 1279 3511 per

59 3551 90 3602 25
106 3537 177 3602 loca
199 3538 340 3622 ipsorum
363 3545 398 3602 ut
418 3540 656 3623 requiescerent
677 3540 710 3604 in
733 3539 881 3606 domibus
904 3539 983 3606 suis.
1027 3558 1090 3623 quo
1111 3543 1272 3622 comperto
1294 3532 1410 3601 XXIII

106 3647 273 3714 Heraclius
295 3655 391 3712 noctu
412 3649 512 3714 furari
535 3650 750 3716 meditabatur
765 3650 893 3715 bellum.
938 3669 1075 3734 cumque
1088 3649 1184 3715 turba
1198 3654 1277 3714 tcm-

105 3759 242 3839 pestatis
264 3757 394 3824 adesset
423 3766 455 3825 et
477 3760 678 3825 Sarbenazae
701 3760 843 3843 suspicio
866 3761 956 3825 nulla
977 3759 1185 3842 incumberet,
1210 3759 1275 3826 elc-

105 3867 165 3933 ctis
187 3868 420 3936 robustissimis
443 3870 535 3954 cquis
557 3875 590 3935 et
611 3869 794 3937 fortioribus
816 3870 858 3935 ab
873 3871 1016 3935 exercitu
1031 3869 1203 3955 dupliciter
1217 3868 1277 3933 hos

106 3995 246 4057 armans,
270 3978 427 4063 quosdam
451 3999 492 4045 cx
513 3980 565 4047 his
588 3979 782 4065 praecedere
804 3985 915 4045 contra
930 3979 1144 4046 Sarbarazam
1167 3978 1273 4060 iussit,

48 4099 78 4151 ac
105 4087 176 4170 ipse
206 4107 282 4153 uero
312 4108 382 4153 cum
413 4091 488 4156 aliis
516 4097 590 4175 post
618 4110 675 4157 eos
703 4091 893 4157 subsecutus
916 4096 974 4155 cst.
1020 4087 1276 4154 accelerantibus

105 4215 181 4280 ergo
204 4219 262 4282 per
285 4209 409 4265 noctem
431 4207 464 4265 ct
485 4199 750 4285 perueniantibus
772 4198 813 4264 ad
841 4199 1019 4284 praedium,
1057 4198 1108 4263 cui
1137 4198 1276 4263 uocabu-

104 4308 170 4371 lum
193 4315 262 4375 erat
284 4309 478 4391 Laebanum‚
512 4310 592 4375 bora
612 4310 715 4375 noctis
738 4329 825 4375 nona
847 4309 966 4376 Persae
989 4310 1043 4393 qui
1066 4309 1099 4374 in
1122 4327 1160 4374 ec
1183 4313 1276 4374 erant

171 4581 355 4648 lhuncrirll
419 4598 438 4662 Ι3
456 4593 515 4649 loco
534 4593 568 4649 D⁴
637 4592 789 4649 dlahrnl)
875 4579 943 4648 leri
962 4592 1115 4648 iarbarcD
1192 4597 1222 4646 ld
1240 4597 1276 4658 et]

102 4686 176 4740 utI)
243 4688 377 4741 molimine
396 4688 557 4742 Arrastasr'as
663 4692 691 4742 13
715 4687 883 4756 noitempul
898 4685 989 4741 noll)
1094 4690 1123 4740 15
1144 4673 1233 4757 prelui
1251 4684 1278 4740 D

106 4784 135 4833 16
153 4781 198 4843 ab]
223 4780 302 4834 adl)
403 4785 435 4834 2³
463 4767 497 4837 cd
516 4780 668 4837 larbarcI)
770 4784 801 4833 27
829 4786 856 4835 ct
879 4778 1032 4835 iarbarcD
1118 4783 1149 4834 28
1168 4779 1273 4850 dupplr·

102 4872 213 4926 crterD
281 4877 313 4926 32
333 4879 390 4927 erat
410 4872 442 4926 Il‘
