<?xml version="1.0" encoding="UTF-8"?>
<!DOCTYPE html PUBLIC "-//W3C//DTD XHTML 1.0 Transitional//EN"
    "http://www.w3.org/TR/xhtml1/DTD/xhtml1-transitional.dtd">
<html xmlns="http://www.w3.org/1999/xhtml" xml:lang="en" lang="en">
 <head>
  <title>
</title>
<meta http-equiv="Content-Type" content="text/html;charset=utf-8" />
  <meta name='ocr-system' content='tesseract 3.04.00' />
  <meta name='ocr-capabilities' content='ocr_page ocr_carea ocr_par ocr_line ocrx_word'/>
</head>
<body>
  <div class='ocr_page' id='page_1' title='image "./historiamiscell00sagagoog_0253.png"; bbox 0 0 2834 5394; ppageno 0'>
   <div class='ocr_carea' id='block_1_1' title="bbox 493 683 1262 743">
    <p class='ocr_par' dir='ltr' id='par_1_1' title="bbox 493 683 1262 743">
     <span class='ocr_line' id='line_1_1' title="bbox 493 683 1262 743; baseline 0 0"><span class='ocrx_word' id='word_1_1' title='bbox 493 698 565 743; x_wconf 60' lang='lat' dir='ltr'>cii).</span> <span class='ocrx_word' id='word_1_2' title='bbox 590 696 866 742; x_wconf 82' lang='lat' dir='ltr'>xxxxii-xxxxv</span> <span class='ocrx_word' id='word_1_3' title='bbox 1202 683 1262 743; x_wconf 77' lang='grc'>239</span> 
     </span>
    </p>
   </div>
   <div class='ocr_carea' id='block_1_2' title="bbox 25 848 1415 4013">
    <p class='ocr_par' dir='ltr' id='par_1_2' title="bbox 25 848 1415 4013">
     <span class='ocr_line' id='line_1_2' title="bbox 99 848 1264 934; baseline 0.001 -23"><span class='ocrx_word' id='word_1_4' title='bbox 99 850 306 929; x_wconf 74' lang='lat' dir='ltr'>Sopotamiam</span> <span class='ocrx_word' id='word_1_5' title='bbox 329 868 401 914; x_wconf 84' lang='lat' dir='ltr'>cuni</span> <span class='ocrx_word' id='word_1_6' title='bbox 423 848 596 934; x_wconf 82' lang='lat' dir='ltr'>praesidiis</span> <span class='ocrx_word' id='word_1_7' title='bbox 618 855 685 912; x_wconf 90' lang='lat' dir='ltr'>tum</span> <span class='ocrx_word' id='word_1_8' title='bbox 708 855 885 912; x_wconf 80' lang='lat' dir='ltr'><strong>morantem</strong></span> <span class='ocrx_word' id='word_1_9' title='bbox 910 868 1012 913; x_wconf 79' lang='lat' dir='ltr'>curans</span> <span class='ocrx_word' id='word_1_10' title='bbox 1035 867 1203 929; x_wconf 80' lang='lat' dir='ltr'>regressus</span> <span class='ocrx_word' id='word_1_11' title='bbox 1219 849 1264 913; x_wconf 92' lang='lat' dir='ltr'>in·</span> 
     </span>
     <span class='ocr_line' id='line_1_3' title="bbox 96 960 592 1044; baseline 0.004 -22"><span class='ocrx_word' id='word_1_12' title='bbox 96 960 187 1031; x_wconf 72' lang='lat' dir='ltr'>genti</span> <span class='ocrx_word' id='word_1_13' title='bbox 203 960 320 1026; x_wconf 88' lang='lat' dir='ltr'>honore</span> <span class='ocrx_word' id='word_1_14' title='bbox 342 967 511 1044; x_wconf 83' lang='lat' dir='ltr'>susceptus</span> <span class='ocrx_word' id='word_1_15' title='bbox 532 966 592 1025; x_wconf 89' lang='lat' dir='ltr'>est.</span> 
     </span>
     <span class='ocr_line' id='line_1_4' title="bbox 183 1066 1415 1154; baseline 0.002 -23"><span class='ocrx_word' id='word_1_16' title='bbox 183 1068 274 1135; x_wconf 83' lang='lat' dir='ltr'>Varia</span> <span class='ocrx_word' id='word_1_17' title='bbox 294 1069 450 1154; x_wconf 82' lang='lat' dir='ltr'>deinceps</span> <span class='ocrx_word' id='word_1_18' title='bbox 465 1077 497 1135; x_wconf 92' lang='lat' dir='ltr'>et</span> <span class='ocrx_word' id='word_1_19' title='bbox 508 1069 604 1135; x_wconf 89' lang='lat' dir='ltr'>simul</span> <span class='ocrx_word' id='word_1_20' title='bbox 619 1075 651 1134; x_wconf 92' lang='lat' dir='ltr'>et</span> <span class='ocrx_word' id='word_1_21' title='bbox 665 1068 785 1133; x_wconf 88' lang='lat' dir='ltr'>uiritim</span> <span class='ocrx_word' id='word_1_22' title='bbox 799 1067 883 1133; x_wconf 88' lang='lat' dir='ltr'>bella</span> <span class='ocrx_word' id='word_1_23' title='bbox 901 1075 1071 1149; x_wconf 84' lang='lat' dir='ltr'>gesserunt</span> <span class='ocrx_word' id='word_1_24' title='bbox 1082 1066 1198 1151; x_wconf 84' lang='lat' dir='ltr'>Carpis</span> <span class='ocrx_word' id='word_1_25' title='bbox 1212 1067 1415 1134; x_wconf 77' lang='lat' dir='ltr'>xxxxiiii</span> 
     </span>
     <span class='ocr_line' id='line_1_5' title="bbox 96 1177 1261 1262; baseline 0.001 -20"><span class='ocrx_word' id='word_1_26' title='bbox 96 1178 133 1235; x_wconf 76' lang='lat' dir='ltr'>et</span> <span class='ocrx_word' id='word_1_27' title='bbox 155 1177 312 1246; x_wconf 84' lang='lat' dir='ltr'>Bastemis</span> <span class='ocrx_word' id='word_1_28' title='bbox 341 1180 494 1262; x_wconf 90' lang='lat' dir='ltr'>subactis,</span> <span class='ocrx_word' id='word_1_29' title='bbox 529 1180 687 1245; x_wconf 88' lang='lat' dir='ltr'>Sarmatis</span> <span class='ocrx_word' id='word_1_30' title='bbox 715 1179 819 1244; x_wconf 87' lang='lat' dir='ltr'>uictis.</span> <span class='ocrx_word' id='word_1_31' title='bbox 864 1198 1000 1261; x_wconf 89' lang='lat' dir='ltr'>quarum</span> <span class='ocrx_word' id='word_1_32' title='bbox 1028 1177 1194 1242; x_wconf 90' lang='lat' dir='ltr'>nationum</span> <span class='ocrx_word' id='word_1_33' title='bbox 1216 1179 1261 1243; x_wconf 92' lang='lat' dir='ltr'>in-</span> 
     </span>
     <span class='ocr_line' id='line_1_6' title="bbox 61 1285 1261 1375; baseline -0.002 -22"><span class='ocrx_word' id='word_1_34' title='bbox 61 1285 205 1363; x_wconf 74' lang='lat' dir='ltr'>⁵geutes</span> <span class='ocrx_word' id='word_1_35' title='bbox 226 1290 425 1375; x_wconf 89' lang='lat' dir='ltr'>captiuorum</span> <span class='ocrx_word' id='word_1_36' title='bbox 447 1290 558 1375; x_wconf 89' lang='lat' dir='ltr'>copias</span> <span class='ocrx_word' id='word_1_37' title='bbox 580 1290 614 1353; x_wconf 91' lang='lat' dir='ltr'>in</span> <span class='ocrx_word' id='word_1_38' title='bbox 636 1289 791 1355; x_wconf 87' lang='lat' dir='ltr'>Romanis</span> <span class='ocrx_word' id='word_1_39' title='bbox 814 1288 935 1354; x_wconf 78' lang='lat' dir='ltr'>tinibus</span> <span class='ocrx_word' id='word_1_40' title='bbox 958 1290 1153 1353; x_wconf 90' lang='lat' dir='ltr'>locauerunt.</span> <span class='ocrx_word' id='word_1_41' title='bbox 1187 1289 1261 1352; x_wconf 90' lang='lat' dir='ltr'>Dio-</span> 
     </span>
     <span class='ocr_line' id='line_1_7' title="bbox 95 1392 1261 1483; baseline 0.001 -23"><span class='ocrx_word' id='word_1_42' title='bbox 95 1392 245 1466; x_wconf 77' lang='lat' dir='ltr'>eterianus</span> <span class='ocrx_word' id='word_1_43' title='bbox 267 1400 479 1483; x_wconf 82' lang='lat' dir='ltr'>morigeratus</span> <span class='ocrx_word' id='word_1_44' title='bbox 502 1399 621 1465; x_wconf 85' lang='lat' dir='ltr'>callide</span> <span class='ocrx_word' id='word_1_45' title='bbox 642 1399 710 1477; x_wconf 84' lang='lat' dir='ltr'>fuit,</span> <span class='ocrx_word' id='word_1_46' title='bbox 734 1420 836 1482; x_wconf 85' lang='lat' dir='ltr'>sagax</span> <span class='ocrx_word' id='word_1_47' title='bbox 859 1404 1029 1483; x_wconf 87' lang='lat' dir='ltr'>praeterea</span> <span class='ocrx_word' id='word_1_48' title='bbox 1043 1406 1074 1462; x_wconf 91' lang='lat' dir='ltr'>et</span> <span class='ocrx_word' id='word_1_49' title='bbox 1089 1396 1261 1462; x_wconf 80' lang='lat' dir='ltr'>admodum</span> 
     </span>
     <span class='ocr_line' id='line_1_8' title="bbox 95 1506 1263 1593; baseline 0.003 -26"><span class='ocrx_word' id='word_1_50' title='bbox 95 1506 219 1576; x_wconf 75' lang='lat' dir='ltr'>subtilis</span> <span class='ocrx_word' id='word_1_51' title='bbox 239 1511 371 1593; x_wconf 86' lang='lat' dir='ltr'>ingenio</span> <span class='ocrx_word' id='word_1_52' title='bbox 402 1517 434 1576; x_wconf 91' lang='lat' dir='ltr'>et</span> <span class='ocrx_word' id='word_1_53' title='bbox 461 1510 516 1593; x_wconf 89' lang='lat' dir='ltr'>qui</span> <span class='ocrx_word' id='word_1_54' title='bbox 546 1510 749 1576; x_wconf 87' lang='lat' dir='ltr'>seueritatem</span> <span class='ocrx_word' id='word_1_55' title='bbox 773 1529 865 1574; x_wconf 88' lang='lat' dir='ltr'>suain</span> <span class='ocrx_word' id='word_1_56' title='bbox 888 1509 997 1573; x_wconf 91' lang='lat' dir='ltr'>aliena</span> <span class='ocrx_word' id='word_1_57' title='bbox 1017 1508 1143 1574; x_wconf 90' lang='lat' dir='ltr'>inuidia</span> <span class='ocrx_word' id='word_1_58' title='bbox 1165 1507 1263 1572; x_wconf 89' lang='lat' dir='ltr'>uellet</span> 
     </span>
     <span class='ocr_line' id='line_1_9' title="bbox 93 1618 1261 1703; baseline 0.001 -24"><span class='ocrx_word' id='word_1_59' title='bbox 93 1619 231 1701; x_wconf 85' lang='lat' dir='ltr'>explere.</span> <span class='ocrx_word' id='word_1_60' title='bbox 275 1619 543 1703; x_wconf 85' lang='lat' dir='ltr'>diligentissimus</span> <span class='ocrx_word' id='word_1_61' title='bbox 565 1626 674 1684; x_wconf 90' lang='lat' dir='ltr'>tamen</span> <span class='ocrx_word' id='word_1_62' title='bbox 696 1625 728 1683; x_wconf 95' lang='lat' dir='ltr'>et</span> <span class='ocrx_word' id='word_1_63' title='bbox 751 1619 993 1685; x_wconf 87' lang='lat' dir='ltr'>sollertissimus</span> <span class='ocrx_word' id='word_1_64' title='bbox 1016 1618 1177 1702; x_wconf 86' lang='lat' dir='ltr'>princeps,</span> <span class='ocrx_word' id='word_1_65' title='bbox 1201 1618 1261 1683; x_wconf 91' lang='lat' dir='ltr'>etsi</span> 
     </span>
     <span class='ocr_line' id='line_1_10' title="bbox 95 1720 1278 1814; baseline -0.002 -23"><span class='ocrx_word' id='word_1_66' title='bbox 95 1720 226 1812; x_wconf 78' lang='lat' dir='ltr'>imperio</span> <span class='ocrx_word' id='word_1_67' title='bbox 254 1730 401 1795; x_wconf 85' lang='lat' dir='ltr'>Romano</span> <span class='ocrx_word' id='word_1_68' title='bbox 433 1731 556 1814; x_wconf 88' lang='lat' dir='ltr'>primus</span> <span class='ocrx_word' id='word_1_69' title='bbox 584 1730 696 1813; x_wconf 82' lang='lat' dir='ltr'>regiae</span> <span class='ocrx_word' id='word_1_70' title='bbox 726 1729 967 1795; x_wconf 78' lang='lat' dir='ltr'>consuetudinis</span> <span class='ocrx_word' id='word_1_71' title='bbox 996 1729 1130 1792; x_wconf 79' lang='lat' dir='ltr'>formam</span> <span class='ocrx_word' id='word_1_72' title='bbox 1159 1727 1278 1810; x_wconf 82' lang='lat' dir='ltr'>magis-</span> 
     </span>
     <span class='ocr_line' id='line_1_11' title="bbox 48 1832 1260 1921; baseline -0.002 -19"><span class='ocrx_word' id='word_1_73' title='bbox 48 1832 79 1885; x_wconf 80' lang='lat'>²⁰</span> <span class='ocrx_word' id='word_1_74' title='bbox 94 1852 189 1915; x_wconf 84' lang='lat' dir='ltr'>quam</span> <span class='ocrx_word' id='word_1_75' title='bbox 208 1840 375 1905; x_wconf 87' lang='lat' dir='ltr'>Romanae</span> <span class='ocrx_word' id='word_1_76' title='bbox 403 1841 563 1906; x_wconf 82' lang='lat' dir='ltr'>libertatis</span> <span class='ocrx_word' id='word_1_77' title='bbox 591 1841 760 1904; x_wconf 88' lang='lat' dir='ltr'>inuexcrat</span> <span class='ocrx_word' id='word_1_78' title='bbox 789 1839 982 1921; x_wconf 83' lang='lat' dir='ltr'>adorarique</span> <span class='ocrx_word' id='word_1_79' title='bbox 1012 1857 1047 1904; x_wconf 93' lang='lat' dir='ltr'>se</span> <span class='ocrx_word' id='word_1_80' title='bbox 1076 1838 1170 1903; x_wconf 89' lang='lat' dir='ltr'>iussit</span> <span class='ocrx_word' id='word_1_81' title='bbox 1191 1856 1260 1901; x_wconf 88' lang='lat' dir='ltr'>cuin</span> 
     </span>
     <span class='ocr_line' id='line_1_12' title="bbox 95 1947 1263 2034; baseline -0.001 -23"><span class='ocrx_word' id='word_1_82' title='bbox 95 1954 168 2014; x_wconf 80' lang='lat' dir='ltr'>ante</span> <span class='ocrx_word' id='word_1_83' title='bbox 196 1968 265 2013; x_wconf 91' lang='lat' dir='ltr'>eum</span> <span class='ocrx_word' id='word_1_84' title='bbox 295 1950 401 2015; x_wconf 89' lang='lat' dir='ltr'>cuncti</span> <span class='ocrx_word' id='word_1_85' title='bbox 428 1948 655 2034; x_wconf 87' lang='lat' dir='ltr'>&lt;imperatores</span> <span class='ocrx_word' id='word_1_86' title='bbox 683 1956 718 2013; x_wconf 94' lang='lat' dir='ltr'>ut</span> <span class='ocrx_word' id='word_1_87' title='bbox 739 1947 880 2031; x_wconf 85' lang='lat' dir='ltr'>iudices&gt;</span> <span class='ocrx_word' id='word_1_88' title='bbox 903 1949 1128 2013; x_wconf 85' lang='lat' dir='ltr'>salutarentur.</span> <span class='ocrx_word' id='word_1_89' title='bbox 1172 1967 1263 2011; x_wconf 91' lang='lat' dir='ltr'>orna-</span> 
     </span>
     <span class='ocr_line' id='line_1_13' title="bbox 96 2057 1260 2143; baseline -0.002 -21"><span class='ocrx_word' id='word_1_90' title='bbox 96 2064 230 2123; x_wconf 81' lang='lat' dir='ltr'>mentum</span> <span class='ocrx_word' id='word_1_91' title='bbox 265 2078 463 2143; x_wconf 85' lang='lat' dir='ltr'>geminarum</span> <span class='ocrx_word' id='word_1_92' title='bbox 502 2060 645 2126; x_wconf 89' lang='lat' dir='ltr'>uestibus</span> <span class='ocrx_word' id='word_1_93' title='bbox 683 2059 966 2142; x_wconf 79' lang='lat' dir='ltr'>calciamentisque</span> <span class='ocrx_word' id='word_1_94' title='bbox 1002 2057 1128 2122; x_wconf 91' lang='lat' dir='ltr'>indidit.</span> <span class='ocrx_word' id='word_1_95' title='bbox 1186 2076 1260 2121; x_wconf 86' lang='lat' dir='ltr'>naui</span> 
     </span>
     <span class='ocr_line' id='line_1_14' title="bbox 97 2166 1262 2254; baseline 0.003 -26"><span class='ocrx_word' id='word_1_96' title='bbox 97 2166 182 2242; x_wconf 85' lang='lat' dir='ltr'>prius</span> <span class='ocrx_word' id='word_1_97' title='bbox 202 2169 330 2254; x_wconf 89' lang='lat' dir='ltr'>imperii</span> <span class='ocrx_word' id='word_1_98' title='bbox 352 2170 481 2253; x_wconf 91' lang='lat' dir='ltr'>insigne</span> <span class='ocrx_word' id='word_1_99' title='bbox 502 2171 537 2235; x_wconf 91' lang='lat' dir='ltr'>in</span> <span class='ocrx_word' id='word_1_100' title='bbox 559 2169 730 2254; x_wconf 77' lang='lat' dir='ltr'>chlamyde</span> <span class='ocrx_word' id='word_1_101' title='bbox 751 2189 914 2254; x_wconf 89' lang='lat' dir='ltr'>purpurea</span> <span class='ocrx_word' id='word_1_102' title='bbox 941 2177 1064 2234; x_wconf 89' lang='lat' dir='ltr'>tantuin</span> <span class='ocrx_word' id='word_1_103' title='bbox 1093 2174 1162 2233; x_wconf 89' lang='lat' dir='ltr'>orat</span> <span class='ocrx_word' id='word_1_104' title='bbox 1190 2168 1262 2233; x_wconf 92' lang='lat' dir='ltr'>reli-</span> 
     </span>
     <span class='ocr_line' id='line_1_15' title="bbox 97 2277 1261 2364; baseline 0.002 -25"><span class='ocrx_word' id='word_1_105' title='bbox 97 2289 217 2362; x_wconf 81' lang='lat' dir='ltr'>quaque</span> <span class='ocrx_word' id='word_1_106' title='bbox 239 2281 431 2345; x_wconf 86' lang='lat' dir='ltr'>eommunia.</span> <span class='ocrx_word' id='word_1_107' title='bbox 476 2279 647 2346; x_wconf 86' lang='lat' dir='ltr'>Herculius</span> <span class='ocrx_word' id='word_1_108' title='bbox 669 2287 775 2344; x_wconf 92' lang='lat' dir='ltr'>autein</span> <span class='ocrx_word' id='word_1_109' title='bbox 798 2282 966 2364; x_wconf 88' lang='lat' dir='ltr'>propalam</span> <span class='ocrx_word' id='word_1_110' title='bbox 988 2281 1075 2345; x_wconf 89' lang='lat' dir='ltr'>ierus</span> <span class='ocrx_word' id='word_1_111' title='bbox 1097 2285 1129 2343; x_wconf 90' lang='lat' dir='ltr'>ct</span> <span class='ocrx_word' id='word_1_112' title='bbox 1150 2277 1261 2342; x_wconf 90' lang='lat' dir='ltr'>inciui-</span> 
     </span>
     <span class='ocr_line' id='line_1_16' title="bbox 67 2376 1259 2475; baseline 0.003 -27"><span class='ocrx_word' id='word_1_113' title='bbox 67 2376 136 2448; x_wconf 65' lang='grc' dir='ltr'>Μία</span> <span class='ocrx_word' id='word_1_114' title='bbox 165 2389 283 2474; x_wconf 85' lang='lat' dir='ltr'>ingenii</span> <span class='ocrx_word' id='word_1_115' title='bbox 315 2391 524 2475; x_wconf 88' lang='lat' dir='ltr'>asperitatem</span> <span class='ocrx_word' id='word_1_116' title='bbox 553 2410 644 2456; x_wconf 85' lang='lat' dir='ltr'>suain</span> <span class='ocrx_word' id='word_1_117' title='bbox 681 2396 713 2454; x_wconf 91' lang='lat' dir='ltr'>et</span> <span class='ocrx_word' id='word_1_118' title='bbox 748 2392 856 2456; x_wconf 88' lang='lat' dir='ltr'>uultus</span> <span class='ocrx_word' id='word_1_119' title='bbox 893 2390 1025 2455; x_wconf 83' lang='lat' dir='ltr'>horrore</span> <span class='ocrx_word' id='word_1_120' title='bbox 1062 2389 1259 2471; x_wconf 86' lang='lat' dir='ltr'>significans.</span> 
     </span>
     <span class='ocr_line' id='line_1_17' title="bbox 94 2484 1261 2584; baseline 0.002 -24"><span class='ocrx_word' id='word_1_121' title='bbox 94 2484 299 2566; x_wconf 76' lang='lat' dir='ltr'>literaturae</span> <span class='ocrx_word' id='word_1_122' title='bbox 322 2521 401 2566; x_wconf 90' lang='lat' dir='ltr'>suae</span> <span class='ocrx_word' id='word_1_123' title='bbox 424 2500 596 2584; x_wconf 88' lang='lat' dir='ltr'>indulgens</span> <span class='ocrx_word' id='word_1_124' title='bbox 618 2500 822 2565; x_wconf 88' lang='lat' dir='ltr'>Diocletiano</span> <span class='ocrx_word' id='word_1_125' title='bbox 844 2502 878 2564; x_wconf 91' lang='lat' dir='ltr'>in</span> <span class='ocrx_word' id='word_1_126' title='bbox 907 2501 1057 2566; x_wconf 85' lang='lat' dir='ltr'>omnibus</span> <span class='ocrx_word' id='word_1_127' title='bbox 1086 2499 1184 2564; x_wconf 89' lang='lat' dir='ltr'>etiam</span> <span class='ocrx_word' id='word_1_128' title='bbox 1214 2517 1261 2565; x_wconf 89' lang='lat' dir='ltr'>se-</span> 
     </span>
     <span class='ocr_line' id='line_1_18' title="bbox 92 2608 1261 2694; baseline -0.002 -22"><span class='ocrx_word' id='word_1_129' title='bbox 92 2608 268 2675; x_wconf 65' lang='lat' dir='ltr'>1ltirioribuu</span> <span class='ocrx_word' id='word_1_130' title='bbox 290 2610 436 2676; x_wconf 87' lang='lat' dir='ltr'>consiliis</span> <span class='ocrx_word' id='word_1_131' title='bbox 459 2609 641 2676; x_wconf 85' lang='lat' dir='ltr'>obsecutus.</span> <span class='ocrx_word' id='word_1_132' title='bbox 686 2629 757 2674; x_wconf 88' lang='lat' dir='ltr'>curn</span> <span class='ocrx_word' id='word_1_133' title='bbox 780 2619 889 2677; x_wconf 87' lang='lat' dir='ltr'>tamen</span> <span class='ocrx_word' id='word_1_134' title='bbox 912 2611 1158 2694; x_wconf 86' lang='lat' dir='ltr'>ingrauescente</span> <span class='ocrx_word' id='word_1_135' title='bbox 1179 2629 1261 2674; x_wconf 89' lang='lat' dir='ltr'>aeno</span> 
     </span>
     <span class='ocr_line' id='line_1_19' title="bbox 87 2719 1261 2804; baseline -0.003 -19"><span class='ocrx_word' id='word_1_136' title='bbox 87 2722 202 2785; x_wconf 74' lang='lat' dir='ltr'>aarum</span> <span class='ocrx_word' id='word_1_137' title='bbox 224 2738 260 2786; x_wconf 89' lang='lat' dir='ltr'>se</span> <span class='ocrx_word' id='word_1_138' title='bbox 282 2719 435 2785; x_wconf 90' lang='lat' dir='ltr'>idoneum</span> <span class='ocrx_word' id='word_1_139' title='bbox 457 2720 683 2786; x_wconf 90' lang='lat' dir='ltr'>Diocletianus</span> <span class='ocrx_word' id='word_1_140' title='bbox 705 2720 902 2786; x_wconf 85' lang='lat' dir='ltr'>moderando</span> <span class='ocrx_word' id='word_1_141' title='bbox 932 2720 1066 2804; x_wconf 89' lang='lat' dir='ltr'>imperio</span> <span class='ocrx_word' id='word_1_142' title='bbox 1095 2738 1168 2784; x_wconf 87' lang='lat' dir='ltr'>esso</span> <span class='ocrx_word' id='word_1_143' title='bbox 1191 2737 1261 2783; x_wconf 87' lang='lat' dir='ltr'>sen-</span> 
     </span>
     <span class='ocr_line' id='line_1_20' title="bbox 84 2814 1261 2915; baseline 0 -24"><span class='ocrx_word' id='word_1_144' title='bbox 84 2814 173 2907; x_wconf 74' lang='lat' dir='ltr'>tiret,</span> <span class='ocrx_word' id='word_1_145' title='bbox 195 2838 305 2894; x_wconf 89' lang='lat' dir='ltr'>auctor</span> <span class='ocrx_word' id='word_1_146' title='bbox 326 2828 477 2895; x_wconf 89' lang='lat' dir='ltr'>Herculio</span> <span class='ocrx_word' id='word_1_147' title='bbox 499 2830 558 2894; x_wconf 86' lang='lat' dir='ltr'>fuit</span> <span class='ocrx_word' id='word_1_148' title='bbox 580 2832 669 2895; x_wconf 91' lang='lat' dir='ltr'>utin</span> <span class='ocrx_word' id='word_1_149' title='bbox 693 2831 792 2895; x_wconf 86' lang='lat' dir='ltr'>iiitain</span> <span class='ocrx_word' id='word_1_150' title='bbox 816 2831 974 2915; x_wconf 86' lang='lat' dir='ltr'>priuatam</span> <span class='ocrx_word' id='word_1_151' title='bbox 998 2828 1208 2894; x_wconf 87' lang='lat' dir='ltr'>concederent</span> <span class='ocrx_word' id='word_1_152' title='bbox 1229 2834 1261 2893; x_wconf 94' lang='lat' dir='ltr'>et</span> 
     </span>
     <span class='ocr_line' id='line_1_21' title="bbox 49 2917 1260 3024; baseline 0.006 -28"><span class='ocrx_word' id='word_1_153' title='bbox 49 2917 260 3004; x_wconf 65' lang='lat' dir='ltr'>litationem</span> <span class='ocrx_word' id='word_1_154' title='bbox 283 2939 424 3005; x_wconf 90' lang='lat' dir='ltr'>tuendae</span> <span class='ocrx_word' id='word_1_155' title='bbox 445 2938 491 3004; x_wconf 93' lang='lat' dir='ltr'>rei</span> <span class='ocrx_word' id='word_1_156' title='bbox 514 2939 663 3024; x_wconf 83' lang='lat' dir='ltr'>publicae</span> <span class='ocrx_word' id='word_1_157' title='bbox 685 2940 893 3006; x_wconf 88' lang='lat' dir='ltr'>uiridioribus</span> <span class='ocrx_word' id='word_1_158' title='bbox 915 2939 1157 3018; x_wconf 86' lang='lat' dir='ltr'>iunioribusque</span> <span class='ocrx_word' id='word_1_159' title='bbox 1174 2957 1260 3003; x_wconf 89' lang='lat' dir='ltr'>maii·</span> 
     </span>
     <span class='ocr_line' id='line_1_22' title="bbox 74 3028 1258 3135; baseline 0 -22"><span class='ocrx_word' id='word_1_160' title='bbox 74 3028 202 3113; x_wconf 66' lang='lat' dir='ltr'>darent</span> <span class='ocrx_word' id='word_1_161' title='bbox 223 3048 275 3113; x_wconf 89' lang='lat' dir='ltr'>cui</span> <span class='ocrx_word' id='word_1_162' title='bbox 298 3068 396 3132; x_wconf 87' lang='lat' dir='ltr'>aegre</span> <span class='ocrx_word' id='word_1_163' title='bbox 418 3050 543 3133; x_wconf 89' lang='lat' dir='ltr'>collega</span> <span class='ocrx_word' id='word_1_164' title='bbox 564 3049 808 3135; x_wconf 88' lang='lat' dir='ltr'>obtemperauit.</span> <span class='ocrx_word' id='word_1_165' title='bbox 852 3059 962 3115; x_wconf 86' lang='lat' dir='ltr'>tamen</span> <span class='ocrx_word' id='word_1_166' title='bbox 977 3057 1110 3132; x_wconf 85' lang='lat' dir='ltr'>uterque</span> <span class='ocrx_word' id='word_1_167' title='bbox 1126 3068 1189 3113; x_wconf 94' lang='lat' dir='ltr'>uno</span> <span class='ocrx_word' id='word_1_168' title='bbox 1205 3048 1258 3113; x_wconf 91' lang='lat' dir='ltr'>die</span> 
     </span>
     <span class='ocr_line' id='line_1_23' title="bbox 67 3154 1257 3244; baseline 0.004 -26"><span class='ocrx_word' id='word_1_169' title='bbox 67 3154 213 3223; x_wconf 68' lang='lat' dir='ltr'>priuato</span> <span class='ocrx_word' id='word_1_170' title='bbox 236 3158 351 3224; x_wconf 88' lang='lat' dir='ltr'>habitu</span> <span class='ocrx_word' id='word_1_171' title='bbox 373 3159 500 3244; x_wconf 88' lang='lat' dir='ltr'>imperii</span> <span class='ocrx_word' id='word_1_172' title='bbox 523 3161 651 3243; x_wconf 89' lang='lat' dir='ltr'>insigne</span> <span class='ocrx_word' id='word_1_173' title='bbox 673 3161 818 3238; x_wconf 89' lang='lat' dir='ltr'>mutauit,</span> <span class='ocrx_word' id='word_1_174' title='bbox 848 3160 1057 3225; x_wconf 86' lang='lat' dir='ltr'>Nicomediae</span> <span class='ocrx_word' id='word_1_175' title='bbox 1085 3159 1257 3224; x_wconf 88' lang='lat' dir='ltr'>Diocletia-</span> 
     </span>
     <span class='ocr_line' id='line_1_24' title="bbox 63 3263 1261 3354; baseline 0.002 -22"><span class='ocrx_word' id='word_1_176' title='bbox 63 3263 160 3347; x_wconf 61' lang='lat' dir='ltr'>aug,</span> <span class='ocrx_word' id='word_1_177' title='bbox 179 3269 350 3334; x_wconf 88' lang='lat' dir='ltr'>Herculius</span> <span class='ocrx_word' id='word_1_178' title='bbox 363 3268 549 3351; x_wconf 84' lang='lat' dir='ltr'>Mediolani,</span> <span class='ocrx_word' id='word_1_179' title='bbox 572 3276 646 3354; x_wconf 90' lang='lat' dir='ltr'>post</span> <span class='ocrx_word' id='word_1_180' title='bbox 660 3270 856 3354; x_wconf 87' lang='lat' dir='ltr'>triumphum</span> <span class='ocrx_word' id='word_1_181' title='bbox 872 3271 1016 3334; x_wconf 90' lang='lat' dir='ltr'>inclitum</span> <span class='ocrx_word' id='word_1_182' title='bbox 1032 3289 1124 3353; x_wconf 90' lang='lat' dir='ltr'>quem</span> <span class='ocrx_word' id='word_1_183' title='bbox 1140 3270 1261 3334; x_wconf 86' lang='lat' dir='ltr'>Romae</span> 
     </span>
     <span class='ocr_line' id='line_1_25' title="bbox 60 3371 1259 3464; baseline -0.001 -21"><span class='ocrx_word' id='word_1_184' title='bbox 60 3371 123 3435; x_wconf 58' lang='lat' dir='ltr'>ex</span> <span class='ocrx_word' id='word_1_185' title='bbox 151 3380 330 3444; x_wconf 87' lang='lat' dir='ltr'>numerosis</span> <span class='ocrx_word' id='word_1_186' title='bbox 362 3378 514 3461; x_wconf 75' lang='lat' dir='ltr'>sentibus</span> <span class='ocrx_word' id='word_1_187' title='bbox 547 3378 716 3462; x_wconf 73' lang='lat' dir='ltr'>(egerant)</span> <span class='ocrx_word' id='word_1_188' title='bbox 748 3400 867 3464; x_wconf 90' lang='lat' dir='ltr'>pompa</span> <span class='ocrx_word' id='word_1_189' title='bbox 900 3381 1090 3445; x_wconf 82' lang='lat' dir='ltr'>ferculorum</span> <span class='ocrx_word' id='word_1_190' title='bbox 1123 3380 1259 3459; x_wconf 85' lang='lat' dir='ltr'>inlustri,</span> 
     </span>
     <span class='ocr_line' id='line_1_26' title="bbox 25 3464 1258 3573; baseline 0.002 -24"><span class='ocrx_word' id='word_1_191' title='bbox 25 3464 154 3551; x_wconf 61' lang='lat' dir='ltr'>”uua</span> <span class='ocrx_word' id='word_1_192' title='bbox 179 3487 296 3554; x_wconf 81' lang='lat' dir='ltr'>Narsei</span> <span class='ocrx_word' id='word_1_193' title='bbox 326 3488 480 3571; x_wconf 89' lang='lat' dir='ltr'>coniuges</span> <span class='ocrx_word' id='word_1_194' title='bbox 508 3508 699 3573; x_wconf 88' lang='lat' dir='ltr'>sororesque</span> <span class='ocrx_word' id='word_1_195' title='bbox 727 3496 760 3555; x_wconf 91' lang='lat' dir='ltr'>et</span> <span class='ocrx_word' id='word_1_196' title='bbox 787 3490 880 3555; x_wconf 81' lang='lat' dir='ltr'>liberi</span> <span class='ocrx_word' id='word_1_197' title='bbox 912 3497 988 3555; x_wconf 90' lang='lat' dir='ltr'>ante</span> <span class='ocrx_word' id='word_1_198' title='bbox 1017 3510 1142 3553; x_wconf 89' lang='lat' dir='ltr'>currum</span> <span class='ocrx_word' id='word_1_199' title='bbox 1173 3488 1258 3554; x_wconf 76' lang='lat' dir='ltr'>cincti</span> 
     </span>
     <span class='ocr_line' id='line_1_27' title="bbox 54 3590 172 3661; baseline 0.008 -1"><span class='ocrx_word' id='word_1_200' title='bbox 54 3590 172 3661; x_wconf 65' lang='lat' dir='ltr'>stlut.</span> 
     </span>
     <span class='ocr_line' id='line_1_28' title="bbox 172 3705 1411 3788; baseline 0.003 -17"><span class='ocrx_word' id='word_1_201' title='bbox 172 3705 406 3774; x_wconf 85' lang='lat' dir='ltr'>Concesserunt</span> <span class='ocrx_word' id='word_1_202' title='bbox 430 3716 539 3774; x_wconf 90' lang='lat' dir='ltr'>tamen</span> <span class='ocrx_word' id='word_1_203' title='bbox 568 3710 721 3775; x_wconf 90' lang='lat' dir='ltr'>Salonam</span> <span class='ocrx_word' id='word_1_204' title='bbox 757 3731 849 3788; x_wconf 90' lang='lat' dir='ltr'>unus,</span> <span class='ocrx_word' id='word_1_205' title='bbox 876 3711 958 3775; x_wconf 90' lang='lat' dir='ltr'>alter</span> <span class='ocrx_word' id='word_1_206' title='bbox 983 3711 1016 3775; x_wconf 92' lang='lat' dir='ltr'>in</span> <span class='ocrx_word' id='word_1_207' title='bbox 1040 3711 1226 3776; x_wconf 88' lang='lat' dir='ltr'>Lucaniam.</span> <span class='ocrx_word' id='word_1_208' title='bbox 1249 3710 1411 3777; x_wconf 80' lang='lat' dir='ltr'>XXXXV</span> 
     </span>
     <span class='ocr_line' id='line_1_29' title="bbox 49 3786 1258 3903; baseline 0.011 -30"><span class='ocrx_word' id='word_1_209' title='bbox 49 3786 308 3882; x_wconf 74' lang='lat' dir='ltr'>Diocletianus</span> <span class='ocrx_word' id='word_1_210' title='bbox 329 3818 475 3902; x_wconf 89' lang='lat' dir='ltr'>priuatus</span> <span class='ocrx_word' id='word_1_211' title='bbox 497 3819 531 3883; x_wconf 94' lang='lat' dir='ltr'>in</span> <span class='ocrx_word' id='word_1_212' title='bbox 554 3819 642 3900; x_wconf 84' lang='lat' dir='ltr'>uilla,</span> <span class='ocrx_word' id='word_1_213' title='bbox 665 3839 748 3903; x_wconf 90' lang='lat' dir='ltr'>quac</span> <span class='ocrx_word' id='word_1_214' title='bbox 771 3819 857 3883; x_wconf 89' lang='lat' dir='ltr'>haud</span> <span class='ocrx_word' id='word_1_215' title='bbox 882 3822 991 3903; x_wconf 84' lang='lat' dir='ltr'>procul</span> <span class='ocrx_word' id='word_1_216' title='bbox 1015 3822 1176 3887; x_wconf 86' lang='lat' dir='ltr'>aSalonis</span> <span class='ocrx_word' id='word_1_217' title='bbox 1199 3831 1258 3902; x_wconf 89' lang='lat' dir='ltr'>est,</span> 
     </span>
     <span class='ocr_line' id='line_1_30' title="bbox 50 3916 1257 4013; baseline 0.007 -26"><span class='ocrx_word' id='word_1_218' title='bbox 50 3916 251 3990; x_wconf 60' lang='lat' dir='ltr'>praeclaro</span> <span class='ocrx_word' id='word_1_219' title='bbox 272 3927 338 3990; x_wconf 95' lang='lat' dir='ltr'>otio</span> <span class='ocrx_word' id='word_1_220' title='bbox 361 3928 475 3993; x_wconf 87' lang='lat' dir='ltr'>senuit.</span> <span class='ocrx_word' id='word_1_221' title='bbox 521 3931 574 4012; x_wconf 91' lang='lat' dir='ltr'>qui</span> <span class='ocrx_word' id='word_1_222' title='bbox 599 3928 673 3994; x_wconf 87' lang='lat' dir='ltr'>dmu</span> <span class='ocrx_word' id='word_1_223' title='bbox 696 3931 738 3993; x_wconf 82' lang='lat' dir='ltr'>ab</span> <span class='ocrx_word' id='word_1_224' title='bbox 760 3930 912 3993; x_wconf 88' lang='lat' dir='ltr'>Herculio</span> <span class='ocrx_word' id='word_1_225' title='bbox 942 3937 1039 4013; x_wconf 88' lang='lat' dir='ltr'>atque</span> <span class='ocrx_word' id='word_1_226' title='bbox 1062 3930 1192 3995; x_wconf 84' lang='lat' dir='ltr'>Galerio</span> <span class='ocrx_word' id='word_1_227' title='bbox 1215 3931 1257 3994; x_wconf 89' lang='lat' dir='ltr'>ad</span> 
     </span>
    </p>
   </div>
   <div class='ocr_carea' id='block_1_3' title="bbox 22 4016 1256 4124">
    <p class='ocr_par' dir='ltr' id='par_1_3' title="bbox 22 4016 1256 4124">
     <span class='ocr_line' id='line_1_31' title="bbox 22 4016 1256 4124; baseline 0.006 -29"><span class='ocrx_word' id='word_1_228' title='bbox 22 4016 302 4117; x_wconf 59' lang='lat' dir='ltr'>&#39;rec-ipienuum</span> <span class='ocrx_word' id='word_1_229' title='bbox 336 4037 507 4121; x_wconf 89' lang='lat' dir='ltr'>imperium</span> <span class='ocrx_word' id='word_1_230' title='bbox 540 4049 720 4123; x_wconf 82' lang='lat' dir='ltr'>rogaretur,</span> <span class='ocrx_word' id='word_1_231' title='bbox 759 4048 924 4123; x_wconf 87' lang='lat' dir='ltr'>tamquam</span> <span class='ocrx_word' id='word_1_232' title='bbox 957 4048 1080 4124; x_wconf 89' lang='lat' dir='ltr'>pestem</span> <span class='ocrx_word' id='word_1_233' title='bbox 1114 4041 1256 4122; x_wconf 89' lang='lat' dir='ltr'>aliquam</span> 
     </span>
    </p>
   </div>
   <div class='ocr_carea' id='block_1_4' title="bbox 61 4118 1256 4302">
    <p class='ocr_par' dir='ltr' id='par_1_4' title="bbox 61 4118 1256 4302">
     <span class='ocr_line' id='line_1_32' title="bbox 61 4118 1256 4235; baseline 0.008 -29"><span class='ocrx_word' id='word_1_234' title='bbox 61 4118 250 4211; x_wconf 57' lang='lat' dir='ltr'>detestans</span> <span class='ocrx_word' id='word_1_235' title='bbox 273 4146 308 4209; x_wconf 92' lang='lat' dir='ltr'>iu</span> <span class='ocrx_word' id='word_1_236' title='bbox 331 4145 416 4211; x_wconf 92' lang='lat' dir='ltr'>hunc</span> <span class='ocrx_word' id='word_1_237' title='bbox 438 4147 566 4212; x_wconf 87' lang='lat' dir='ltr'>modum</span> <span class='ocrx_word' id='word_1_238' title='bbox 590 4148 756 4235; x_wconf 90' lang='lat' dir='ltr'>respondit</span> <span class='ocrx_word' id='word_1_239' title='bbox 779 4149 911 4213; x_wconf 81' lang='lat' dir='ltr'>‘utinam</span> <span class='ocrx_word' id='word_1_240' title='bbox 927 4146 1103 4233; x_wconf 78' lang='lat' dir='ltr'>&lt;Salonae&gt;</span> <span class='ocrx_word' id='word_1_241' title='bbox 1118 4150 1256 4233; x_wconf 84' lang='lat' dir='ltr'>possetis</span> 
     </span>
     <span class='ocr_line' id='line_1_33' title="bbox 70 4266 384 4302; baseline 0.01 -3"><span class='ocrx_word' id='word_1_242' title='bbox 70 4266 384 4302; x_wconf 32' lang='lat' dir='ltr'>g...-</span> 
     </span>
    </p>
   </div>
   <div class='ocr_carea' id='block_1_5' title="bbox 10 4361 1256 4899">
    <p class='ocr_par' dir='ltr' id='par_1_5' title="bbox 164 4361 1255 4437">
     <span class='ocr_line' id='line_1_34' title="bbox 164 4361 1255 4437; baseline 0.008 -25"><span class='ocrx_word' id='word_1_243' title='bbox 164 4365 304 4432; x_wconf 83' lang='lat' dir='ltr'>lprefidiil</span> <span class='ocrx_word' id='word_1_244' title='bbox 318 4372 411 4419; x_wconf 81' lang='lat' dir='ltr'>tamen</span> <span class='ocrx_word' id='word_1_245' title='bbox 428 4363 482 4420; x_wconf 85' lang='lat' dir='ltr'>DB</span> <span class='ocrx_word' id='word_1_246' title='bbox 551 4366 701 4421; x_wconf 73' lang='lat' dir='ltr'>tiranii)</span> <span class='ocrx_word' id='word_1_247' title='bbox 754 4368 827 4421; x_wconf 81' lang='lat' dir='ltr'>simul</span> <span class='ocrx_word' id='word_1_248' title='bbox 844 4361 923 4437; x_wconf 72' lang='lat' dir='ltr'>parii</span> <span class='ocrx_word' id='word_1_249' title='bbox 939 4375 966 4421; x_wconf 91' lang='lat' dir='ltr'>et</span> <span class='ocrx_word' id='word_1_250' title='bbox 983 4370 1061 4424; x_wconf 85' lang='lat' dir='ltr'>uiriti&#39;</span> <span class='ocrx_word' id='word_1_251' title='bbox 1081 4368 1106 4421; x_wconf 83' lang='lat' dir='ltr'>ii</span> <span class='ocrx_word' id='word_1_252' title='bbox 1166 4374 1255 4421; x_wconf 79' lang='lat' dir='ltr'>dmo-</span> 
     </span>
    </p>

    <p class='ocr_par' dir='ltr' id='par_1_6' title="bbox 90 4448 1256 4531">
     <span class='ocr_line' id='line_1_35' title="bbox 90 4448 1256 4531; baseline 0.006 -22"><span class='ocrx_word' id='word_1_253' title='bbox 90 4448 228 4510; x_wconf 64' lang='lat' dir='ltr'>120,qu</span> <span class='ocrx_word' id='word_1_254' title='bbox 329 4457 428 4512; x_wconf 73' lang='lat' dir='ltr'>amedu</span> <span class='ocrx_word' id='word_1_255' title='bbox 446 4458 472 4512; x_wconf 78' lang='lat' dir='ltr'>i)</span> <span class='ocrx_word' id='word_1_256' title='bbox 575 4460 785 4528; x_wconf 80' lang='lat' dir='ltr'>aexpeiiereii</span> <span class='ocrx_word' id='word_1_257' title='bbox 908 4469 935 4516; x_wconf 86' lang='lat' dir='ltr'>ii</span> <span class='ocrx_word' id='word_1_258' title='bbox 963 4463 1138 4531; x_wconf 81' lang='lat' dir='ltr'>imperatores</span> <span class='ocrx_word' id='word_1_259' title='bbox 1160 4462 1256 4516; x_wconf 67' lang='lat' dir='ltr'>aaa</span> 
     </span>
    </p>

    <p class='ocr_par' dir='ltr' id='par_1_7' title="bbox 105 4544 1256 4623">
     <span class='ocr_line' id='line_1_36' title="bbox 105 4544 1256 4623; baseline 0.007 -22"><span class='ocrx_word' id='word_1_260' title='bbox 105 4544 241 4603; x_wconf 59' lang='lat' dir='ltr'>“menn</span> <span class='ocrx_word' id='word_1_261' title='bbox 274 4550 301 4605; x_wconf 86' lang='lat' dir='ltr'><em>B</em></span> <span class='ocrx_word' id='word_1_262' title='bbox 447 4557 477 4606; x_wconf 87' lang='grc'>13</span> <span class='ocrx_word' id='word_1_263' title='bbox 512 4551 623 4606; x_wconf 77' lang='lat' dir='ltr'>clamide</span> <span class='ocrx_word' id='word_1_264' title='bbox 657 4552 710 4607; x_wconf 77' lang='lat' dir='ltr'>aa</span> <span class='ocrx_word' id='word_1_265' title='bbox 860 4560 890 4607; x_wconf 78' lang='lat' dir='ltr'>ii</span> <span class='ocrx_word' id='word_1_266' title='bbox 926 4555 1054 4617; x_wconf 81' lang='lat' dir='ltr'>inciuilib;</span> <span class='ocrx_word' id='word_1_267' title='bbox 1090 4557 1200 4623; x_wconf 80' lang='lat' dir='ltr'>ingeniis</span> <span class='ocrx_word' id='word_1_268' title='bbox 1231 4556 1256 4609; x_wconf 82' lang='lat' dir='ltr'>I}</span> 
     </span>
    </p>

    <p class='ocr_par' dir='ltr' id='par_1_8' title="bbox 10 4628 1254 4723">
     <span class='ocr_line' id='line_1_37' title="bbox 10 4628 1254 4723; baseline 0.009 -31"><span class='ocrx_word' id='word_1_269' title='bbox 10 4718 12 4723; x_wconf 28' lang='grc' dir='ltr'>Ι</span> <span class='ocrx_word' id='word_1_270' title='bbox 117 4628 233 4695; x_wconf 64' lang='lat' dir='ltr'>¹ssilica.</span> <span class='ocrx_word' id='word_1_271' title='bbox 249 4642 276 4697; x_wconf 82' lang='lat' dir='ltr'><em>D</em></span> <span class='ocrx_word' id='word_1_272' title='bbox 360 4648 394 4698; x_wconf 85' lang='grc'>20</span> <span class='ocrx_word' id='word_1_273' title='bbox 411 4644 528 4699; x_wconf 85' lang='lat' dir='ltr'>tuendae</span> <span class='ocrx_word' id='word_1_274' title='bbox 543 4644 641 4700; x_wconf 60' lang='lat' dir='ltr'>omn</span> <span class='ocrx_word' id='word_1_275' title='bbox 729 4650 761 4699; x_wconf 96' lang='grc'>22</span> <span class='ocrx_word' id='word_1_276' title='bbox 780 4663 884 4717; x_wconf 80' lang='lat' dir='ltr'>imperii</span> <span class='ocrx_word' id='word_1_277' title='bbox 903 4648 998 4702; x_wconf 89' lang='lat' dir='ltr'>habitu</span> <span class='ocrx_word' id='word_1_278' title='bbox 1016 4648 1042 4702; x_wconf 78' lang='lat' dir='ltr'>li</span> <span class='ocrx_word' id='word_1_279' title='bbox 1127 4654 1159 4702; x_wconf 81' lang='grc'>23</span> <span class='ocrx_word' id='word_1_280' title='bbox 1177 4649 1254 4704; x_wconf 90' lang='lat' dir='ltr'>incli-</span> 
     </span>
    </p>

    <p class='ocr_par' dir='ltr' id='par_1_9' title="bbox 10 4724 1256 4899">
     <span class='ocr_line' id='line_1_38' title="bbox 10 4724 1256 4809; baseline 0.01 -24"><span class='ocrx_word' id='word_1_281' title='bbox 10 4724 17 4753; x_wconf 86' lang='lat'>&#39;&#39;</span> <span class='ocrx_word' id='word_1_282' title='bbox 120 4728 208 4791; x_wconf 56' lang='grc' dir='ltr'>ΝΗ).</span> <span class='ocrx_word' id='word_1_283' title='bbox 221 4736 346 4806; x_wconf 79' lang='lat' dir='ltr'>melytnm</span> <span class='ocrx_word' id='word_1_284' title='bbox 364 4737 392 4791; x_wconf 88' lang='lat' dir='ltr'><em>B</em></span> <span class='ocrx_word' id='word_1_285' title='bbox 460 4742 492 4791; x_wconf 80' lang='grc'>24</span> <span class='ocrx_word' id='word_1_286' title='bbox 512 4738 664 4805; x_wconf 82' lang='lat' dir='ltr'>egerantD</span> <span class='ocrx_word' id='word_1_287' title='bbox 733 4743 763 4792; x_wconf 78' lang='lat' dir='ltr'>ai</span> <span class='ocrx_word' id='word_1_288' title='bbox 783 4757 810 4793; x_wconf 87' lang='lat' dir='ltr'>in</span> <span class='ocrx_word' id='word_1_289' title='bbox 828 4741 952 4809; x_wconf 80' lang='lat' dir='ltr'>lycaonia</span> <span class='ocrx_word' id='word_1_290' title='bbox 971 4740 997 4794; x_wconf 90' lang='lat' dir='ltr'><em>B</em></span> <span class='ocrx_word' id='word_1_291' title='bbox 1065 4746 1098 4795; x_wconf 83' lang='grc'>29</span> <span class='ocrx_word' id='word_1_292' title='bbox 1116 4749 1202 4797; x_wconf 90' lang='lat' dir='ltr'>oratio</span> <span class='ocrx_word' id='word_1_293' title='bbox 1222 4743 1256 4798; x_wconf 89' lang='lat' dir='ltr'>B&#39;</span> 
     </span>
     <span class='ocr_line' id='line_1_39' title="bbox 10 4810 956 4899; baseline 0.008 -19"><span class='ocrx_word' id='word_1_294' title='bbox 10 4820 29 4853; x_wconf 62' lang='lat'>‘⁵</span> <span class='ocrx_word' id='word_1_295' title='bbox 128 4810 192 4875; x_wconf 64' lang='lat' dir='ltr'>‘biit</span> <span class='ocrx_word' id='word_1_296' title='bbox 206 4827 276 4883; x_wconf 76' lang='lat' dir='ltr'>iiii</span> <span class='ocrx_word' id='word_1_297' title='bbox 343 4834 376 4883; x_wconf 79' lang='lat'>³⁰</span> <span class='ocrx_word' id='word_1_298' title='bbox 393 4830 511 4899; x_wconf 79' lang='lat' dir='ltr'>aliquam</span> <span class='ocrx_word' id='word_1_299' title='bbox 529 4831 570 4885; x_wconf 79' lang='lat' dir='ltr'>ii.-</span> <span class='ocrx_word' id='word_1_300' title='bbox 590 4847 670 4899; x_wconf 88' lang='lat' dir='ltr'>quam</span> <span class='ocrx_word' id='word_1_301' title='bbox 690 4831 716 4885; x_wconf 90' lang='lat' dir='ltr'><em>B</em></span> <span class='ocrx_word' id='word_1_302' title='bbox 785 4838 813 4885; x_wconf 84' lang='lat' dir='ltr'>:il</span> <span class='ocrx_word' id='word_1_303' title='bbox 836 4833 956 4888; x_wconf 86' lang='lat' dir='ltr'>utmeB</span> 
     </span>
    </p>
   </div>
   <div class='ocr_carea' id='block_1_6' title="bbox 0 0 1422 5394">
    <p class='ocr_par' dir='ltr' id='par_1_10' title="bbox 0 0 1422 5394">
     <span class='ocr_line' id='line_1_40' title="bbox 0 0 1422 5394; baseline 0 0"><span class='ocrx_word' id='word_1_304' title='bbox 0 0 1422 5394; x_wconf 95' lang='lat' dir='ltr'> </span> 
     </span>
    </p>
   </div>
  </div>
 </body>
</html>
