2834 5394
467 673 575 721 rnnrm
596 673 835 723 cnrrrvnonvnr
1174 664 1239 728 629

63 822 193 892 Augusti,
210 821 365 891 repudiata,
384 821 554 891 Cleopatram
572 824 626 879 Ae·
677 821 942 893 debellat‘lhberius3
959 825 1128 896 maximoque
1146 826 1237 883 ctior-

62 917 137 986 gypti
153 916 270 984 reginam
288 916 398 972 ducens,
675 916 879 972 midolosissimo
905 917 976 972 bello
994 917 1143 974 Germanos
1171 936 1237 975 con·

97 1012 113 1064 8
148 1008 248 1064 bellum
263 1009 333 1064 inter
349 1012 501 1078 Augustum
524 1016 552 1064 et
568 1012 625 1065 An·
675 1009 739 1064 ficit.
774 1009 958 1066 Romanarum
984 1011 1118 1080 legionum
1144 1011 1238 1067 eodem

63 1103 166 1157 tonium
201 1101 362 1172 tandemque
395 1103 491 1172 insigni
522 1104 624 1173 proelio
674 1108 795 1173 tempore
820 1118 881 1158 cum
898 1102 1026 1172 Quintilio
1043 1104 1117 1160 Varo
1144 1119 1239 1161 11111·

64 1195 136 1265 apud
151 1196 259 1251 Actium
276 1195 410 1250 Antonius
435 1200 463 1249 et
480 1195 624 1266 Cleopatra
673 1212 734 1250 rum
749 1196 840 1266 grauis
860 1194 959 1252 clades.
1002 1197 1092 1253 luctus
1112 1198 1238 1267 Augusti.

62 1288 127 1343 uicti
143 1288 296 1357 fugatique,
318 1288 409 1358 quiin
426 1288 548 1360 Aegypto
566 1289 623 1345 hel·
673 1288 823 1358 Bosporani
841 1289 1150 1358 sMAgrippnsubaeti.
1170 1292 1238 1345 Par·

62 1380 117 1436 lum
136 1388 288 1453 restoursre
298 1387 437 1436 conantur.
462 1383 578 1452 Augusti
595 1384 623 1438 in
673 1381 713 1437 thi
730 1382 807 1451 signa
821 1381 965 1436 Crassiana
982 1382 1109 1447 referunt,
1127 1383 1237 1438 foedus-

62 1475 213 1544 Aegyptum
230 1473 371 1544 profectio.
672 1473 1234 1545 queimpetrsntGalatiaprouinciafacts.

96 1571 112 1620 9
147 1567 257 1622 Antonii
280 1568 387 1637 saepius
415 1566 481 1622 uicti
514 1569 623 1625 tandem
710 1572 742 1622 ld
776 1574 877 1637 quanto
895 1584 986 1622 amore
996 1570 1133 1624 ethonore
1151 1571 1236 1624 exteri

67 1660 191 1715 interitus
209 1666 236 1713 et
253 1659 420 1729 Cleopatrae.
674 1675 759 1730 reges,
778 1662 859 1715 etiem
876 1661 986 1716 barbari
1003 1662 1154 1730 Augustum
1171 1678 1236 1731 pro-

100 1757 129 1806 11)
157 1751 427 1808 CaesarAlexsndria
445 1755 546 1823 potitus
558 1755 624 1811 Gor·
674 1754 769 1809 secuti.
802 1753 830 1808 in
864 1755 987 1823 Augusto
1021 1761 1152 1824 quantum
1178 1755 1237 1809 hel·

63 1845 162 1899 nelium
194 1844 302 1900 Gallum
335 1847 457 1917 Aegypto
492 1848 622 1917 praeficit.
673 1847 760 1902 lorum
790 1853 818 1902 et
842 1848 984 1901 turbarum
1020 1847 1110 1902 odium
1145 1848 1237 1910 fuerit,

63 1937 151 1993 Roma
172 1937 268 2008 opsstut
293 1939 322 1993 in
347 1939 505 1996 immensum
533 1947 620 1997 nocte.
672 1953 806 2011 quamque
822 1940 941 2010 grauiter
966 1956 999 1995 ea
1021 1940 1103 1996 fuerit
1120 1941 1237 1995 deteste-

61 2046 186 2086 annonne
209 2030 284 2086 urhis
310 2031 419 2102 copiose
441 2034 476 2088 ab
498 2035 622 2104 Augusto
673 2039 726 2087 tus.
766 2032 863 2088 milites
889 2033 923 2086 ah
958 2034 1094 2088 auunculo
1121 2033 1239 2089 Csessre

62 2129 243 2194 prospectum.
287 2123 391 2195 aliquot
415 2127 622 2197 praecipuorum
673 2124 773 2180 blande
798 2125 991 2181 commilitones
1017 2126 1168 2196 appellatos
1191 2127 1238 2181 lu·

63 2232 96 2272 ex
113 2217 274 2272 Antoninnis
293 2217 389 2274 coedes
412 2218 489 2274 iussu
506 2221 623 2291 Augusti
672 2218 726 2274 isse
743 2216 851 2273 minime
867 2220 972 2289 probat.

60 2309 142 2365 11111.
177 2310 296 2366 eiusdem
312 2310 485 2368 Brundisium
502 2313 612 2370 reditus.
709 2314 739 2365 11
775 2311 859 2366 Plura
883 2310 916 2365 de
943 2313 1057 2381 Augusti
1091 2312 1238 2367 uirtutibus

97 2408 125 2456 11
162 2405 277 2474 Augusti
293 2404 424 2474 gloriosus
436 2406 465 2461 in
474 2406 568 2462 urbem
579 2408 620 2463 in·
672 2404 783 2474 eiusque
799 2403 899 2459 amicis.
935 2404 991 2458 eius
1010 2404 1191 2474 pulchritudo,
1210 2413 1237 2460 et

59 2511 167 2564 gressum
184 2497 284 2566 triplici
300 2496 435 2568 triumpho
454 2507 524 2555 acto.
562 2499 621 2554 luni
671 2498 810 2554 oculorum
833 2496 929 2567 fulgor.

60 2594 156 2657 postne
168 2589 283 2644 clausae
310 2591 425 2659 Augusti
441 2591 549 2648 nomine
565 2593 620 2662 pri·
706 2595 737 2645 ts
772 2605 822 2645 nec
862 2589 935 2645 uitiis
970 2597 1061 2646 tamen
1093 2607 1154 2648 eum
1190 2607 1237 2646 ca·

59 2695 133 2736 mum
159 2682 315 2737 consulatus
347 2683 428 2753 idque
451 2699 548 2740 nomen
564 2689 619 2751 iex-
669 2683 757 2738 ruisse
779 2697 864 2753 eaque
881 2689 1045 2738 enumernta.
1072 2683 1161 2739 Ouidii
1179 2685 1237 2746 eni,-

60 2774 184 2842 positnm.
220 2775 377 2830 monarchia
393 2775 496 2844 imperii
505 2776 621 2833 Romani
669 2775 743 2830 lium
784 2776 1001 2845 spectaculorum
1030 2775 1105 2831 omni
1138 2789 1237 2844 genere

61 2867 208 2922 constituta
238 2868 331 2936 reique
357 2867 497 2925 Romanum
522 2869 621 2925 florens
672 2866 822 2921 delectatus
838 2867 985 2935 Augustus,
1013 2872 1236 2937 quantopereque

62 2959 112 3013 sub
131 2961 252 3028 Augusto
271 2967 368 3015 status.
403 2962 562 3017 miraculum
579 2962 620 3017 in-
671 2960 817 3028 imperator
834 2958 923 3013 laetus
941 2960 1152 3015 ciuesdilexerit.
1176 2959 1236 3014 Iani

59 3052 189 3121 gredienti
214 3054 339 3124 Augusto
378 3055 481 3124 insigne
508 3053 620 3110 lectum.
671 3058 766 3121 portae
782 3050 879 3106 iterum
897 3051 1014 3107 clausae.

60 3146 150 3200 omnin
167 3147 260 3216 populi
276 3147 392 3203 Romani
413 3147 504 3203 debito
521 3147 622 3204 donate
709 3148 740 3199 19
768 3145 840 3214 leges
849 3144 980 3214 plurimae
990 3145 1025 3199 ab
1034 3146 1158 3216 Augusto
1169 3160 1235 3200 con·

59 3244 87 3292 et
103 3239 212 3294 abolito.
673 3237 752 3292 ditae.
794 3235 894 3291 domini
916 3251 1013 3292 nomen
1040 3236 1075 3292 ab
1099 3253 1132 3292 eo
1161 3239 1235 3292 nullo

94 3336 124 3385 12
150 3333 266 3403 Augusti
276 3333 306 3388 in
315 3333 472 3403 Hispaniam
489 3335 621 3405 profectio
672 3328 752 3386 modo
778 3329 932 3385 admissum.
983 3330 1035 3385 uiri
1070 3329 1142 3385 docti
1177 3331 1236 3385 eius

60 3423 191 3479 aduersus
209 3425 361 3482 Cantabros
378 3433 406 3483 et
422 3428 546 3484 Astures.
574 3443 620 3483 ea-
672 3428 793 3494 tempore
815 3423 940 3492 insignes.
975 3422 1168 3478 inhabitetores
1186 3439 1233 3477 ur·

59 3531 119 3570 rum
136 3519 255 3586 gentium
271 3518 406 3575 ferocitas.
442 3519 541 3576 bellum
558 3537 620 3576 cum
670 3516 713 3571 his
750 3516 891 3572 numerati.
938 3515 999 3570 lesu
1026 3514 1127 3571 Christi
1163 3517 1235 3571 nati-

58 3608 209 3676 Cnntabris,
226 3625 281 3680 qua
298 3627 352 3667 non
369 3611 472 3682 absque
488 3614 566 3670 usrio
579 3613 619 3669 lu·
670 3609 749 3665 uitas.

58 3701 123 3757 bore
139 3707 203 3756 trux
219 3703 265 3757 ille
282 3719 347 3773 gens
367 3703 475 3759 tandem
492 3705 601 3761 domita.
704 3706 737 3757 20
770 3701 923 3758 incendium
939 3717 1023 3770 gram
1039 3701 1150 3756 inurbe.
1178 3701 1235 3755 Ga·

97 3799 127 3848 13
162 3795 226 3850 belli
251 3796 382 3851 aduersus
406 3797 522 3853 Asturae
552 3799 620 3867 gesti
669 3795 725 3851 ium
742 3800 867 3866 nepotem
883 3798 1022 3864 Augustus
1047 3794 1082 3849 ad
1105 3793 1233 3848 ordinau-

58 3886 210 3958 descriptio.
670 3889 718 3945 das
750 3887 865 3958 Aegypti
900 3886 1045 3957 Syriaeque
1079 3888 1236 3957 prouincias

94 3986 124 4034 ld
160 3981 289 4038 Claudius
305 3983 412 4039 Drusus
428 3985 543 4054 Augusti
560 3985 615 4055 pri·
669 3982 762 4038 mittit.
798 3996 860 4036 eum
880 3978 950 4034 mule
968 3980 1142 4036 contemsisse
1159 3979 1234 4049 apud

57 4074 481 4145 uignusGalliamRhaetiemque
496 4078 617 4144 sortitus,
670 4075 884 4145 Hierosolymam
911 4072 939 4128 in
965 4073 1065 4142 templo
1093 4072 1135 4126 dei
1166 4079 1232 4127 tunc

55 4170 154 4224 multos
169 4169 296 4226 1111τί11
306 4169 618 4227 mnximasfortissimas-
669 4174 765 4225 sancto
783 4167 905 4222 adorere.
941 4166 1000 4221 dira
1017 4166 1121 4220 Romae
1137 4166 1232 4221 lomes.

55 4278 107 4331 que
123 4269 216 4332 gentes
233 4262 394 4318 Germaniae
414 4262 520 4332 subigit
554 4263 617 4318 Mu·
668 4277 733 4317 sene
757 4263 811 4317 inm
827 4262 951 4329 Augusto
979 4266 1075 4327 portae
1102 4259 1159 4311 loni
1181 4259 1232 4313 ite·

55 4355 141 4410 soloni
164 4361 192 4411 et
214 4356 306 4411 Getuli
330 4355 358 4410 in
374 4353 469 4410 Africa
491 4371 509 4410 1
531 4355 616 4413 Cosso
667 4370 728 4409 rum
745 4359 863 4424 apertae.

56 4449 174 4502 coerciti.
210 4449 336 4505 Indorum
354 4455 382 4503 et
404 4448 563 4520 Scytharum
580 4449 616 4503 ad
701 4452 732 4502 21
770 4446 885 4515 Augusti
893 4445 992 4500 obitus.
1018 4443 1149 4513 quosdam
1166 4442 1231 4500 dolo

54 4540 205 4608 Augustum
222 4541 327 4611 legatio.
666 4540 762 4595 Liuiae
787 4539 879 4595 uxoris
896 4536 1059 4593 exstinctum
1084 4548 1145 4591 eum
1160 4536 1230 4593 scri·

94 4637 122 4686 15
158 4632 282 4689 Geesaris
290 4634 404 4690 Romam
421 4634 530 4690 reditum.
548 4634 614 4689 Vin·
666 4633 737 4688 bere.
772 4622 888 4688 honores
910 4630 939 4685 in
955 4628 1113 4684 defunctum
1137 4628 1232 4686 colluti

56 4723 135 4780 dolici
161 4727 266 4782 subacti
284 4742 301 4782 1
317 4728 423 4783 Pisone.
459 4727 614 4783 Pannonios
666 4731 800 4779 asenntu.
834 4723 951 4793 Augusti
968 4722 1090 4791 elogium.
