2834 5394
483 742 556 790 CAP.
578 740 827 791 xxm1-xxv111
1172 734 1240 796 405

61 894 225 960 maritima
246 892 419 977 egreditur,
441 893 593 979 deinceps
616 894 658 959 ad
681 902 827 961 sanctum
849 895 1069 961 Alexandrum
1092 905 1124 962 et
1144 898 1233 964 bunc

61 1004 170 1069 omnia
190 1002 358 1070 decoranti
381 1003 515 1070 tradidit
541 1005 620 1089 igni.
664 1006 828 1072 transiens
856 1012 964 1071 autenr
996 1005 1031 1071 in
1059 1007 1231 1092 Drizipera

61 1122 195 1180 conatur
225 1114 438 1180 exterminare
470 1133 537 1180 rem
570 1115 732 1200 publicam
765 1114 986 1181 deuastatoria
1014 1125 1166 1201 operatus
1187 1118 1235 1184 in·

61 1231 247 1291 strumenta.
292 1224 326 1289 bi
348 1243 425 1291 nero
447 1223 502 1308 qui
524 1223 696 1309 Drizipera
718 1224 865 1290 habitant
893 1224 1015 1292 diutius
1044 1233 1077 1292 et
1104 1226 1233 1294 diuerso

27 1335 163 1401 sociem
185 1333 382 1400 direxerunt.
426 1354 502 1399 narn
525 1341 557 1399 et
577 1343 688 1420 portas
716 1336 896 1401 ambientes
925 1336 1132 1402 minabantur
1161 1337 1234 1403 bar·

61 1445 158 1511 baros
181 1463 217 1511 se
239 1444 402 1510 debellare
423 1464 495 1509 curn
517 1452 627 1512 essent
649 1445 681 1511 in
698 1444 869 1511 tormidine
883 1445 1016 1529 ingenti.
1060 1452 1136 1512 tnnc
1157 1466 1235 1532 ergo

58 1553 174 1620 diuina
193 1553 351 1638 quaedam
375 1555 422 1621 eis
444 1555 604 1622 consuluit
619 1555 730 1621 uirtus.
775 1554 883 1620 media
899 1574 1038 1640 namque
1053 1555 1107 1622 die
1121 1557 1232 1624 nidere

60 1670 257 1749 putauerunt
271 1663 402 1729 barbari
417 1665 633 1729 Romanorum
650 1664 821 1731 uirtutibus
837 1663 1078 1748 egredientibus
1095 1667 1137 1732 ab
1153 1666 1232 1733 urbo

59 1774 200 1839 futurum
223 1774 285 1840 sibi
307 1775 375 1839 fore
396 1782 432 1839 ut
453 1794 525 1839 curn
549 1775 597 1841 eis
618 1774 798 1839 condictum
822 1784 1029 1841 consererent
1044 1783 1076 1842 et
1090 1784 1234 1859 consterss

10 1899 43 1951 ro
60 1885 129 1949 nati
152 1885 228 1967 luga
251 1884 445 1967 infatigabili
468 1884 594 1969 fugiunt
615 1893 646 1950 et
668 1883 755 1969 apud
777 1884 964 1949 Perinthum
987 1885 1177 1952 efficiuntur.
1240 1900 1246 1913 ·

145 1993 275 2060 Priscus
297 2003 404 2059 autern
427 2013 486 2061 nec
516 1995 589 2061 uisu
610 1994 740 2078 quidem
764 1994 846 2059 ferre
873 1993 1094 2062 multitudines
1117 1996 1232 2062 barba·
1252 1993 1378 2058 XXVII

60 2124 166 2169 rorum
190 2104 304 2170 ualens
319 2105 493 2168 Tzurulunr
515 2105 682 2187 ingressus
704 2112 844 2170 castrum
867 2104 1041 2172 muniebat.
1085 2111 1137 2172 ast
1159 2106 1231 2171 bar·

59 2214 159 2280 barus
181 2214 326 2280 Priscum
348 2213 497 2279 obsidere
519 2214 704 2279 conabatur.
749 2213 800 2280 his
822 2213 942 2281 auditis
957 2215 1131 2282 Mauricius
1153 2215 1231 2282 hao-

60 2323 181 2390 sitabat
202 2322 280 2408 quid
293 2323 374 2388 foret
387 2323 559 2408 agendum.
582 2331 648 2390 tum
671 2325 791 2409 optimo
814 2324 893 2390 inito
922 2324 1058 2392 consilio
1087 2334 1230 2392 armatur

11 2446 42 2497 rt
59 2442 171 2498 contra
192 2433 351 2498 inlinitum
383 2434 589 2500 barbarorum
615 2437 764 2500 uirtutem
787 2442 819 2502 et
841 2435 895 2499 uni
920 2435 1141 2502 excubitorum
1163 2454 1230 2502 nra·

59 2543 133 2628 gnis
155 2543 249 2609 donis
271 2551 368 2627 atque
390 2544 658 2628 promissionibus
680 2543 796 2611 suadet
816 2551 851 2610 ut
873 2552 987 2630 sponte
1010 2546 1043 2611 in
1072 2545 1230 2614 barbaros

59 2654 159 2718 irruat
181 2653 276 2736 eique
299 2652 355 2718 dat
377 2652 419 2718 ad
442 2654 585 2721 Priscum
609 2655 735 2721 litteras
764 2655 964 2722 continentes
994 2655 1075 2722 haec
1104 2656 1228 2740 ‘glorio

59 2763 189 2830 sissimo
212 2763 353 2848 praetori
376 2763 497 2829 Prisco.
542 2766 673 2829 noxium
703 2764 911 2830 barbarorum
934 2772 1082 2829 conatum
1104 2785 1146 2831 ne
1168 2766 1229 2830 ior-

58 2872 171 2939 mides.
227 2872 269 2937 ad
302 2873 514 2958 perditionem
543 2875 629 2938 enim
659 2894 768 2940 eorum
796 2873 914 2939 iactum
944 2880 994 2940 est
1022 2874 1092 2938 hoc.
1148 2875 1228 2941 scito

10 2999 42 3051 ro
57 2983 144 3048 enim
168 2983 244 3066 quia
266 3002 337 3047 cunr
359 2983 460 3047 multa
482 2983 669 3049 confusione
691 2991 869 3049 reuertatur
884 2981 1050 3049 chaianus
1071 2983 1105 3048 in
1127 2982 1229 3067 regio-

58 3111 131 3158 nem
154 3112 237 3176 quac
261 3092 322 3159 sibi
346 3112 367 3157 a
389 3093 542 3159 Romanis
566 3100 616 3160 est
637 3091 800 3177 deputata.
844 3100 1016 3178 propterea
1044 3099 1229 3177 perseueret

56 3202 239 3285 gloriatura
261 3223 361 3287 penes
383 3204 558 3269 'Inurulunr
581 3204 821 3285 circumrragare
850 3202 972 3269 iaciens
995 3202 1078 3269 illos.
1122 3203 1228 3269 mitte·

59 3332 129 3378 mus
152 3312 237 3378 enim
260 3332 318 3395 per
340 3332 429 3378 mare
450 3332 553 3380 naues
575 3320 607 3379 et
628 3313 865 3396 captiuabImus
894 3313 1036 3379 familias
1063 3331 1173 3379 eorum
1195 3322 1228 3378 et

59 3429 189 3504 cogetur
215 3421 258 3486 ad
286 3423 419 3507 propria
446 3423 633 3489 confusione
661 3423 797 3489 refertus
825 3430 923 3507 alque
944 3422 1068 3488 iactura
1090 3418 1228 3488 aneni!

10 3547 41 3599 2⁵
58 3538 91 3596 at
114 3551 192 3597 noro
215 3530 380 3599 Clraianus
401 3533 517 3598 littoris
540 3532 782 3617 comprehensis
804 3553 843 3598 ac
865 3531 958 3599 lectis
981 3551 1108 3617 pauens
1129 3530 1227 3597 citici-

56 3646 108 3706 tur
129 3648 160 3706 ct
183 3641 412 3726 sponsionibus
435 3641 578 3726 pacificis
607 3641 650 3707 ad
672 3642 816 3709 Priscum
844 3640 1012 3727 dispositis
1033 3641 1068 3708 in
1090 3642 1228 3709 muneri-

57 3750 116 3817 bus
138 3752 250 3835 paucis
272 3759 368 3836 atquc
391 3751 534 3835 indignis
557 3751 589 3816 iu
613 3771 703 3818 suam
727 3758 776 3818 cst
790 3758 908 3817 terram
924 3771 995 3817 cunr
1011 3753 1089 3835 fuga
1102 3750 1224 3836 potenti

55 3880 232 3943 regressus.
269 3892 271 3896 >

139 3969 316 4036 Vndceimo
338 3969 464 4054 imperii
487 3970 633 4035 Illaancii
654 3990 739 4036 anno
761 3970 848 4037 idem
869 3971 1044 4056 imperator
1066 3970 1210 4035 Priscum
1231 3968 1379 4035 XXVIII

10 4095 39 4148 to
55 4099 127 4146 eum
149 4081 297 4147 omnibus
316 4079 479 4146 Romaicis
501 4080 720 4164 potentatibus
743 4079 786 4146 ad
807 4080 952 4146 Histrum
974 4077 1106 4144 fluuium
1129 4077 1225 4160 misit,

55 4198 89 4256 ut
111 4191 334 4257 Sclauinorum
356 4189 505 4255 nationes
527 4189 666 4255 transire
688 4190 882 4274 prohiberet.
928 4208 990 4273 quo
1013 4186 1100 4273 apud
1124 4190 1223 4253 Doro·

55 4301 161 4367 stolon
181 4300 295 4366 habito
317 4300 482 4366 Chaianus
504 4299 565 4363 lroc
587 4300 751 4383 comperit,
788 4299 844 4382 qui
872 4299 990 4382 legatis
1013 4296 1056 4362 ad
1079 4318 1152 4365 eum
1174 4297 1223 4364 di-

55 4410 149 4476 rectis
172 4411 367 4477 calumniam
397 4409 556 4475 inferebat
578 4408 731 4474 Romanis
761 4408 927 4474 exordium
958 4407 1110 4475 dantibus
1139 4408 1226 4473 belli.

122 4687 362 4741 scenofactoriam
383 4686 406 4741 D
508 4690 523 4740 5
549 4684 684 4754 abigentes
707 4685 880 4740 mrnabantur
898 4683 925 4738 D
1026 4684 1184 4739 tlrornanol
1200 4682 1228 4738 D

56 4786 86 4836 ll
105 4771 261 4839 mnnrebatl
285 4779 310 4834 l>
412 4783 442 4833 14
459 4778 592 4833 hesitabat
606 4780 611 4847 Ι
626 4778 698 4848 quod
723 4777 749 4832 I}
851 4781 883 4832 ‘22
911 4790 1113 4845 circumnagare
1135 4777 1176 4832 rio
1200 4774 1227 4831 D

52 4876 180 4932 mrttrmul
203 4874 228 4929 o
296 4877 328 4927 24
346 4871 503 4926 reiectulD
571 4878 604 4927 30
622 4871 759 4926 ritrunrD
827 4875 858 4925 ³1
879 4869 989 4940 aputD
