<?xml version="1.0" encoding="UTF-8"?>
<!DOCTYPE html PUBLIC "-//W3C//DTD XHTML 1.0 Transitional//EN"
    "http://www.w3.org/TR/xhtml1/DTD/xhtml1-transitional.dtd">
<html xmlns="http://www.w3.org/1999/xhtml" xml:lang="en" lang="en">
 <head>
  <title>
</title>
<meta http-equiv="Content-Type" content="text/html;charset=utf-8" />
  <meta name='ocr-system' content='tesseract 3.04.00' />
  <meta name='ocr-capabilities' content='ocr_page ocr_carea ocr_par ocr_line ocrx_word'/>
</head>
<body>
  <div class='ocr_page' id='page_1' title='image "./historiamiscell00sagagoog_0156.png"; bbox 0 0 2834 5394; ppageno 0'>
   <div class='ocr_carea' id='block_1_1' title="bbox 150 301 805 363">
    <p class='ocr_par' dir='ltr' id='par_1_1' title="bbox 150 301 805 363">
     <span class='ocr_line' id='line_1_1' title="bbox 150 301 805 363; baseline 0 -1"><span class='ocrx_word' id='word_1_1' title='bbox 150 301 209 363; x_wconf 72' lang='lat' dir='ltr'><strong>tlt</strong></span> <span class='ocrx_word' id='word_1_2' title='bbox 655 316 746 362; x_wconf 78' lang='lat' dir='ltr'><strong>nrum</strong></span> <span class='ocrx_word' id='word_1_3' title='bbox 770 316 805 362; x_wconf 81' lang='lat' dir='ltr'><strong>vr</strong></span> 
     </span>
    </p>
   </div>
   <div class='ocr_carea' id='block_1_2' title="bbox 0 466 1327 3857">
    <p class='ocr_par' dir='ltr' id='par_1_2' title="bbox 139 466 1327 2096">
     <span class='ocr_line' id='line_1_2' title="bbox 146 466 1327 552; baseline -0.002 -20"><span class='ocrx_word' id='word_1_4' title='bbox 146 478 253 534; x_wconf 87' lang='lat' dir='ltr'><strong>eastra</strong></span> <span class='ocrx_word' id='word_1_5' title='bbox 275 468 453 552; x_wconf 83' lang='lat' dir='ltr'><strong>inperfecta</strong></span> <span class='ocrx_word' id='word_1_6' title='bbox 474 467 682 548; x_wconf 80' lang='lat' dir='ltr'>circumdant,</span> <span class='ocrx_word' id='word_1_7' title='bbox 712 486 804 533; x_wconf 91' lang='lat' dir='ltr'><strong>raros</strong></span> <span class='ocrx_word' id='word_1_8' title='bbox 831 484 890 550; x_wconf 88' lang='lat' dir='ltr'><strong>per</strong></span> <span class='ocrx_word' id='word_1_9' title='bbox 920 466 1041 531; x_wconf 88' lang='lat' dir='ltr'><strong>uallum</strong></span> <span class='ocrx_word' id='word_1_10' title='bbox 1063 474 1327 550; x_wconf 71' lang='lat' dir='ltr'>propugnatores</span> 
     </span>
     <span class='ocr_line' id='line_1_3' title="bbox 147 577 1327 663; baseline -0.004 -20"><span class='ocrx_word' id='word_1_11' title='bbox 147 579 236 644; x_wconf 82' lang='lat' dir='ltr'><strong>saxis</strong></span> <span class='ocrx_word' id='word_1_12' title='bbox 272 578 410 663; x_wconf 89' lang='lat' dir='ltr'><strong>telisque</strong></span> <span class='ocrx_word' id='word_1_13' title='bbox 447 585 592 643; x_wconf 85' lang='lat' dir='ltr'><strong>onerant.</strong></span> <span class='ocrx_word' id='word_1_14' title='bbox 636 597 773 661; x_wconf 91' lang='lat' dir='ltr'><strong>cumque</strong></span> <span class='ocrx_word' id='word_1_15' title='bbox 809 578 875 643; x_wconf 87' lang='lat' dir='ltr'><strong>iarn</strong></span> <span class='ocrx_word' id='word_1_16' title='bbox 907 584 1017 643; x_wconf 88' lang='lat' dir='ltr'><strong>castra</strong></span> <span class='ocrx_word' id='word_1_17' title='bbox 1050 577 1327 660; x_wconf 86' lang='lat' dir='ltr'><strong>inrumperentur¹</strong></span> 
     </span>
     <span class='ocr_line' id='line_1_4' title="bbox 145 686 1327 774; baseline -0.003 -21"><span class='ocrx_word' id='word_1_18' title='bbox 145 690 280 755; x_wconf 87' lang='lat' dir='ltr'><strong>Pacuuii</strong></span> <span class='ocrx_word' id='word_1_19' title='bbox 309 688 520 774; x_wconf 89' lang='lat' dir='ltr'><strong>primipilaris</strong></span> <span class='ocrx_word' id='word_1_20' title='bbox 550 695 581 754; x_wconf 90' lang='lat' dir='ltr'><strong>et</strong></span> <span class='ocrx_word' id='word_1_21' title='bbox 603 690 758 756; x_wconf 85' lang='lat' dir='ltr'><strong>Voluseni</strong></span> <span class='ocrx_word' id='word_1_22' title='bbox 781 688 901 754; x_wconf 93' lang='lat' dir='ltr'><strong>tribuni</strong></span> <span class='ocrx_word' id='word_1_23' title='bbox 929 687 1075 768; x_wconf 86' lang='lat' dir='ltr'><strong>consilio,</strong></span> <span class='ocrx_word' id='word_1_24' title='bbox 1107 686 1234 752; x_wconf 88' lang='lat' dir='ltr'><strong>eunctis</strong></span> <span class='ocrx_word' id='word_1_25' title='bbox 1262 686 1327 750; x_wconf 87' lang='lat' dir='ltr'><strong>Ro-</strong></span> 
     </span>
     <span class='ocr_line' id='line_1_5' title="bbox 145 797 1326 885; baseline -0.004 -21"><span class='ocrx_word' id='word_1_26' title='bbox 145 801 232 865; x_wconf 89' lang='lat' dir='ltr'><strong>rnani</strong></span> <span class='ocrx_word' id='word_1_27' title='bbox 255 799 356 884; x_wconf 89' lang='lat' dir='ltr'><strong>portis</strong></span> <span class='ocrx_word' id='word_1_28' title='bbox 379 806 553 885; x_wconf 89' lang='lat' dir='ltr'><strong>eruperunt</strong></span> <span class='ocrx_word' id='word_1_29' title='bbox 574 800 785 884; x_wconf 81' lang='lat' dir='ltr'><strong>incautosque</strong></span> <span class='ocrx_word' id='word_1_30' title='bbox 806 798 912 865; x_wconf 91' lang='lat' dir='ltr'><strong>subito</strong></span> <span class='ocrx_word' id='word_1_31' title='bbox 940 797 1089 882; x_wconf 77' lang='lat' dir='ltr'>adgressi</span> <span class='ocrx_word' id='word_1_32' title='bbox 1118 797 1233 863; x_wconf 86' lang='lat' dir='ltr'><strong>hostes</strong></span> <span class='ocrx_word' id='word_1_33' title='bbox 1261 797 1326 880; x_wconf 91' lang='lat' dir='ltr'><strong>pri—</strong></span> 
     </span>
     <span class='ocr_line' id='line_1_6' title="bbox 145 907 1323 995; baseline -0.003 -21"><span class='ocrx_word' id='word_1_34' title='bbox 145 932 230 975; x_wconf 89' lang='lat' dir='ltr'><strong>mum</strong></span> <span class='ocrx_word' id='word_1_35' title='bbox 253 909 521 995; x_wconf 89' lang='lat' dir='ltr'><strong>perturbauerunt</strong></span> <span class='ocrx_word' id='word_1_36' title='bbox 550 909 667 976; x_wconf 88' lang='lat' dir='ltr'><strong>deinde</strong></span> <span class='ocrx_word' id='word_1_37' title='bbox 689 911 723 975; x_wconf 93' lang='lat' dir='ltr'><strong>in</strong></span> <span class='ocrx_word' id='word_1_38' title='bbox 745 910 854 993; x_wconf 83' lang='lat' dir='ltr'><strong>lugam</strong></span> <span class='ocrx_word' id='word_1_39' title='bbox 876 927 989 975; x_wconf 83' lang='lat' dir='ltr'><strong>uersos</strong></span> <span class='ocrx_word' id='word_1_40' title='bbox 1011 907 1192 974; x_wconf 76' lang='lat' dir='ltr'><strong>miserabili</strong></span> <span class='ocrx_word' id='word_1_41' title='bbox 1213 915 1323 988; x_wconf 80' lang='lat' dir='ltr'><strong>strage</strong></span> 
     </span>
     <span class='ocr_line' id='line_1_7' title="bbox 144 1018 1320 1104; baseline -0.003 -18"><span class='ocrx_word' id='word_1_42' title='bbox 144 1021 302 1087; x_wconf 84' lang='lat' dir='ltr'><strong>fuderunt.</strong></span> <span class='ocrx_word' id='word_1_43' title='bbox 347 1040 423 1085; x_wconf 89' lang='lat' dir='ltr'><strong>nam</strong></span> <span class='ocrx_word' id='word_1_44' title='bbox 445 1020 585 1104; x_wconf 87' lang='lat' dir='ltr'><strong>amplius</strong></span> <span class='ocrx_word' id='word_1_45' title='bbox 607 1020 741 1104; x_wconf 88' lang='lat' dir='ltr'><strong>triginta</strong></span> <span class='ocrx_word' id='word_1_46' title='bbox 762 1020 853 1085; x_wconf 89' lang='lat' dir='ltr'><strong>milia</strong></span> <span class='ocrx_word' id='word_1_47' title='bbox 874 1018 1086 1084; x_wconf 87' lang='lat' dir='ltr'><strong>barbarorum</strong></span> <span class='ocrx_word' id='word_1_48' title='bbox 1119 1025 1196 1082; x_wconf 92' lang='lat' dir='ltr'><strong>tunc</strong></span> <span class='ocrx_word' id='word_1_49' title='bbox 1225 1035 1320 1082; x_wconf 85' lang='lat' dir='ltr'><strong>caesa</strong></span> 
     </span>
     <span class='ocr_line' id='line_1_8' title="bbox 144 1125 1316 1215; baseline -0.005 -19"><span class='ocrx_word' id='word_1_50' title='bbox 144 1133 332 1196; x_wconf 80' lang='lat' dir='ltr'><strong>reseruntur.</strong></span> <span class='ocrx_word' id='word_1_51' title='bbox 376 1130 475 1213; x_wconf 90' lang='lat' dir='ltr'><strong>igitur</strong></span> <span class='ocrx_word' id='word_1_52' title='bbox 496 1129 619 1196; x_wconf 84' lang='lat' dir='ltr'><strong>Caesar</strong></span> <span class='ocrx_word' id='word_1_53' title='bbox 646 1150 716 1196; x_wconf 91' lang='lat' dir='ltr'><strong>curn</strong></span> <span class='ocrx_word' id='word_1_54' title='bbox 745 1131 812 1195; x_wconf 86' lang='lat' dir='ltr'><strong>iam</strong></span> <span class='ocrx_word' id='word_1_55' title='bbox 841 1136 976 1215; x_wconf 86' lang='lat' dir='ltr'><strong>pacatas</strong></span> <span class='ocrx_word' id='word_1_56' title='bbox 1004 1128 1178 1194; x_wconf 88' lang='lat' dir='ltr'><strong>uniuersas</strong></span> <span class='ocrx_word' id='word_1_57' title='bbox 1201 1125 1316 1191; x_wconf 85' lang='lat' dir='ltr'><strong>Gallia·</strong></span> 
     </span>
     <span class='ocr_line' id='line_1_9' title="bbox 144 1237 1314 1324; baseline -0.004 -18"><span class='ocrx_word' id='word_1_58' title='bbox 144 1262 213 1307; x_wconf 90' lang='lat' dir='ltr'><strong>rum</strong></span> <span class='ocrx_word' id='word_1_59' title='bbox 236 1250 350 1323; x_wconf 89' lang='lat' dir='ltr'><strong>gentes</strong></span> <span class='ocrx_word' id='word_1_60' title='bbox 372 1248 514 1324; x_wconf 87' lang='lat' dir='ltr'><strong>putaret,</strong></span> <span class='ocrx_word' id='word_1_61' title='bbox 544 1240 587 1304; x_wconf 85' lang='lat' dir='ltr'><strong>ad</strong></span> <span class='ocrx_word' id='word_1_62' title='bbox 618 1261 736 1306; x_wconf 92' lang='lat' dir='ltr'><strong>nouum</strong></span> <span class='ocrx_word' id='word_1_63' title='bbox 764 1248 796 1306; x_wconf 92' lang='lat' dir='ltr'><strong>et</strong></span> <span class='ocrx_word' id='word_1_64' title='bbox 823 1239 998 1304; x_wconf 81' lang='lat' dir='ltr'><strong>maximnm</strong></span> <span class='ocrx_word' id='word_1_65' title='bbox 1021 1237 1142 1303; x_wconf 90' lang='lat' dir='ltr'><strong>bellum</strong></span> <span class='ocrx_word' id='word_1_66' title='bbox 1165 1244 1314 1302; x_wconf 84' lang='lat' dir='ltr'><strong>retractus</strong></span> 
     </span>
     <span class='ocr_line' id='line_1_10' title="bbox 143 1346 1314 1435; baseline -0.008 -16"><span class='ocrx_word' id='word_1_67' title='bbox 143 1358 203 1419; x_wconf 88' lang='lat' dir='ltr'><strong>est.</strong></span> <span class='ocrx_word' id='word_1_68' title='bbox 248 1369 388 1435; x_wconf 86' lang='lat' dir='ltr'><strong>namque</strong></span> <span class='ocrx_word' id='word_1_69' title='bbox 420 1370 491 1414; x_wconf 87' lang='lat' dir='ltr'><strong>curn</strong></span> <span class='ocrx_word' id='word_1_70' title='bbox 523 1350 657 1416; x_wconf 82' lang='lat' dir='ltr'><strong>Publius</strong></span> <span class='ocrx_word' id='word_1_71' title='bbox 691 1351 829 1418; x_wconf 79' lang='lat' dir='ltr'><strong>Crassus</strong></span> <span class='ocrx_word' id='word_1_72' title='bbox 861 1350 1053 1416; x_wconf 71' lang='lat' dir='ltr'><strong>adulescens</strong></span> <span class='ocrx_word' id='word_1_73' title='bbox 1085 1366 1160 1412; x_wconf 90' lang='lat' dir='ltr'><strong>cum</strong></span> <span class='ocrx_word' id='word_1_74' title='bbox 1190 1346 1314 1430; x_wconf 82' lang='lat' dir='ltr'><strong>legione</strong></span> 
     </span>
     <span class='ocr_line' id='line_1_11' title="bbox 144 1457 1327 1547; baseline -0.006 -19"><span class='ocrx_word' id='word_1_75' title='bbox 144 1461 283 1547; x_wconf 88' lang='lat' dir='ltr'><strong>septima</strong></span> <span class='ocrx_word' id='word_1_76' title='bbox 304 1461 434 1527; x_wconf 80' lang='lat' dir='ltr'><strong>Oceano</strong></span> <span class='ocrx_word' id='word_1_77' title='bbox 457 1471 550 1527; x_wconf 83' lang='lat' dir='ltr'><strong>teum</strong></span> <span class='ocrx_word' id='word_1_78' title='bbox 572 1461 660 1544; x_wconf 89' lang='lat' dir='ltr'><strong>apud</strong></span> <span class='ocrx_word' id='word_1_79' title='bbox 682 1461 879 1545; x_wconf 84' lang='lat' dir='ltr'><strong>Andegauos</strong></span> <span class='ocrx_word' id='word_1_80' title='bbox 901 1459 1069 1541; x_wconf 83' lang='lat' dir='ltr'><strong>hiemaret,</strong></span> <span class='ocrx_word' id='word_1_81' title='bbox 1099 1457 1216 1522; x_wconf 80' lang='lat' dir='ltr'><strong>Veneti</strong></span> <span class='ocrx_word' id='word_1_82' title='bbox 1238 1464 1327 1522; x_wconf 72' lang='lat' dir='ltr'><strong>cete</strong></span> 
     </span>
     <span class='ocr_line' id='line_1_12' title="bbox 143 1569 1312 1657; baseline -0.005 -20"><span class='ocrx_word' id='word_1_83' title='bbox 143 1573 235 1657; x_wconf 88' lang='lat' dir='ltr'><strong>rique</strong></span> <span class='ocrx_word' id='word_1_84' title='bbox 257 1572 399 1638; x_wconf 87' lang='lat' dir='ltr'><strong>confines</strong></span> <span class='ocrx_word' id='word_1_85' title='bbox 422 1578 554 1655; x_wconf 81' lang='lat' dir='ltr'><strong>repento</strong></span> <span class='ocrx_word' id='word_1_86' title='bbox 576 1572 610 1636; x_wconf 96' lang='lat' dir='ltr'><strong>in</strong></span> <span class='ocrx_word' id='word_1_87' title='bbox 633 1592 724 1636; x_wconf 90' lang='lat' dir='ltr'><strong>arma</strong></span> <span class='ocrx_word' id='word_1_88' title='bbox 745 1571 923 1652; x_wconf 88' lang='lat' dir='ltr'><strong>coniurant,</strong></span> <span class='ocrx_word' id='word_1_89' title='bbox 953 1570 1077 1653; x_wconf 90' lang='lat' dir='ltr'><strong>legatos</strong></span> <span class='ocrx_word' id='word_1_90' title='bbox 1098 1569 1312 1633; x_wconf 86' lang='lat' dir='ltr'><strong>Romanorum</strong></span> 
     </span>
     <span class='ocr_line' id='line_1_13' title="bbox 142 1677 1313 1765; baseline -0.005 -17"><span class='ocrx_word' id='word_1_91' title='bbox 142 1683 296 1764; x_wconf 84' lang='lat' dir='ltr'><strong>uineiunt,</strong></span> <span class='ocrx_word' id='word_1_92' title='bbox 319 1701 438 1765; x_wconf 89' lang='lat' dir='ltr'><strong>eosque</strong></span> <span class='ocrx_word' id='word_1_93' title='bbox 460 1682 506 1746; x_wconf 89' lang='lat' dir='ltr'><strong>ita</strong></span> <span class='ocrx_word' id='word_1_94' title='bbox 527 1680 656 1746; x_wconf 87' lang='lat' dir='ltr'><strong>demum</strong></span> <span class='ocrx_word' id='word_1_95' title='bbox 679 1702 715 1748; x_wconf 93' lang='lat' dir='ltr'><strong>se</strong></span> <span class='ocrx_word' id='word_1_96' title='bbox 738 1680 931 1757; x_wconf 85' lang='lat' dir='ltr'><strong>reddituros,</strong></span> <span class='ocrx_word' id='word_1_97' title='bbox 961 1681 989 1746; x_wconf 91' lang='lat' dir='ltr'><strong>si</strong></span> <span class='ocrx_word' id='word_1_98' title='bbox 1011 1677 1144 1745; x_wconf 88' lang='lat' dir='ltr'><strong>obsides</strong></span> <span class='ocrx_word' id='word_1_99' title='bbox 1172 1697 1250 1744; x_wconf 91' lang='lat' dir='ltr'><strong>suos</strong></span> <span class='ocrx_word' id='word_1_100' title='bbox 1272 1696 1313 1742; x_wconf 85' lang='lat' dir='ltr'><strong>re</strong></span> 
     </span>
     <span class='ocr_line' id='line_1_14' title="bbox 140 1787 1314 1876; baseline -0.003 -20"><span class='ocrx_word' id='word_1_101' title='bbox 140 1793 271 1876; x_wconf 84' lang='lat' dir='ltr'><strong>cipiant,</strong></span> <span class='ocrx_word' id='word_1_102' title='bbox 293 1793 448 1858; x_wconf 87' lang='lat' dir='ltr'><strong>Romanis</strong></span> <span class='ocrx_word' id='word_1_103' title='bbox 477 1790 630 1856; x_wconf 86' lang='lat' dir='ltr'><strong>indie-ont.</strong></span> <span class='ocrx_word' id='word_1_104' title='bbox 674 1791 779 1858; x_wconf 89' lang='lat' dir='ltr'><strong>socios</strong></span> <span class='ocrx_word' id='word_1_105' title='bbox 807 1791 870 1858; x_wconf 89' lang='lat' dir='ltr'><strong>sibi</strong></span> <span class='ocrx_word' id='word_1_106' title='bbox 899 1790 998 1855; x_wconf 87' lang='lat' dir='ltr'><strong>adid</strong></span> <span class='ocrx_word' id='word_1_107' title='bbox 1026 1789 1146 1854; x_wconf 89' lang='lat' dir='ltr'><strong>bellurn</strong></span> <span class='ocrx_word' id='word_1_108' title='bbox 1170 1787 1314 1853; x_wconf 88' lang='lat' dir='ltr'><strong>Osismos</strong></span> 
     </span>
     <span class='ocr_line' id='line_1_15' title="bbox 140 1897 1312 1968; baseline -0.004 -1"><span class='ocrx_word' id='word_1_109' title='bbox 140 1902 300 1967; x_wconf 83' lang='lat' dir='ltr'><strong>Lexouios</strong></span> <span class='ocrx_word' id='word_1_110' title='bbox 330 1902 506 1968; x_wconf 89' lang='lat' dir='ltr'><strong>Namnetes</strong></span> <span class='ocrx_word' id='word_1_111' title='bbox 534 1901 753 1967; x_wconf 83' lang='lat' dir='ltr'><strong>Ambibaritos</strong></span> <span class='ocrx_word' id='word_1_112' title='bbox 781 1902 923 1967; x_wconf 89' lang='lat' dir='ltr'><strong>Morinos</strong></span> <span class='ocrx_word' id='word_1_113' title='bbox 945 1900 1130 1965; x_wconf 84' lang='lat' dir='ltr'><strong>Diablintes</strong></span> <span class='ocrx_word' id='word_1_114' title='bbox 1152 1907 1185 1963; x_wconf 92' lang='lat' dir='ltr'><strong>et</strong></span> <span class='ocrx_word' id='word_1_115' title='bbox 1206 1897 1312 1963; x_wconf 87' lang='lat' dir='ltr'><strong>Mena·</strong></span> 
     </span>
     <span class='ocr_line' id='line_1_16' title="bbox 139 2010 1160 2096; baseline -0.001 -22"><span class='ocrx_word' id='word_1_116' title='bbox 139 2031 200 2096; x_wconf 88' lang='lat' dir='ltr'><strong>pos</strong></span> <span class='ocrx_word' id='word_1_117' title='bbox 222 2010 415 2087; x_wconf 77' lang='lat' dir='ltr'><strong>adsciscunt,</strong></span> <span class='ocrx_word' id='word_1_118' title='bbox 439 2012 562 2076; x_wconf 82' lang='lat' dir='ltr'><strong>aurilia</strong></span> <span class='ocrx_word' id='word_1_119' title='bbox 584 2032 711 2096; x_wconf 89' lang='lat' dir='ltr'><strong>quoque</strong></span> <span class='ocrx_word' id='word_1_120' title='bbox 734 2032 755 2076; x_wconf 86' lang='lat' dir='ltr'><strong>a</strong></span> <span class='ocrx_word' id='word_1_121' title='bbox 776 2010 959 2076; x_wconf 87' lang='lat' dir='ltr'><strong>Brittannia</strong></span> <span class='ocrx_word' id='word_1_122' title='bbox 981 2015 1160 2075; x_wconf 89' lang='lat' dir='ltr'><strong>arcessunt.</strong></span> 
     </span>
    </p>

    <p class='ocr_par' dir='ltr' id='par_1_3' title="bbox 0 2110 1316 3857">
     <span class='ocr_line' id='line_1_17' title="bbox 0 2110 1316 2205; baseline -0.003 -20"><span class='ocrx_word' id='word_1_123' title='bbox 0 2116 11 2169; x_wconf 69' lang='grc' dir='ltr'><strong>’ἕ</strong></span> <span class='ocrx_word' id='word_1_124' title='bbox 25 2110 118 2176; x_wconf 85' lang='lat' dir='ltr'><strong>VIIll</strong></span> <span class='ocrx_word' id='word_1_125' title='bbox 226 2120 348 2185; x_wconf 88' lang='lat' dir='ltr'><strong>Caesar</strong></span> <span class='ocrx_word' id='word_1_126' title='bbox 363 2140 420 2205; x_wconf 91' lang='lat' dir='ltr'><strong>per</strong></span> <span class='ocrx_word' id='word_1_127' title='bbox 433 2120 585 2187; x_wconf 74' lang='lat' dir='ltr'><strong>Crarssrrm</strong></span> <span class='ocrx_word' id='word_1_128' title='bbox 602 2122 643 2187; x_wconf 89' lang='lat' dir='ltr'><strong>de</strong></span> <span class='ocrx_word' id='word_1_129' title='bbox 657 2122 834 2188; x_wconf 89' lang='lat' dir='ltr'><strong>rebellione</strong></span> <span class='ocrx_word' id='word_1_130' title='bbox 850 2120 1076 2187; x_wconf 86' lang='lat' dir='ltr'><strong>dediticiorum</strong></span> <span class='ocrx_word' id='word_1_131' title='bbox 1090 2118 1238 2202; x_wconf 88' lang='lat' dir='ltr'><strong>gentium</strong></span> <span class='ocrx_word' id='word_1_132' title='bbox 1252 2136 1316 2182; x_wconf 88' lang='lat' dir='ltr'><strong>cer·</strong></span> 
     </span>
     <span class='ocr_line' id='line_1_18' title="bbox 136 2228 1315 2317; baseline -0.002 -23"><span class='ocrx_word' id='word_1_133' title='bbox 136 2231 200 2295; x_wconf 90' lang='lat' dir='ltr'><strong>tior</strong></span> <span class='ocrx_word' id='word_1_134' title='bbox 221 2230 325 2296; x_wconf 85' lang='lat' dir='ltr'><strong>factus</strong></span> <span class='ocrx_word' id='word_1_135' title='bbox 347 2231 496 2313; x_wconf 87' lang='lat' dir='ltr'><strong>quamuis</strong></span> <span class='ocrx_word' id='word_1_136' title='bbox 518 2231 718 2315; x_wconf 85' lang='lat' dir='ltr'><strong>intellegeret</strong></span> <span class='ocrx_word' id='word_1_137' title='bbox 738 2240 860 2317; x_wconf 84' lang='lat' dir='ltr'><strong>quanta</strong></span> <span class='ocrx_word' id='word_1_138' title='bbox 879 2229 1013 2296; x_wconf 92' lang='lat' dir='ltr'><strong>ineundi</strong></span> <span class='ocrx_word' id='word_1_139' title='bbox 1044 2230 1120 2295; x_wconf 91' lang='lat' dir='ltr'><strong>belli</strong></span> <span class='ocrx_word' id='word_1_140' title='bbox 1140 2228 1315 2293; x_wconf 79' lang='lat' dir='ltr'><strong>difficultas</strong></span> 
     </span>
     <span class='ocr_line' id='line_1_19' title="bbox 137 2341 1316 2426; baseline -0.003 -20"><span class='ocrx_word' id='word_1_141' title='bbox 137 2347 233 2422; x_wconf 87' lang='lat' dir='ltr'><strong>esset,</strong></span> <span class='ocrx_word' id='word_1_142' title='bbox 249 2347 357 2406; x_wconf 83' lang='lat' dir='ltr'><strong>tamen</strong></span> <span class='ocrx_word' id='word_1_143' title='bbox 372 2361 440 2406; x_wconf 89' lang='lat' dir='ltr'><strong>rem</strong></span> <span class='ocrx_word' id='word_1_144' title='bbox 455 2341 536 2406; x_wconf 87' lang='lat' dir='ltr'><strong>tanti</strong></span> <span class='ocrx_word' id='word_1_145' title='bbox 553 2342 672 2424; x_wconf 89' lang='lat' dir='ltr'><strong>negotii</strong></span> <span class='ocrx_word' id='word_1_146' title='bbox 689 2364 753 2408; x_wconf 91' lang='lat' dir='ltr'><strong>non</strong></span> <span class='ocrx_word' id='word_1_147' title='bbox 768 2341 1004 2426; x_wconf 89' lang='lat' dir='ltr'><strong>neglegendam</strong></span> <span class='ocrx_word' id='word_1_148' title='bbox 1020 2347 1185 2421; x_wconf 75' lang='lat' dir='ltr'><strong>natusest,</strong></span> <span class='ocrx_word' id='word_1_149' title='bbox 1209 2357 1254 2403; x_wconf 90' lang='lat' dir='ltr'><strong>ne</strong></span> <span class='ocrx_word' id='word_1_150' title='bbox 1267 2356 1316 2403; x_wconf 91' lang='lat' dir='ltr'><strong>ce·</strong></span> 
     </span>
     <span class='ocr_line' id='line_1_20' title="bbox 136 2448 1315 2536; baseline -0.003 -19"><span class='ocrx_word' id='word_1_151' title='bbox 136 2452 196 2517; x_wconf 89' lang='lat' dir='ltr'><strong>teri</strong></span> <span class='ocrx_word' id='word_1_152' title='bbox 212 2453 359 2536; x_wconf 82' lang='lat' dir='ltr'><strong>exemplo</strong></span> <span class='ocrx_word' id='word_1_153' title='bbox 372 2452 441 2518; x_wconf 88' lang='lat' dir='ltr'><strong>eius</strong></span> <span class='ocrx_word' id='word_1_154' title='bbox 454 2451 539 2516; x_wconf 87' lang='lat' dir='ltr'><strong>modi</strong></span> <span class='ocrx_word' id='word_1_155' title='bbox 552 2451 691 2516; x_wconf 92' lang='lat' dir='ltr'><strong>audendi</strong></span> <span class='ocrx_word' id='word_1_156' title='bbox 701 2452 833 2517; x_wconf 90' lang='lat' dir='ltr'><strong>lieentia</strong></span> <span class='ocrx_word' id='word_1_157' title='bbox 843 2453 1037 2517; x_wconf 84' lang='lat' dir='ltr'><strong>laxarentur.</strong></span> <span class='ocrx_word' id='word_1_158' title='bbox 1048 2451 1159 2532; x_wconf 87' lang='lat' dir='ltr'><strong>itaque</strong></span> <span class='ocrx_word' id='word_1_159' title='bbox 1169 2448 1315 2516; x_wconf 87' lang='lat' dir='ltr'><strong>terrestri</strong></span> 
     </span>
     <span class='ocr_line' id='line_1_21' title="bbox 138 2560 1316 2647; baseline -0.003 -21"><span class='ocrx_word' id='word_1_160' title='bbox 138 2563 260 2647; x_wconf 92' lang='lat' dir='ltr'><strong>proelio</strong></span> <span class='ocrx_word' id='word_1_161' title='bbox 275 2562 426 2647; x_wconf 87' lang='lat' dir='ltr'><strong>persequi</strong></span> <span class='ocrx_word' id='word_1_162' title='bbox 439 2562 550 2628; x_wconf 89' lang='lat' dir='ltr'><strong>hostes</strong></span> <span class='ocrx_word' id='word_1_163' title='bbox 561 2563 677 2627; x_wconf 84' lang='lat' dir='ltr'><strong>frustra</strong></span> <span class='ocrx_word' id='word_1_164' title='bbox 689 2562 1040 2646; x_wconf 87' lang='lat' dir='ltr'><strong>aggressus-quippe</strong></span> <span class='ocrx_word' id='word_1_165' title='bbox 1051 2580 1122 2625; x_wconf 90' lang='lat' dir='ltr'><strong>cum</strong></span> <span class='ocrx_word' id='word_1_166' title='bbox 1135 2560 1249 2626; x_wconf 85' lang='lat' dir='ltr'><strong>hostes</strong></span> <span class='ocrx_word' id='word_1_167' title='bbox 1258 2578 1316 2644; x_wconf 88' lang='lat' dir='ltr'><strong>per</strong></span> 
     </span>
     <span class='ocr_line' id='line_1_22' title="bbox 139 2669 1316 2756; baseline 0.001 -21"><span class='ocrx_word' id='word_1_168' title='bbox 139 2673 296 2737; x_wconf 86' lang='lat' dir='ltr'><strong>interfusa</strong></span> <span class='ocrx_word' id='word_1_169' title='bbox 318 2691 359 2736; x_wconf 80' lang='lat' dir='ltr'><strong>ex</strong></span> <span class='ocrx_word' id='word_1_170' title='bbox 381 2672 510 2738; x_wconf 86' lang='lat' dir='ltr'><strong>Oceano</strong></span> <span class='ocrx_word' id='word_1_171' title='bbox 534 2673 698 2738; x_wconf 87' lang='lat' dir='ltr'><strong>aestuaria</strong></span> <span class='ocrx_word' id='word_1_172' title='bbox 719 2680 816 2756; x_wconf 85' lang='lat' dir='ltr'><strong>atque</strong></span> <span class='ocrx_word' id='word_1_173' title='bbox 845 2674 1029 2738; x_wconf 86' lang='lat' dir='ltr'><strong>inaccessos</strong></span> <span class='ocrx_word' id='word_1_174' title='bbox 1058 2690 1208 2737; x_wconf 88' lang='lat' dir='ltr'><strong>recessus</strong></span> <span class='ocrx_word' id='word_1_175' title='bbox 1237 2669 1316 2736; x_wconf 85' lang='lat' dir='ltr'><strong>tutis</strong></span> 
     </span>
     <span class='ocr_line' id='line_1_23' title="bbox 136 2779 1316 2867; baseline -0.003 -21"><span class='ocrx_word' id='word_1_176' title='bbox 136 2790 293 2846; x_wconf 89' lang='lat' dir='ltr'><strong>terrarum</strong></span> <span class='ocrx_word' id='word_1_177' title='bbox 316 2780 435 2846; x_wconf 87' lang='lat' dir='ltr'><strong>finibus</strong></span> <span class='ocrx_word' id='word_1_178' title='bbox 458 2783 658 2847; x_wconf 89' lang='lat' dir='ltr'><strong>munirentur</strong></span> <span class='ocrx_word' id='word_1_179' title='bbox 679 2818 721 2827; x_wconf 95' lang='lat'><strong>—</strong></span> <span class='ocrx_word' id='word_1_180' title='bbox 743 2803 846 2848; x_wconf 89' lang='lat' dir='ltr'><strong>naues</strong></span> <span class='ocrx_word' id='word_1_181' title='bbox 874 2784 990 2867; x_wconf 84' lang='lat' dir='ltr'><strong>longas</strong></span> <span class='ocrx_word' id='word_1_182' title='bbox 1017 2781 1184 2846; x_wconf 87' lang='lat' dir='ltr'><strong>aedificari</strong></span> <span class='ocrx_word' id='word_1_183' title='bbox 1207 2781 1243 2846; x_wconf 93' lang='lat' dir='ltr'><strong>in</strong></span> <span class='ocrx_word' id='word_1_184' title='bbox 1263 2779 1316 2845; x_wconf 90' lang='lat' dir='ltr'><strong>Li-</strong></span> 
     </span>
     <span class='ocr_line' id='line_1_24' title="bbox 137 2890 1316 2975; baseline -0.001 -20"><span class='ocrx_word' id='word_1_185' title='bbox 137 2891 207 2975; x_wconf 92' lang='lat' dir='ltr'><strong>geri</strong></span> <span class='ocrx_word' id='word_1_186' title='bbox 239 2890 337 2955; x_wconf 91' lang='lat' dir='ltr'><strong>fluuio</strong></span> <span class='ocrx_word' id='word_1_187' title='bbox 370 2890 469 2957; x_wconf 90' lang='lat' dir='ltr'><strong>iubet.</strong></span> <span class='ocrx_word' id='word_1_188' title='bbox 519 2910 576 2975; x_wconf 92' lang='lat' dir='ltr'><strong>per</strong></span> <span class='ocrx_word' id='word_1_189' title='bbox 607 2912 700 2975; x_wconf 89' lang='lat' dir='ltr'><strong>quem</strong></span> <span class='ocrx_word' id='word_1_190' title='bbox 734 2893 768 2956; x_wconf 95' lang='lat' dir='ltr'><strong>in</strong></span> <span class='ocrx_word' id='word_1_191' title='bbox 797 2892 961 2959; x_wconf 86' lang='lat' dir='ltr'><strong>Oceanum</strong></span> <span class='ocrx_word' id='word_1_192' title='bbox 990 2891 1147 2957; x_wconf 87' lang='lat' dir='ltr'><strong>deductae</strong></span> <span class='ocrx_word' id='word_1_193' title='bbox 1177 2911 1254 2956; x_wconf 83' lang='lat' dir='ltr'><strong>mox</strong></span> <span class='ocrx_word' id='word_1_194' title='bbox 1280 2897 1316 2954; x_wconf 90' lang='lat' dir='ltr'><strong>ut</strong></span> 
     </span>
     <span class='ocr_line' id='line_1_25' title="bbox 138 3000 1314 3085; baseline -0.002 -20"><span class='ocrx_word' id='word_1_195' title='bbox 138 3000 284 3068; x_wconf 86' lang='lat' dir='ltr'><strong>hostibus</strong></span> <span class='ocrx_word' id='word_1_196' title='bbox 312 3002 405 3067; x_wconf 85' lang='lat' dir='ltr'><strong>uisae</strong></span> <span class='ocrx_word' id='word_1_197' title='bbox 434 3010 521 3084; x_wconf 87' lang='lat' dir='ltr'><strong>sunt,</strong></span> <span class='ocrx_word' id='word_1_198' title='bbox 557 3001 706 3067; x_wconf 89' lang='lat' dir='ltr'><strong>continuo</strong></span> <span class='ocrx_word' id='word_1_199' title='bbox 740 3002 898 3068; x_wconf 89' lang='lat' dir='ltr'><strong>ducentae</strong></span> <span class='ocrx_word' id='word_1_200' title='bbox 933 3002 1048 3085; x_wconf 88' lang='lat' dir='ltr'><strong>uiginti</strong></span> <span class='ocrx_word' id='word_1_201' title='bbox 1075 3020 1179 3067; x_wconf 88' lang='lat' dir='ltr'><strong>naues</strong></span> <span class='ocrx_word' id='word_1_202' title='bbox 1201 3020 1314 3066; x_wconf 91' lang='lat' dir='ltr'><strong>eorum</strong></span> 
     </span>
     <span class='ocr_line' id='line_1_26' title="bbox 139 3112 1315 3195; baseline -0.003 -20"><span class='ocrx_word' id='word_1_203' title='bbox 139 3120 274 3194; x_wconf 85' lang='lat' dir='ltr'><strong>paratae</strong></span> <span class='ocrx_word' id='word_1_204' title='bbox 296 3118 393 3193; x_wconf 87' lang='lat' dir='ltr'><strong>atque</strong></span> <span class='ocrx_word' id='word_1_205' title='bbox 415 3113 501 3177; x_wconf 90' lang='lat' dir='ltr'><strong>omni</strong></span> <span class='ocrx_word' id='word_1_206' title='bbox 524 3131 644 3195; x_wconf 91' lang='lat' dir='ltr'><strong>genere</strong></span> <span class='ocrx_word' id='word_1_207' title='bbox 659 3132 820 3177; x_wconf 87' lang='lat' dir='ltr'><strong>armorum</strong></span> <span class='ocrx_word' id='word_1_208' title='bbox 835 3112 1104 3179; x_wconf 86' lang='lat' dir='ltr'><strong>instructissimae</strong></span> <span class='ocrx_word' id='word_1_209' title='bbox 1117 3128 1315 3195; x_wconf 81' lang='lat' dir='ltr'><strong>progressae</strong></span> 
     </span>
     <span class='ocr_line' id='line_1_27' title="bbox 137 3219 1313 3307; baseline 0.002 -25"><span class='ocrx_word' id='word_1_210' title='bbox 137 3227 231 3303; x_wconf 92' lang='lat' dir='ltr'><strong>portu</strong></span> <span class='ocrx_word' id='word_1_211' title='bbox 259 3239 300 3283; x_wconf 84' lang='lat' dir='ltr'><strong>ex</strong></span> <span class='ocrx_word' id='word_1_212' title='bbox 327 3219 466 3286; x_wconf 88' lang='lat' dir='ltr'><strong>aduerso</strong></span> <span class='ocrx_word' id='word_1_213' title='bbox 494 3223 688 3288; x_wconf 88' lang='lat' dir='ltr'><strong>restiterunt.</strong></span> <span class='ocrx_word' id='word_1_214' title='bbox 739 3223 837 3287; x_wconf 89' lang='lat' dir='ltr'><strong>Bruto</strong></span> <span class='ocrx_word' id='word_1_215' title='bbox 866 3222 1136 3307; x_wconf 86' lang='lat' dir='ltr'><strong>circumspicienti</strong></span> <span class='ocrx_word' id='word_1_216' title='bbox 1165 3221 1313 3305; x_wconf 87' lang='lat' dir='ltr'><strong>inparem</strong></span> 
     </span>
     <span class='ocr_line' id='line_1_28' title="bbox 136 3328 1313 3416; baseline 0.003 -25"><span class='ocrx_word' id='word_1_217' title='bbox 136 3329 233 3411; x_wconf 92' lang='lat' dir='ltr'><strong>longe</strong></span> <span class='ocrx_word' id='word_1_218' title='bbox 255 3328 386 3393; x_wconf 90' lang='lat' dir='ltr'><strong>nauium</strong></span> <span class='ocrx_word' id='word_1_219' title='bbox 408 3350 481 3396; x_wconf 88' lang='lat' dir='ltr'><strong>esse</strong></span> <span class='ocrx_word' id='word_1_220' title='bbox 512 3333 701 3413; x_wconf 84' lang='lat' dir='ltr'><strong>conflictum,</strong></span> <span class='ocrx_word' id='word_1_221' title='bbox 731 3334 808 3416; x_wconf 89' lang='lat' dir='ltr'><strong>quia</strong></span> <span class='ocrx_word' id='word_1_222' title='bbox 835 3334 1045 3397; x_wconf 89' lang='lat' dir='ltr'><strong>barbarorum</strong></span> <span class='ocrx_word' id='word_1_223' title='bbox 1075 3351 1179 3397; x_wconf 90' lang='lat' dir='ltr'><strong>naues</strong></span> <span class='ocrx_word' id='word_1_224' title='bbox 1207 3328 1313 3397; x_wconf 89' lang='lat' dir='ltr'><strong>solido</strong></span> 
     </span>
     <span class='ocr_line' id='line_1_29' title="bbox 137 3438 1312 3526; baseline 0.002 -24"><span class='ocrx_word' id='word_1_225' title='bbox 137 3438 251 3503; x_wconf 89' lang='lat' dir='ltr'><strong>robore</strong></span> <span class='ocrx_word' id='word_1_226' title='bbox 284 3439 427 3505; x_wconf 82' lang='lat' dir='ltr'><strong>intextae</strong></span> <span class='ocrx_word' id='word_1_227' title='bbox 459 3443 671 3526; x_wconf 85' lang='lat' dir='ltr'><strong>cauernisque</strong></span> <span class='ocrx_word' id='word_1_228' title='bbox 707 3443 907 3526; x_wconf 84' lang='lat' dir='ltr'><strong>praeualidis</strong></span> <span class='ocrx_word' id='word_1_229' title='bbox 944 3443 1122 3507; x_wconf 86' lang='lat' dir='ltr'><strong>obduratae</strong></span> <span class='ocrx_word' id='word_1_230' title='bbox 1159 3460 1312 3507; x_wconf 84' lang='lat' dir='ltr'><strong>saxorum</strong></span> 
     </span>
     <span class='ocr_line' id='line_1_30' title="bbox 135 3547 1313 3635; baseline 0.001 -22"><span class='ocrx_word' id='word_1_231' title='bbox 135 3547 230 3613; x_wconf 91' lang='lat' dir='ltr'><strong>modo</strong></span> <span class='ocrx_word' id='word_1_232' title='bbox 252 3548 385 3616; x_wconf 86' lang='lat' dir='ltr'><strong>adactos</strong></span> <span class='ocrx_word' id='word_1_233' title='bbox 406 3558 580 3615; x_wconf 89' lang='lat' dir='ltr'><strong>rostrorum</strong></span> <span class='ocrx_word' id='word_1_234' title='bbox 602 3552 683 3618; x_wconf 89' lang='lat' dir='ltr'><strong>ictus</strong></span> <span class='ocrx_word' id='word_1_235' title='bbox 705 3552 929 3633; x_wconf 86' lang='lat' dir='ltr'><strong>retundebant,</strong></span> <span class='ocrx_word' id='word_1_236' title='bbox 952 3552 1013 3616; x_wconf 89' lang='lat' dir='ltr'><strong>hoc</strong></span> <span class='ocrx_word' id='word_1_237' title='bbox 1035 3553 1174 3635; x_wconf 90' lang='lat' dir='ltr'><strong>primurn</strong></span> <span class='ocrx_word' id='word_1_238' title='bbox 1189 3549 1313 3616; x_wconf 85' lang='lat' dir='ltr'><strong>auxilio</strong></span> 
     </span>
     <span class='ocr_line' id='line_1_31' title="bbox 135 3659 1312 3746; baseline 0.003 -23"><span class='ocrx_word' id='word_1_239' title='bbox 135 3659 193 3724; x_wconf 88' lang='lat' dir='ltr'><strong>luit</strong></span> <span class='ocrx_word' id='word_1_240' title='bbox 215 3660 299 3743; x_wconf 89' lang='lat' dir='ltr'><strong>quod</strong></span> <span class='ocrx_word' id='word_1_241' title='bbox 323 3661 421 3727; x_wconf 85' lang='lat' dir='ltr'><strong>falces</strong></span> <span class='ocrx_word' id='word_1_242' title='bbox 443 3661 646 3728; x_wconf 89' lang='lat' dir='ltr'><strong>acutissimas</strong></span> <span class='ocrx_word' id='word_1_243' title='bbox 675 3682 740 3726; x_wconf 94' lang='lat' dir='ltr'><strong>non</strong></span> <span class='ocrx_word' id='word_1_244' title='bbox 768 3662 975 3746; x_wconf 86' lang='lat' dir='ltr'><strong>pertinaciter</strong></span> <span class='ocrx_word' id='word_1_245' title='bbox 1004 3661 1108 3727; x_wconf 90' lang='lat' dir='ltr'><strong>contis</strong></span> <span class='ocrx_word' id='word_1_246' title='bbox 1136 3661 1312 3744; x_wconf 82' lang='lat' dir='ltr'><strong>praefixae,</strong></span> 
     </span>
     <span class='ocr_line' id='line_1_32' title="bbox 133 3769 1314 3857; baseline 0.001 -23"><span class='ocrx_word' id='word_1_247' title='bbox 133 3769 264 3835; x_wconf 90' lang='lat' dir='ltr'><strong>funibus</strong></span> <span class='ocrx_word' id='word_1_248' title='bbox 292 3778 404 3836; x_wconf 90' lang='lat' dir='ltr'><strong>autem</strong></span> <span class='ocrx_word' id='word_1_249' title='bbox 434 3771 598 3837; x_wconf 78' lang='lat' dir='ltr'><strong>subnexas</strong></span> <span class='ocrx_word' id='word_1_250' title='bbox 627 3780 816 3857; x_wconf 86' lang='lat' dir='ltr'><strong>parauerat,</strong></span> <span class='ocrx_word' id='word_1_251' title='bbox 855 3772 972 3855; x_wconf 86' lang='lat' dir='ltr'><strong>quibus</strong></span> <span class='ocrx_word' id='word_1_252' title='bbox 1008 3792 1079 3836; x_wconf 91' lang='lat' dir='ltr'><strong>curn</strong></span> <span class='ocrx_word' id='word_1_253' title='bbox 1110 3791 1193 3856; x_wconf 88' lang='lat' dir='ltr'><strong>opus</strong></span> <span class='ocrx_word' id='word_1_254' title='bbox 1224 3778 1314 3836; x_wconf 87' lang='lat' dir='ltr'><strong>esset</strong></span> 
     </span>
    </p>
   </div>
   <div class='ocr_carea' id='block_1_3' title="bbox 131 3894 1314 4516">
    <p class='ocr_par' dir='ltr' id='par_1_4' title="bbox 131 3894 1314 4516">
     <span class='ocr_line' id='line_1_33' title="bbox 200 3894 1313 3965; baseline 0.002 -18"><span class='ocrx_word' id='word_1_255' title='bbox 200 3895 318 3964; x_wconf 66' lang='lat' dir='ltr'><strong>atellrsq</strong></span> <span class='ocrx_word' id='word_1_256' title='bbox 336 3894 363 3949; x_wconf 82' lang='lat' dir='ltr'><em>D</em></span> <span class='ocrx_word' id='word_1_257' title='bbox 465 3896 616 3963; x_wconf 76' lang='lat' dir='ltr'><strong>tpaeubn</strong></span> <span class='ocrx_word' id='word_1_258' title='bbox 636 3894 689 3949; x_wconf 77' lang='lat' dir='ltr'><strong>nl&gt;</strong></span> <span class='ocrx_word' id='word_1_259' title='bbox 781 3894 944 3950; x_wconf 84' lang='lat' dir='ltr'><strong>bolulernD</strong></span> <span class='ocrx_word' id='word_1_260' title='bbox 1046 3894 1269 3965; x_wconf 84' lang='lat' dir='ltr'><strong>5ptubauerunt</strong></span> <span class='ocrx_word' id='word_1_261' title='bbox 1286 3894 1313 3949; x_wconf 87' lang='lat' dir='ltr'><em>D</em></span> 
     </span>
     <span class='ocr_line' id='line_1_34' title="bbox 131 3986 1313 4057; baseline 0.003 -18"><span class='ocrx_word' id='word_1_262' title='bbox 131 3988 223 4041; x_wconf 79' lang='lat' dir='ltr'><strong>uersus</strong></span> <span class='ocrx_word' id='word_1_263' title='bbox 240 3987 279 4041; x_wconf 66' lang='lat'><strong>12⁴</strong></span> <span class='ocrx_word' id='word_1_264' title='bbox 383 3992 398 4040; x_wconf 83' lang='lat'>9</span> <span class='ocrx_word' id='word_1_265' title='bbox 416 3987 612 4042; x_wconf 72' lang='lat' dir='ltr'><strong>adolescenti}</strong></span> <span class='ocrx_word' id='word_1_266' title='bbox 700 3993 729 4042; x_wconf 85' lang='grc'><strong>10</strong></span> <span class='ocrx_word' id='word_1_267' title='bbox 748 3990 859 4057; x_wconf 82' lang='lat' dir='ltr'><strong>sepllmo</strong></span> <span class='ocrx_word' id='word_1_268' title='bbox 880 3989 904 4043; x_wconf 84' lang='lat' dir='ltr'><em>D</em></span> <span class='ocrx_word' id='word_1_269' title='bbox 972 3988 1121 4042; x_wconf 83' lang='lat' dir='ltr'><strong>anducauol&#39;</strong></span> <span class='ocrx_word' id='word_1_270' title='bbox 1137 3986 1198 4054; x_wconf 77' lang='grc' dir='ltr'><strong>ΒΡ,</strong></span> <span class='ocrx_word' id='word_1_271' title='bbox 1216 3987 1313 4043; x_wconf 83' lang='lat' dir='ltr'><strong>candr-</strong></span> 
     </span>
     <span class='ocr_line' id='line_1_35' title="bbox 133 4079 1313 4149; baseline 0.003 -17"><span class='ocrx_word' id='word_1_272' title='bbox 133 4080 216 4133; x_wconf 84' lang='lat' dir='ltr'><strong>canos</strong></span> <span class='ocrx_word' id='word_1_273' title='bbox 230 4080 289 4135; x_wconf 85' lang='lat' dir='ltr'><strong>cod.</strong></span> <span class='ocrx_word' id='word_1_274' title='bbox 307 4079 415 4134; x_wconf 75' lang='lat' dir='ltr'><strong>Pitheci</strong></span> <span class='ocrx_word' id='word_1_275' title='bbox 481 4080 588 4149; x_wconf 76' lang='lat' dir='ltr'><strong>Veneti}</strong></span> <span class='ocrx_word' id='word_1_276' title='bbox 607 4080 717 4135; x_wconf 87' lang='lat' dir='ltr'><strong>dedrtrcr</strong></span> <span class='ocrx_word' id='word_1_277' title='bbox 733 4080 790 4145; x_wconf 77' lang='grc'><strong>111),</strong></span> <span class='ocrx_word' id='word_1_278' title='bbox 809 4081 939 4134; x_wconf 88' lang='lat' dir='ltr'><strong>dedrtranr</strong></span> <span class='ocrx_word' id='word_1_279' title='bbox 957 4081 1016 4135; x_wconf 81' lang='lat' dir='ltr'><strong>cod.</strong></span> <span class='ocrx_word' id='word_1_280' title='bbox 1035 4079 1145 4135; x_wconf 72' lang='lat' dir='ltr'><strong>Pitheci</strong></span> <span class='ocrx_word' id='word_1_281' title='bbox 1216 4085 1247 4135; x_wconf 87' lang='grc'><strong>13</strong></span> <span class='ocrx_word' id='word_1_282' title='bbox 1265 4096 1313 4135; x_wconf 92' lang='lat' dir='ltr'><strong>ro·</strong></span> 
     </span>
     <span class='ocr_line' id='line_1_36' title="bbox 132 4171 1313 4238; baseline 0.003 -15"><span class='ocrx_word' id='word_1_283' title='bbox 132 4185 204 4224; x_wconf 88' lang='lat' dir='ltr'><strong>manr</strong></span> <span class='ocrx_word' id='word_1_284' title='bbox 229 4171 254 4225; x_wconf 82' lang='lat' dir='ltr'><strong>I)</strong></span> <span class='ocrx_word' id='word_1_285' title='bbox 368 4178 398 4226; x_wconf 79' lang='grc'><strong>11</strong></span> <span class='ocrx_word' id='word_1_286' title='bbox 424 4173 545 4227; x_wconf 77' lang='lat' dir='ltr'><strong>lemures</strong></span> <span class='ocrx_word' id='word_1_287' title='bbox 567 4172 593 4225; x_wconf 91' lang='lat' dir='ltr'><em>P</em></span> <span class='ocrx_word' id='word_1_288' title='bbox 617 4174 674 4226; x_wconf 81' lang='lat' dir='ltr'><strong>cod.</strong></span> <span class='ocrx_word' id='word_1_289' title='bbox 700 4171 825 4238; x_wconf 77' lang='lat' dir='ltr'><strong>Pitheci,</strong></span> <span class='ocrx_word' id='word_1_290' title='bbox 850 4174 957 4228; x_wconf 84' lang='lat' dir='ltr'><strong>lexourl</strong></span> <span class='ocrx_word' id='word_1_291' title='bbox 981 4174 1007 4229; x_wconf 86' lang='grc' dir='ltr'><strong>Ι)</strong></span> <span class='ocrx_word' id='word_1_292' title='bbox 1119 4179 1149 4228; x_wconf 86' lang='grc'><strong>15</strong></span> <span class='ocrx_word' id='word_1_293' title='bbox 1176 4175 1313 4228; x_wconf 83' lang='lat' dir='ltr'><strong>bnttenra</strong></span> 
     </span>
     <span class='ocr_line' id='line_1_37' title="bbox 132 4264 1312 4337; baseline 0.007 -22"><span class='ocrx_word' id='word_1_294' title='bbox 132 4265 272 4318; x_wconf 85' lang='lat' dir='ltr'><strong>areelcuot</strong></span> <span class='ocrx_word' id='word_1_295' title='bbox 289 4264 316 4318; x_wconf 82' lang='grc' dir='ltr'><strong>Ι)</strong></span> <span class='ocrx_word' id='word_1_296' title='bbox 436 4270 466 4319; x_wconf 85' lang='grc'><strong>19</strong></span> <span class='ocrx_word' id='word_1_297' title='bbox 484 4264 611 4319; x_wconf 84' lang='lat' dir='ltr'><strong>audrendr</strong></span> <span class='ocrx_word' id='word_1_298' title='bbox 631 4265 657 4318; x_wconf 84' lang='lat' dir='ltr'><em>D</em></span> <span class='ocrx_word' id='word_1_299' title='bbox 757 4270 787 4319; x_wconf 81' lang='lat'><strong>21</strong></span> <span class='ocrx_word' id='word_1_300' title='bbox 818 4268 916 4321; x_wconf 84' lang='lat' dir='ltr'><strong>eltrrarr</strong></span> <span class='ocrx_word' id='word_1_301' title='bbox 929 4268 1041 4337; x_wconf 80' lang='lat' dir='ltr'><strong>-atq·I)</strong></span> <span class='ocrx_word' id='word_1_302' title='bbox 1118 4268 1263 4336; x_wconf 83' lang='lat' dir='ltr'><strong>recellol&#39;q.</strong></span> <span class='ocrx_word' id='word_1_303' title='bbox 1283 4267 1312 4323; x_wconf 81' lang='grc' dir='ltr'><strong>Ι)</strong></span> 
     </span>
     <span class='ocr_line' id='line_1_38' title="bbox 133 4355 1314 4430; baseline 0.007 -24"><span class='ocrx_word' id='word_1_304' title='bbox 133 4358 165 4408; x_wconf 83' lang='lat'><strong>22</strong></span> <span class='ocrx_word' id='word_1_305' title='bbox 184 4355 259 4424; x_wconf 73' lang='lat' dir='ltr'><strong>irmb3</strong></span> <span class='ocrx_word' id='word_1_306' title='bbox 278 4356 305 4410; x_wconf 76' lang='lat' dir='ltr'><strong>I)</strong></span> <span class='ocrx_word' id='word_1_307' title='bbox 355 4357 438 4425; x_wconf 78' lang='lat' dir='ltr'><strong>ligero</strong></span> <span class='ocrx_word' id='word_1_308' title='bbox 456 4357 483 4412; x_wconf 84' lang='grc' dir='ltr'><strong>Ι)</strong></span> <span class='ocrx_word' id='word_1_309' title='bbox 551 4362 583 4411; x_wconf 77' lang='grc'><strong>26</strong></span> <span class='ocrx_word' id='word_1_310' title='bbox 602 4364 749 4411; x_wconf 78' lang='lat' dir='ltr'><strong>extiterunt</strong></span> <span class='ocrx_word' id='word_1_311' title='bbox 767 4358 793 4412; x_wconf 85' lang='lat' dir='ltr'><em>D</em></span> <span class='ocrx_word' id='word_1_312' title='bbox 861 4364 894 4413; x_wconf 77' lang='lat'><strong>&#39;29</strong></span> <span class='ocrx_word' id='word_1_313' title='bbox 911 4362 980 4416; x_wconf 85' lang='lat' dir='ltr'><strong>rctol</strong></span> <span class='ocrx_word' id='word_1_314' title='bbox 994 4360 1021 4415; x_wconf 86' lang='lat' dir='ltr'><em>D</em></span> <span class='ocrx_word' id='word_1_315' title='bbox 1088 4365 1119 4415; x_wconf 86' lang='grc'><strong>31</strong></span> <span class='ocrx_word' id='word_1_316' title='bbox 1139 4370 1314 4430; x_wconf 77' lang='lat' dir='ltr'><strong>parauerunt</strong></span> 
     </span>
     <span class='ocr_line' id='line_1_39' title="bbox 133 4448 521 4516; baseline -0.003 -13"><span class='ocrx_word' id='word_1_317' title='bbox 133 4464 202 4503; x_wconf 83' lang='lat' dir='ltr'><strong>cerr.</strong></span> <span class='ocrx_word' id='word_1_318' title='bbox 222 4449 248 4501; x_wconf 86' lang='lat' dir='ltr'><strong>r&#39;rr</strong></span> <span class='ocrx_word' id='word_1_319' title='bbox 268 4456 432 4516; x_wconf 85' lang='lat' dir='ltr'><strong>parauerant</strong></span> <span class='ocrx_word' id='word_1_320' title='bbox 449 4450 477 4503; x_wconf 77' lang='lat' dir='ltr'><strong>in</strong></span> <span class='ocrx_word' id='word_1_321' title='bbox 495 4448 521 4502; x_wconf 79' lang='lat' dir='ltr'><strong>b</strong></span> 
     </span>
    </p>
   </div>
   <div class='ocr_carea' id='block_1_4' title="bbox 0 0 1422 5394">
    <p class='ocr_par' dir='ltr' id='par_1_5' title="bbox 0 0 1422 5394">
     <span class='ocr_line' id='line_1_40' title="bbox 0 0 1422 5394; baseline 0 1"><span class='ocrx_word' id='word_1_322' title='bbox 0 0 1422 5394; x_wconf 95' lang='lat' dir='ltr'><strong> </strong></span> 
     </span>
    </p>
   </div>
  </div>
 </body>
</html>
