2834 5394
176 251 239 312 552
659 267 751 314 maru
773 267 873 315 xxmr

177 416 372 485 Christianis
405 419 465 483 sub
497 418 680 503 principatu
713 439 771 485 suo
808 417 1000 501 degentibus
1032 416 1298 484 demonstrauit.
1346 419 1374 486 si

177 528 308 612 quidem
330 536 363 594 et
385 548 495 594 cruces
518 528 726 594 ecclesiarum
748 529 883 596 abstulit
905 535 938 594 et
959 528 1089 612 uigilias
1111 536 1307 595 nocturnas
1323 548 1373 594 ce·

177 638 304 706 lebrare
327 638 383 705 sed
407 645 438 703 et
461 638 585 704 litteras
607 638 732 703 discere
755 638 955 723 prohibebat.
999 637 1033 702 hi
1064 656 1143 703 uero
1169 639 1230 722 qui
1256 638 1373 704 dicun·

179 756 232 815 tur
253 749 341 835 apud
363 749 437 815 illos
462 749 620 831 Amritae,
645 748 732 832 quod
753 749 1005 833 interpretantur
1026 748 1227 832 mulatores,
1254 762 1374 815 contra

177 860 455 944 Palmyretensem
490 878 631 924 eremum
661 859 916 926 insurrexerunt.
962 858 1020 924 sed
1055 858 1190 923 illorum
1232 860 1402 944 quideme

177 970 302 1034 malitia
324 970 358 1033 in
382 969 535 1035 ecclesias
558 967 610 1034 dei
633 976 742 1054 utpote
765 969 944 1034 infidelium
972 968 1158 1050 manifesta,
1192 969 1223 1036 is
1256 978 1372 1036 autem

176 1078 231 1162 qui
254 1077 449 1143 Christianis
471 1079 690 1145 ineffabilibus
713 1077 765 1145 dei
788 1078 916 1146 iudiciis
937 1078 1117 1163 imperabat
1138 1114 1186 1125 -
1212 1080 1374 1148 fortassis

178 1194 213 1253 ut
235 1188 335 1252 Israel
358 1187 520 1272 quondam
543 1191 599 1254 ille
621 1209 784 1255 uaesanus
806 1189 976 1253 Achab-
997 1188 1096 1253 multo
1118 1191 1245 1273 peiora
1269 1211 1374 1276 quarn

178 1298 321 1363 Arabum
344 1299 386 1364 sit
407 1299 539 1364 insania
561 1298 621 1365 sub
643 1300 778 1383 imperio
802 1320 860 1365 suo
882 1298 997 1385 positis
1019 1298 1216 1365 orthodoxis
1241 1302 1374 1386 episco

178 1409 231 1494 pis
254 1409 405 1476 uidelicet
426 1409 592 1475 monachis
615 1415 648 1474 ct
670 1410 762 1474 laicis
784 1410 939 1493 praelatis
962 1419 1058 1492 atque
1073 1409 1239 1477 subiectis
1257 1420 1374 1479 osten·
1390 1421 1415 1470 ¹⁰

181 1519 230 1585 dit
251 1520 370 1604 ubique
393 1520 641 1586 intercessiones
663 1526 796 1584 sanctae
817 1519 954 1603 uirginis
983 1527 1014 1586 et
1043 1518 1093 1584 dci
1117 1522 1313 1603 genetricis
1337 1541 1374 1588 ac

179 1630 321 1695 omnimu
345 1637 528 1697 sauctorum
555 1630 589 1693 in
618 1629 746 1713 scriptis
776 1636 810 1694 ut
838 1629 968 1695 inutiles
996 1649 1034 1694 ao
1064 1630 1135 1695 sine
1158 1631 1298 1715 scripto
1323 1653 1376 1699 re

175 1740 317 1823 pellens,
351 1760 409 1826 per
437 1760 519 1823 quas
547 1739 643 1805 nobis
672 1746 802 1804 emanat
831 1759 925 1806 omne
954 1740 1142 1822 suffragium
1167 1748 1205 1805 et
1229 1750 1375 1810 sanctas

174 1850 329 1932 reliquias
357 1869 467 1914 eorum
495 1849 632 1915 effossas
659 1849 779 1914 eiciens
818 1855 850 1914 et
878 1848 1003 1916 inuisas
1032 1849 1185 1914 uidelicet
1217 1852 1373 1919 reddens

176 1958 279 2024 sicubi
302 1960 489 2042 cuiusquam
512 1958 651 2042 insignis
672 1959 888 2024 audiebantur
909 1959 952 2024 ad
974 1961 1152 2023 animarum
1178 1962 1371 2030 sanitatem
1390 1976 1414 2024 ιδ

177 2075 210 2134 et
230 2087 398 2151 corporum
421 2069 564 2133 reiecero
584 2069 638 2133 uel
661 2069 742 2133 sicut
764 2070 864 2134 moris
892 2077 941 2134 est
969 2089 989 2135 a
1018 2070 1071 2153 pie
1100 2071 1286 2151 agentibus
1311 2072 1371 2138 bo

173 2177 292 2260 norari‚
317 2198 391 2242 mox
413 2197 490 2260 ergo
512 2184 648 2242 mortem
669 2178 828 2244 aduersus
850 2179 1048 2244 huiusmodi
1070 2186 1240 2259 tamquam
1256 2181 1368 2267 impie

173 2294 323 2372 gerentes
346 2288 538 2363 minabatur,
562 2288 751 2366 sinautem,
774 2289 1027 2373 proscriptiones
1048 2307 1087 2353 ac
1109 2287 1211 2353 exilia
1235 2298 1270 2355 et
1300 2300 1366 2358 tor-

173 2404 291 2480 menta,
315 2398 376 2463 deo
405 2418 482 2464 uero
496 2398 716 2482 gratissimum
728 2398 891 2483 lipsanum
906 2404 1015 2482 utpote
1030 2398 1161 2482 quidam
1175 2398 1366 2470 thesaurus

171 2509 416 2593 possessoribus
430 2509 560 2576 habitus
576 2509 780 2574 auferebatur
793 2510 933 2573 inuisum
950 2508 991 2572 de
1013 2515 1118 2573 cetero
1133 2507 1362 2578 efficiendum.
1379 2520 1409 2570 ao

18 2613 205 2682 XXXXIII
262 2620 342 2683 Tale
357 2618 433 2702 quid
449 2621 528 2684 etin
548 2619 816 2703 pretiosissimum
832 2617 1005 2684 laudabilis
1021 2618 1132 2683 matris
1147 2617 1362 2702 Euphemiae

172 2728 327 2811 profanus
348 2728 401 2793 hic
422 2731 597 2813 imperator
627 2730 789 2813 lipsanum
818 2729 921 2810 gessit
942 2730 976 2793 in
999 2726 1189 2812 protundum
1221 2728 1257 2793 id
1290 2726 1374 2797 una'

174 2856 245 2901 cum
273 2838 377 2903 loculo
406 2839 544 2917 iaciens,
580 2859 645 2903 ncu
677 2840 785 2903 ferens
814 2839 924 2903 uidere
951 2838 1105 2920 unguenti
1135 2857 1205 2901 eam
1236 2859 1280 2904 ex
1322 2860 1360 2906 se

172 2969 270 3033 super
292 2969 418 3014 omnem
441 2949 594 3032 populum
618 2948 808 3013 suauitatem
824 2947 1010 3013 reddentem
1028 2955 1060 3012 et
1073 2954 1264 3029 arguentem
1280 2950 1357 3018 eius

175 3057 334 3123 aduersus
356 3058 604 3123 intercessiones
628 3064 811 3123 sanctorum
833 3056 1054 3122 deliramenta.
1100 3056 1158 3121 sed
1189 3056 1272 3124 deus
1298 3062 1357 3144 qui
1373 3073 1404 3123 aa

171 3165 310 3230 custodit
332 3186 408 3231 ossa
429 3166 492 3231 sibi
508 3166 702 3248 placentium
719 3166 893 3231 secundum
915 3167 1028 3231 diuina
1048 3167 1176 3249 eloquia
1197 3167 1357 3236 illaesum

172 3273 233 3339 hoc
248 3275 453 3339 conseruauit
475 3295 585 3340 rursus
611 3282 799 3341 ostensurus
821 3276 901 3341 illud
923 3277 1009 3360 apud
1024 3279 1180 3342 Lemnum
1195 3276 1356 3345 insulam.

171 3404 230 3469 per
252 3391 439 3448 nocturnam
468 3384 554 3449 enim
582 3385 739 3451 uisionem
769 3386 879 3451 iacens
909 3386 1101 3452 eleuandum
1130 3389 1357 3470 praecepitei

171 3493 438 3560 conseruandum.
483 3494 542 3560 sub
572 3493 782 3560 Constantino
811 3516 887 3560 uero
917 3502 948 3560 et
969 3497 1086 3561 Eirene
1115 3496 1177 3580 piis
1207 3497 1355 3580 impera-

170 3603 292 3669 toribus
313 3603 488 3669 indictione
517 3613 632 3685 quarta
654 3624 725 3669 cum
754 3605 879 3670 decenti
908 3605 1152 3670 honorificentia
1178 3604 1275 3672 rediit
1305 3611 1355 3676 ad
1371 3622 1405 3672 ao

169 3714 323 3797 templum
346 3734 438 3779 suum
461 3713 547 3795 quod
561 3715 633 3799 ipse
648 3715 778 3798 quidem
792 3722 956 3798 tamquam
972 3715 1120 3779 inimicus
1135 3717 1353 3785 ecclesiarum

171 3842 337 3888 commune
360 3824 434 3888 fecit
462 3826 745 3890 armamentarium
768 3826 1066 3908 sterquiliniumque
1095 3826 1161 3889 iore
1184 3825 1352 3894 decreuit:

170 3933 217 3998 illi
255 3941 462 4017 repurgatum
499 3934 559 3999 hoc
595 3935 709 3998 iterum
746 3943 964 4017 sacrariorum,
1002 3935 1045 3998 ad
1082 3935 1352 4019 redargutionem

170 4043 299 4128 quidem
323 4044 418 4109 buius
434 4043 608 4128 impietatis
624 4046 841 4110 ostensionem
864 4052 969 4108 autem
986 4044 1097 4109 horum
1114 4046 1253 4126 pictatis.
1286 4048 1353 4114 hoc

246 4275 432 4351 sumendo
501 4295 640 4350 amoro
691 4296 955 4364 asperemound
1007 4300 1036 4348 21
1057 4297 1159 4360 marus]
1178 4301 1302 4366 marrynr
1320 4301 1349 4354 o

168 4388 339 4460 heuphelmre
356 4390 382 4444 I)
451 4392 482 4441 27
502 4387 655 4442 lrmnumI)
723 4392 755 4440 29
773 4388 881 4442 hierene
899 4387 926 4441 1)
993 4392 1025 4442 34
1043 4387 1198 4457 pretatcll)
