3236 5074
616 335 689 384 cnr.
712 335 918 385 xxx-xxxa
1294 325 1353 388 103

181 487 274 572 ginta
295 487 426 555 milibus
448 487 591 572 equitum
612 487 788 554 instructus
811 488 954 554 occurrit.
1001 509 1177 573 numquam
1206 490 1273 556 ulla
1293 491 1355 556 Ro·

182 618 279 664 mano
301 597 396 663 militi
416 598 641 664 tumultuosior
662 618 772 684 pugna
794 605 826 664 et
846 598 1020 664 terribilior
1041 599 1101 665 fuit
1122 597 1205 666 adeo
1235 608 1270 666 ut
1291 599 1356 668 dis-

183 727 280 774 cursu
301 715 335 774 et
348 707 476 774 fremitu
490 707 808 775 circumcursantium
830 715 862 774 et
876 708 1099 793 impetentium
1114 709 1266 793 equitum,
1289 729 1357 778 sus·
1416 728 1433 768 ο

186 818 303 884 citatus
331 817 439 902 puluis
469 818 594 883 caelum
623 817 826 884 subtexuerit
860 817 947 884 diem
977 816 1135 884 ademerit
1165 825 1357 901 noctemque

152 937 169 990 5
185 926 366 1009 obduxerit,
389 932 497 994 tantus
519 934 628 993 autem
648 929 786 994 telorum
808 927 937 994 nimbus
954 928 1111 1012 ingruerit
1125 936 1160 994 ut
1174 928 1265 994 nulla
1278 947 1356 1013 pars

184 1036 329 1122 corporis
350 1035 393 1101 ab
415 1036 480 1102 ictu
502 1043 572 1103 tuta
594 1043 689 1114 essct,
720 1038 840 1123 quippe
861 1038 979 1121 quibus
1001 1045 1033 1104 ct
1054 1038 1146 1105 uisus
1167 1038 1211 1104 ad
1232 1037 1357 1122 prospi-

183 1145 332 1214 ciendum
354 1145 584 1231 impedimento
606 1147 755 1231 caliginis
777 1154 809 1213 et
831 1147 993 1234 expeditio
1014 1147 1058 1213 ad
1079 1147 1259 1215 cauendum
1275 1166 1357 1212 com-

184 1257 354 1343 pressione
375 1255 590 1323 multitudinis
613 1256 734 1322 deerat
778 1275 838 1322 nec
859 1257 1028 1324 laborabat
1050 1278 1150 1343 eques
1164 1259 1296 1324 Maurus
1318 1276 1357 1322 ac

186 1365 329 1432 Numida
350 1373 385 1433 ut
406 1366 490 1432 benc
512 1367 711 1452 conlocatum
734 1365 859 1434 hostem
881 1374 1062 1452 opportuno
1089 1369 1145 1435 teli
1174 1369 1296 1453 impetu
1317 1367 1358 1433 ri·

139 1493 170 1544 ro
186 1483 327 1542 maretur
349 1475 408 1542 sed
428 1476 537 1561 potius
559 1477 593 1542 in
616 1477 772 1544 incertum
794 1477 863 1562 pila
884 1476 1055 1543 mittebant
1082 1479 1159 1543 certi
1181 1477 1268 1562 qnod
1289 1477 1357 1542 uul-
1460 1543 1463 1550 ,

185 1605 267 1652 nera
287 1586 410 1652 incerta
431 1607 497 1653 non
518 1593 637 1653 essent.
681 1587 729 1652 ita
749 1588 851 1652 coacti
874 1588 909 1652 in
936 1607 1036 1653 unum
1063 1588 1201 1653 Romani
1229 1586 1357 1672 pedites

186 1695 415 1763 densabantur.
459 1696 732 1782 intercapedinem
765 1697 847 1763 tanti
879 1697 1016 1782 periculi
1043 1716 1108 1764 nox
1136 1696 1357 1764 interueniens

186 1806 285 1874 dedit.
331 1805 444 1871 eadem
466 1814 618 1890 posterea
645 1805 699 1872 die
728 1812 759 1872 et
780 1805 859 1872 belli
880 1807 1015 1891 periculi
1037 1807 1147 1874 iacies.
1191 1823 1360 1890 erumpere

186 1917 220 1982 in
241 1916 368 1984 bostem
391 1916 540 2000 quamuis
562 1915 671 1982 stricto
699 1914 792 1982 miles
820 1916 930 1998 gladio
958 1937 1024 1982 non
1051 1916 1198 1999 ualebat,
1232 1916 1359 1984 eminus

142 2041 171 2092 tt
187 2027 273 2094 enim
301 2026 416 2094 iaculis
446 2026 671 2110 repellebatur,
699 2025 810 2109 lugere
836 2045 902 2091 non
929 2033 1070 2110 poterat:
1101 2027 1244 2112 undique
1273 2025 1359 2092 enim

187 2137 329 2202 uelocior
358 2136 401 2202 ad
429 2135 689 2220 persequendum
719 2154 818 2219 eques
847 2137 1032 2204 incluserat.
1077 2137 1143 2204 iam
1170 2137 1268 2204 tertia
1289 2135 1360 2203 dies

186 2255 220 2314 et
241 2247 365 2312 nullum
387 2245 610 2329 undecumque
634 2245 832 2329 suffragium,
862 2245 934 2310 dira
956 2245 1098 2330 undique
1119 2247 1231 2314 mortis
1260 2246 1361 2312 iacies

186 2357 397 2424 obiciebatur,
451 2355 582 2421 tandem
621 2355 742 2422 Marius
776 2357 889 2421 consul
922 2355 995 2420 lorti
1028 2355 1255 2440 desperatione
1290 2355 1362 2440 spei

189 2467 275 2532 uiam
297 2466 382 2548 fecit,
414 2465 566 2532 uniuerso
589 2464 685 2531 simul
707 2464 836 2548 agmine
858 2465 1005 2549 prorupit
1033 2484 1051 2529 e
1073 2466 1161 2530 uallo
1183 2484 1362 2550 campoque

138 2592 173 2642 ao
189 2596 225 2644 se
253 2577 350 2644 simul
378 2585 410 2640 et
438 2575 561 2660 proelio
592 2573 690 2640 dedit.
735 2581 767 2640 et
795 2594 866 2640 cum
895 2574 1008 2638 iterum
1039 2574 1224 2640 circumfusi
1251 2573 1362 2641 hostes
1388 2567 1518 2634 XXXII

189 2707 254 2754 non
277 2686 380 2752 solum
403 2685 543 2768 agminis
565 2691 710 2750 extrema
733 2684 896 2750 laniarent
923 2702 1035 2750 uerum
1063 2684 1159 2748 etiam
1182 2683 1290 2749 media
1312 2703 1365 2750 ex·

189 2797 294 2863 cussis
326 2795 437 2879 procul
471 2795 544 2860 telis
577 2794 752 2860 caederent
783 2793 993 2876 turbatosque
1029 2793 1192 2862 Romanos
1231 2794 1365 2878 insuper

189 2908 287 2973 ctiam
311 2911 422 2971 aestus
438 2904 526 2985 solis,
550 2903 758 2970 intolerantia
772 2904 854 2987 sitis,
878 2903 990 2969 mortis
1005 2903 1246 2969 circumstantia
1260 2922 1363 2988 usque

190 3015 234 3082 ad
262 3021 440 3082 extremum
472 3013 711 3099 desperationis
743 3013 968 3098 defatigarent,
1002 3012 1108 3078 subito
1140 3020 1250 3078 notum
1284 3011 1365 3077 illud

139 3147 174 3198 aa
190 3129 407 3194 Romanorum
422 3124 580 3191 aduersus
594 3123 689 3190 Afros
704 3129 930 3208 tempestatum
946 3121 1159 3206 imbriumque
1175 3121 1364 3206 suffragium

191 3237 281 3302 caelo
304 3236 438 3302 missum
460 3235 648 3321 insperatae
670 3233 768 3300 saluti
782 3233 842 3298 luit
864 3232 893 3298 si
908 3232 1038 3316 quidem
1060 3232 1230 3318 repentina
1251 3231 1364 3317 pluuia

191 3345 376 3414 sitientibus
390 3344 546 3410 Romanis
568 3349 601 3408 et
621 3342 844 3410 aestuantibus
866 3343 1068 3427 1·eirigerium
1082 3349 1258 3428 potumque
1272 3361 1366 3426 prae-

191 3455 270 3522 buit
314 3474 410 3540 porro
432 3461 540 3519 autem
561 3452 712 3518 Numidis
743 3452 876 3520 hastilia
903 3453 1050 3535 telorum,
1079 3472 1163 3537 quae
1192 3472 1291 3518 manu
1319 3452 1366 3518 in·

194 3573 343 3649 torquere
365 3563 436 3630 sine
451 3562 622 3630 ammentis
640 3563 754 3645 solent,
776 3562 902 3628 lubrica
923 3582 961 3628 ac
982 3583 1041 3646 per
1062 3563 1124 3628 hoo
1145 3561 1273 3628 inutilia
1295 3560 1366 3627 red·

143 3674 250 3743 audit
295 3679 386 3740 scuta
413 3673 527 3754 etiam,
559 3691 643 3756 quae
670 3671 837 3758 elephanti
864 3672 950 3738 corio
981 3679 1110 3739 extento
1133 3678 1230 3756 atquc
1252 3669 1366 3735 durato

193 3783 319 3850 habilia
339 3788 372 3848 et
393 3789 463 3848 tuta
489 3783 671 3866 gestabant,
705 3782 797 3849 cuius
829 3802 870 3848 ea
901 3787 1018 3848 natura
1051 3787 1102 3847 est
1134 3785 1169 3845 ut
1201 3785 1367 3863 acceptum

193 3893 329 3960 imbrem
350 3899 515 3976 tamquam
537 3892 675 3978 spongia
704 3891 813 3957 ebibat
841 3911 881 3956 ac
908 3909 968 3976 per
995 3891 1056 3956 hoc
1083 3889 1288 3956 intractabile
1320 3908 1369 3954 re·

265 4173 416 4230 lmrlral)
466 4173 666 4244 aequatae
717 4179 857 4242 rnocteq.
876 4173 903 4228 D
970 4173 1140 4230 tnmrdall
1191 4170 1371 4242 oportunoD

197 4274 227 4324 12
246 4267 513 4338 intercapidineml)
615 4267 810 4322 reluctanti)
912 4265 1123 4322 stercorosa
1217 4269 1250 4320 2³
1269 4263 1370 4322 eltul)

195 4366 229 4418 24
247 4359 450 4430 delatrgmctl)
553 4366 585 4416 nt
610 4359 819 4418 eltnentrburD
922 4363 954 4414 29
979 4359 1133 4416 tmentrill
1202 4363 1244 4424 ac]
1268 4357 1372 4414 hacll

196 4459 228 4512 32
248 4456 356 4524 spongia
374 4453 449 4508 bibat
466 4455 493 4510 D
