3142 5056
536 339 645 388 mnnx
667 339 911 391 cnrrrvnonvu
1247 329 1306 392 661

167 495 200 546 ²8
235 491 291 545 Leo
300 489 411 545 iusidias
421 488 617 544 Saracenorum
632 503 696 544 eus·
747 495 816 545 tunt.
842 489 957 546 Romani
974 504 992 545 a
1008 489 1150 546 SaracenIs
1167 491 1194 546 in
1212 493 1315 548 Larice
1352 555 1359 564 ,

133 584 172 639 dit
198 584 315 653 ipsisque
332 583 409 638 dolos
426 581 580 652 exprobrat.
616 582 696 636 Sara·
746 581 841 652 fugati,
859 599 972 652 quorum
989 583 1098 640 ducenti
1116 583 1151 639 ad
1166 583 1315 642 Caucasios

129 681 191 734 ceni
217 675 358 732 discedunt
392 675 427 730 ab
453 674 557 730 Amorii
582 674 696 741 obsidio,
746 682 852 732 montes
870 675 960 732 delati.

133 785 213 840 quam
235 770 292 824 Leo
319 769 397 825 nouis
424 769 510 838 copiis
535 767 695 824 introductis
782 773 797 823 5
832 769 889 825 Leo
912 769 947 824 sd
969 769 1030 825 illos
1048 768 1186 826 Romanos
1211 785 1228 824 s
1251 769 1314 826 reli·

133 865 226 920 munit
749 862 810 932 quis
828 862 949 918 diuulsos
966 862 1047 918 uenit
1082 863 1182 918 Leonis
1199 871 1315 919 conotus

167 961 199 1011 29
234 955 383 1010 Masalmae
406 954 492 1023 ipsius
510 953 539 1008 in
556 952 698 1023 Oappado·
747 956 771 1010 si
788 970 823 1010 ex
842 955 961 1011 barbara
986 956 1096 1025 regione
1119 955 1154 1009 cd
1179 957 1315 1011 maritima

134 1050 202 1106 ciam
220 1049 362 1104 aduentus.
381 1047 528 1102 Masalmas
546 1046 632 1102 Leoni
650 1045 698 1103 do·
750 1055 844 1118 posset
860 1049 1002 1118 peruenire
1019 1047 1129 1118 dasque
1143 1053 1313 1118 strategema.

132 1143 174 1198 los
192 1143 284 1208 nectit,
303 1141 338 1196 ad
354 1155 432 1210 quern
441 1140 498 1194 Leo
515 1139 620 1195 litteras
638 1155 699 1195 cum
785 1147 801 1197 6
828 1142 885 1197 Leo
904 1141 1036 1211 quomodo
1055 1140 1091 1196 ed
1107 1141 1239 1196 maritima
1251 1157 1314 1211 per·

134 1237 222 1305 legato
246 1235 328 1289 mittit
350 1233 553 1302 Maselmaeqnc
581 1248 643 1288 cum
667 1247 698 1290 ao
750 1235 853 1290 usserit
871 1241 897 1288 et
913 1234 1315 1290 adlusdniauumremeauerit

137 1329 306 1398 colloquium.
785 1332 799 1380 'l
835 1328 892 1382 Leo
911 1328 946 1382 ab
963 1328 1082 1382 Artemo
1109 1327 1143 1382 nd
1161 1334 1315 1398 praeturam

169 1426 201 1476 30
237 1421 384 1476 Masalmas
400 1419 486 1475 Leoni
504 1419 597 1474 scribit
622 1425 653 1474 ut
670 1435 699 1474 ae
750 1420 860 1475 orientis
878 1419 1033 1490 profectus,
1052 1426 1135 1489 utque
1151 1421 1260 1476 tandem
1278 1421 1316 1477 ad

134 1515 255 1580 accedat,
274 1529 335 1570 cum
351 1511 396 1567 illo
415 1527 444 1566 se
453 1511 555 1581 pacisci
568 1510 646 1578 uelle,
664 1510 699 1566 ad
748 1511 889 1582 imperium
922 1512 1053 1582 peruenit.
1097 1512 1245 1570 Mesalmas
1279 1515 1315 1571 ab

135 1623 214 1678 quem
230 1607 287 1662 Leo
312 1605 380 1660 duos
398 1604 522 1660 consules
541 1604 629 1658 mittit
749 1605 842 1662 Leone
874 1605 968 1660 illusus
994 1605 1190 1674 expeditionem
1219 1613 1317 1664 contra

169 1705 199 1755 31
238 1699 378 1754 consulum
399 1697 435 1752 ad
451 1697 569 1752 Leonem
586 1696 696 1752 reditus.

134 1793 280 1848 Masalmas
289 1791 461 1846 Acrohenum
470 1789 534 1845 adit.
544 1791 601 1846 Leo
609 1790 697 1845 Theo-

135 1886 204 1942 dosii
220 1883 394 1953 iiliumcapit.
421 1883 568 1938 Mssnlmas
587 1883 697 1938 descen·

135 1979 174 2033 dit
191 1979 218 2032 in
235 1977 328 2032 Asiam
346 1977 381 2031 ad
398 1977 519 2031 hiberna
544 1976 601 2031 Leo
614 1974 698 2047 Chry-

136 2071 249 2142 sopoIIm
267 2070 349 2124 uenit.

169 2169 201 2219 32
246 2163 415 2219 Theodosius
450 2170 477 2218 et
502 2162 574 2219 filius
609 2163 699 2218 clerici

134 2256 203 2312 fiunt
231 2256 324 2311 Leone
358 2256 498 2325 imperium
533 2261 699 2325 capessente.

749 1697 1008 1767 Constantinopolim
1023 1705 1110 1768 parat

783 1795 798 1845 8
816 1791 964 1846 Masalrnas
982 1791 1241 1861 Constantinopolim
1260 1793 1310 1848 ob·

749 1883 825 1938 sidet.
862 1883 997 1938 Sulciman
1015 1900 1077 1940 cum
1094 1885 1182 1940 classe
1198 1901 1248 1941 sua
1266 1887 1315 1942 ad·

749 1983 848 2032 uentus
866 1976 900 2031 ed
918 1977 1029 2032 eandem
1045 1977 1139 2032 urbem
1155 1994 1315 2050 oppugnen-

750 2068 820 2124 dam.

784 2166 800 2216 9
835 2162 934 2218 Leonis
959 2163 1127 2232 Imperatoris
1153 2171 1316 2234 strategema

749 2253 921 2322 igniferamm
947 2255 1074 2320 nauium,
1110 2273 1164 2326 qua
1195 2258 1315 2315 hostium

135 2350 280 2406 Masalmas
301 2349 459 2418 Pergamum
477 2349 550 2417 capit
567 2363 699 2404 execran-

138 2443 178 2499 dis
197 2443 300 2498 artibus
318 2443 427 2510 magieis
446 2455 519 2496 usus.

750 2361 834 2402 naues
859 2347 959 2416 ingenti
977 2349 1055 2403 clade
1081 2349 1167 2404 afficit
1192 2351 1260 2407 adeo
1283 2357 1317 2407 nt

750 2454 834 2494 naues
862 2456 947 2509 prope
965 2441 1102 2509 applicare
1119 2444 1234 2512 amplius
1260 2461 1315 2498 non

750 2531 876 2587 audeant.
912 2531 1047 2588 Suleiman
1064 2535 1178 2590 moritur
1195 2543 1222 2590 ct
1238 2537 1315 2593 Ami·

749 2640 797 2680 rae
814 2624 935 2680 officium
954 2626 1035 2680 sumit
1051 2629 1180 2682 Heumar.

787 2731 817 2780 10
853 2725 974 2794 suphian
998 2737 1058 2776 cum
1077 2721 1164 2776 classe
1181 2721 1315 2778 aduentus

173 2820 183 2868 l
220 2814 277 2869 Leo
299 2815 447 2884 impensior
468 2813 604 2868 LXVHII.
639 2813 698 2868 eius
750 2819 796 2888 qui
812 2817 881 2887 Ignis
899 2815 1036 2871 artificiosi
1049 2813 1231 2869 Romanorum
1249 2816 1314 2870 uiri-

135 2922 219 2978 genus
244 2913 271 2962 et
287 2908 373 2977 prims
390 2906 523 2976 promotio
549 2906 599 2961 sub
617 2906 698 2960 iusti·
750 2911 800 2966 bus
824 2910 967 2979 compertis
996 2907 1031 2962 ad
1055 2912 1162 2975 portum
1187 2907 1315 2977 Boniagri

134 3002 224 3057 niano.
259 3001 399 3055 iustiniani
434 3016 496 3056 cum
523 3015 555 3054 eo
574 2999 699 3065 nunicide,
749 3003 875 3072 applitat.
911 3001 1031 3057 similiter
1057 2999 1124 3054 iacit
1152 2999 1229 3053 Ginid
1253 3015 1315 3055 cum

136 3093 208 3162 apud
223 3109 301 3162 quern
318 3093 388 3147 falso
397 3093 568 3148 insimulatus
579 3093 698 3147 affectati
749 3095 802 3150 ada
820 3095 906 3149 classe
923 3091 1077 3148 adueniens.
1104 3093 1251 3162 imperator
1269 3093 1314 3148 de-

135 3185 239 3254 imperii
256 3201 306 3241 neo
324 3186 473 3241 conuictus.
491 3185 632 3240 Iustiniani
643 3185 697 3240 doli
748 3203 803 3243 nuo
829 3187 942 3242 feliciter
976 3187 1044 3254 ignis
1069 3185 1183 3241 artificio
1219 3192 1316 3240 contre

136 3277 171 3332 ad
189 3293 250 3332 eum
258 3277 433 3347 perdendum,
450 3279 560 3332 missum
579 3278 614 3333 ad
631 3279 696 3333 Ala·
749 3281 841 3336 hostes
859 3281 953 3334 utitur.

136 3386 186 3425 nos
204 3376 235 3424 ut
253 3385 298 3424 eos
315 3370 440 3424 incitaret
457 3377 552 3424 contra
567 3370 698 3440 Abasgos.
788 3378 815 3427 ll
854 3373 1050 3427 Saracenorum
1074 3371 1165 3427 clades
1189 3372 1219 3426 in
1243 3377 1315 3427 terra

136 3463 218 3518 Alani
236 3463 381 3531 Abasgiam
400 3462 606 3532 depraedantur.
750 3482 767 3522 s
783 3465 913 3520 Romanis
931 3470 1051 3533 accepta.
1085 3463 1165 3518 iidem
1180 3464 1314 3518 obsidioni

170 3561 185 3610 2
213 3556 315 3625 Abasgi
332 3554 383 3610 sibi
401 3553 462 3610 dedi
477 3555 698 3612 uoluntLeonem
749 3559 920 3614 inhaerentes
945 3557 1029 3612 uariis
1047 3556 1133 3611 modis
1159 3555 1316 3623 conflictati,

136 3651 180 3719 qui
199 3650 233 3704 ab
251 3649 347 3704 Alanis
371 3648 461 3703 omnis
478 3647 605 3703 edocetur
629 3665 699 3719 quae
749 3651 821 3707 fame
839 3650 940 3720 ingenti
958 3655 985 3704 et
994 3649 1156 3719 pestilentia,
1174 3655 1316 3718 practerea

136 3751 198 3798 acta
215 3741 298 3797 luere.
750 3745 827 3800 multi
845 3759 938 3799 eorum
956 3759 973 3798 s
990 3742 1113 3811 Bulgaris
1132 3743 1211 3796 caesi.

170 3841 185 3891 3
220 3835 277 3890 Leo
302 3834 394 3890 dolose
417 3835 452 3890 ab
472 3834 566 3888 Alonis
584 3834 699 3904 Abasgis
788 3842 818 3891 ιι
854 3836 960 3905 Sergius
978 3842 1089 3905 praetor
1106 3834 1212 3890 Siciliae
1230 3850 1315 3904 quen·

134 3929 258 3994 traditus,
277 3927 699 3998 quosstatIminnaduntAbasgi
750 3930 813 3985 dam
838 3929 967 3983 Basilium
991 3929 1186 3996 onomagulum
1211 3927 1239 3983 in
1265 3929 1315 3983 im-

135 4021 227 4077 Leone
243 4023 357 4077 liberato
375 4026 403 4076 et
419 4021 564 4076 occultato.
599 4020 699 4076 Leonis
750 4029 904 4092 peratorem
924 4021 1035 4076 extollit.
1068 4020 1180 4076 Paullus
1199 4021 1315 4078 Charto-

135 4129 184 4183 per
200 4114 346 4183 Abcsgiam
363 4113 504 4183 nassutio.
750 4117 833 4170 larius
851 4116 878 4168 iu
897 4114 1014 4169 Siciliam
1032 4113 1128 4168 missus
1146 4114 1181 4168 ab
1199 4115 1315 4185 impera·

170 4213 186 4262 4
221 4207 364 4262 iustiniani
390 4207 496 4262 litterae
522 4206 557 4262 ad
575 4207 699 4276 Abasgos
750 4215 809 4263 tore
827 4209 872 4278 qui
891 4207 984 4277 Sergio
1002 4206 1157 4275 aufugiente
1174 4208 1315 4264 deceteris

137 4305 168 4356 ut
185 4301 303 4355 Leonem
321 4299 483 4366 custodiant,
502 4315 581 4370 quem
597 4300 635 4354 illi
652 4300 698 4354 dc·
751 4301 912 4372 suppIIcium
941 4302 1022 4356 sumit
1054 4313 1127 4355 nouo
1151 4302 1315 4371 imperatore

137 4408 192 4448 nno
209 4391 310 4448 frustra
328 4393 362 4447 ιιι
374 4393 468 4450 Alanis
492 4392 543 4449 sibi
567 4391 628 4448 dedi
652 4408 698 4462 pe·
751 4395 892 4451 decollato.

362 2637 475 2702 XXIII
