2834 5394
149 230 212 293 524
633 245 725 295 aranu
746 247 835 294 xxm

233 397 328 464 Anno
375 396 501 482 imperii
542 398 662 464 Leonis
705 417 791 464 nono
834 396 960 464 decimo
1003 399 1103 465 mouit
1148 400 1339 466 exercitum

149 508 315 577 Suleiman
367 505 524 575 aduersus
560 506 783 573 Armeniorum
832 508 997 592 regionem
1050 515 1084 574 et
1117 508 1206 576 nihil
1263 531 1338 597 pro

149 619 232 685 lacit.

232 727 326 794 Anno
348 727 475 814 imperii
498 727 617 794 Leonis
638 727 794 793 uicesimo
822 728 926 812 primo
950 727 1114 795 Sulciman
1146 730 1266 797 multis
1301 731 1334 797 in

149 839 368 924 captiuitatem
392 858 433 904 ex
454 837 535 904 Asia
555 836 660 904 ductis
682 836 842 919 quendam
865 858 993 922 quoque
1007 839 1251 922 Pergamenum
1275 851 1367 926 pse-c

147 949 226 1014 riter
247 947 339 1014 duxit
361 948 523 1032 captiuum
553 947 608 1030 qui
636 946 766 1013 dicebat
795 966 832 1014 se
853 948 1018 1014 Tiberium
1047 968 1122 1016 esse
1145 949 1255 1016 filium
1277 951 1334 1017 Iu-

146 1057 291 1125 stiniani.
335 1057 421 1122 hunc
442 1058 571 1123 Eluelid
600 1058 634 1123 in
656 1057 778 1123 honoro
806 1057 864 1123 filii
893 1058 944 1125 sui
971 1064 1068 1140 atque
1095 1059 1129 1123 in
1153 1059 1334 1145 imperato

146 1167 229 1233 rium
253 1175 406 1233 terrorem
428 1186 499 1233 cum
522 1168 727 1254 imperatorio
756 1174 853 1251 atque
881 1167 1006 1233 decenti
1036 1168 1160 1234 honore
1188 1170 1333 1237 militiis·

152 1295 217 1361 que
239 1297 278 1342 ac
299 1276 416 1343 bandis
438 1286 470 1343 et
492 1278 627 1363 sceptris
650 1279 683 1343 in
696 1277 956 1364 Hierosolymam
977 1278 1074 1343 mittit
1095 1285 1128 1344 et
1149 1285 1257 1345 totam
1272 1281 1332 1365 Sy·

146 1386 228 1452 riam
261 1387 454 1454 circumduci
486 1407 558 1454 eum
592 1389 690 1453 multo
718 1388 808 1455 iubet
834 1387 957 1454 honore
984 1387 1028 1454 ad
1055 1389 1217 1456 uisionem
1255 1409 1330 1456 cun·
1347 1381 1374 1460 ll

145 1504 277 1564 ctorum.

28 1599 128 1668 XXX
236 1602 330 1675 Anno
352 1608 479 1694 imperii
500 1608 620 1674 Leonis
652 1608 807 1675 uicesimo
840 1607 981 1675 secundo
1012 1607 1113 1674 mouit
1144 1609 1330 1677 exercitum

148 1717 315 1794 Srdeiman
338 1724 450 1784 contra
470 1719 663 1784 Romaniam
685 1727 719 1784 et
745 1719 961 1805 depopulatus
989 1726 1039 1786 est
1066 1724 1211 1785 castrum
1239 1721 1330 1804 qnod

147 1825 263 1893 dicitur
278 1829 420 1895 Sidirum
443 1835 475 1894 et
496 1829 701 1895 Eustathium
724 1829 824 1895 filium
846 1827 984 1893 Mariani
1007 1827 1136 1913 patricii
1157 1830 1329 1914 captiuum

147 1933 248 2001 duxit.
1345 1952 1371 2001 15

231 2045 325 2110 Anno
346 2046 474 2131 imperii
496 2047 615 2114 Leonis
637 2049 793 2115 uicesimo
814 2048 907 2114 tertio
931 2067 1045 2115 mense
1066 2047 1152 2113 Maio
1173 2047 1328 2116 indictio

147 2154 199 2221 nis
222 2163 356 2221 octauae
378 2157 479 2222 mouit
500 2157 674 2224 exercitum
696 2158 864 2225 Sulciman
893 2165 1004 2224 contra
1025 2157 1219 2224 Romaniam
1248 2179 1326 2226 cnm

145 2265 324 2349 nonaginta
357 2266 487 2333 milibus
515 2274 548 2333 et
577 2267 820 2351 magistratibus
847 2275 1005 2352 quattuor,
1042 2288 1177 2353 quorum
1199 2267 1327 2338 Gamer

145 2374 211 2442 dux
233 2384 303 2442 erat
324 2377 485 2444 insidians
506 2377 540 2444 in
561 2377 656 2445 denis
677 2377 807 2445 milibus
836 2378 1025 2444 latrunculis
1046 2377 1188 2444 Asianac
1222 2381 1325 2465 parti·

143 2485 205 2553 bus
227 2494 347 2566 terrae,
379 2488 469 2554 cuins
491 2488 568 2555 socii
591 2496 684 2554 erant
705 2488 800 2554 llelic
821 2494 853 2554 ct
873 2488 969 2553 Batal
991 2507 1062 2553 cum
1091 2488 1208 2572 uiginti
1236 2490 1322 2556 mill·
1338 2501 1370 2553 ac

141 2596 204 2664 bus
227 2598 369 2682 equitum
391 2598 477 2662 circa
498 2596 694 2664 Acrohinum
716 2597 952 2664 debacchante-s
980 2604 1012 2663 et
1032 2606 1108 2683 post
1127 2598 1188 2664 hos
1211 2599 1320 2667 Sulci-

143 2726 218 2771 man
252 2725 322 2771 cum
357 2709 526 2791 sexaginta
557 2709 688 2776 milibus
715 2708 800 2774 circa
822 2706 1052 2792 Cappadocum
1074 2709 1224 2792 lpanem
1246 2730 1322 2795 pro

141 2835 283 2901 messus,
307 2838 442 2903 quorum
466 2817 522 2883 alii
544 2838 604 2904 per
624 2818 737 2884 Asiam
759 2825 791 2883 et
805 2817 1045 2901 Cappadociam
1067 2819 1166 2883 multo
1190 2819 1321 2886 excidio

141 2927 283 2993 uirorum
315 2948 354 2994 ac
387 2928 555 2993 mulierum
599 2935 696 3012 atque
737 2928 951 2996 iumentorum
985 2934 1169 3013 perpetrato
1208 2929 1321 2998 illaesi

142 3038 265 3103 reuersi
287 3045 370 3103 sunt.
415 3039 448 3102 hi
477 3057 555 3103 uero
586 3038 641 3121 qui
670 3057 742 3102 curn
771 3039 866 3104 Melie
895 3045 927 3103 et
948 3038 1042 3102 Batal
1071 3036 1159 3122 apud
1180 3038 1319 3108 Acrohi·
1340 3059 1372 3110 25

141 3166 218 3210 num
241 3155 334 3212 erant
356 3147 531 3231 expugnati
562 3147 713 3213 aLeone
744 3169 802 3215 seu
824 3148 1037 3215 Constantino
1067 3149 1211 3232 superati
1241 3156 1320 3216 sunt

142 3261 173 3319 et
200 3255 309 3339 plures
338 3275 378 3322 ex
407 3256 459 3322 his
489 3257 588 3322 armis
611 3258 692 3341 ipsis
715 3276 787 3323 cum
809 3256 934 3324 duobus
956 3257 1159 3341 principibus
1180 3259 1321 3342 periere,

141 3364 317 3449 octingenti
340 3386 417 3433 uero
440 3374 635 3452 pugnatores
658 3368 713 3451 qui
735 3387 776 3433 ex
797 3367 863 3434 illis
887 3367 930 3432 ad
945 3387 1002 3432 sex
1018 3367 1109 3431 milia
1123 3367 1319 3451 institerant,

141 3475 297 3542 Sinadem
319 3477 505 3561 confugiunt
527 3484 560 3543 et
583 3477 666 3562 salui
681 3483 885 3544 remanentes
900 3477 1066 3543 Suleiman
1089 3477 1204 3543 sociati
1223 3487 1315 3545 sunt:

140 3586 175 3651 in
190 3587 318 3673 Syriam
340 3586 537 3671 repedarunt
559 3588 697 3672 inglorii.
742 3587 856 3653 codem
877 3587 975 3653 etiam
998 3607 1084 3652 anno
1105 3594 1137 3652 et
1157 3587 1192 3652 in
1207 3588 1319 3655 Africa
1342 3611 1378 3663 ao

210 3919 219 3966 l
242 3920 268 3967 et
286 3917 351 3966 litet
362 3920 390 3968 17
410 3920 436 3968 et
454 3918 483 3967 21
496 3918 564 3968 etlll
582 3914 749 3969 zuleimenll
816 3916 831 3967 2
851 3920 914 3968 cate
931 3913 1060 3967 aduersus
1076 3912 1139 3967 add.
1158 3913 1232 3968 lulius
1247 3915 1318 3970 llam

139 4006 223 4077 uulgo
292 4006 452 4060 lurcesrmo
477 4007 586 4075 septimo
616 4008 737 4075 lleptrmo
762 4016 879 4062 musam}
906 4005 1083 4061 zuleimenll
1151 4011 1165 4060 5
1195 4023 1228 4062 ex
1254 4010 1319 4063 Alia

139 4115 189 4153 cm.
208 4098 235 4153 1)
316 4086 499 4168 tityberruD
584 4099 733 4153 iheluehd
750 4099 777 4154 1)
835 4084 1046 4168 imperatorer
1123 4101 1320 4170 8mrl1t1lq·1)

140 4190 378 4260 lldclpcptrrl·rn
396 4163 525 4246 mindi)
610 4196 641 4245 10
659 4169 832 4247 cunct-arud)
927 4195 957 4244 14
976 4177 1161 4247 eustachrdD
1227 4194 1319 4250 frlruur

139 4300 190 4338 oro.
209 4284 235 4338 l)
294 4285 419 4354 pathmcn
436 4284 463 4338 l>
530 4290 563 4338 20
581 4284 721 4340 mehchD
804 4288 834 4338 21
856 4283 965 4352 equitnm
984 4282 1010 4336 D
1070 4273 1214 4354 achrorind
1232 4288 1316 4345 deba-

138 4374 289 4431 chantell)
350 4381 382 4431 22
402 4392 463 4430 cum
482 4378 579 4433 cml)
630 4376 755 4446 tyaneI)
830 4379 861 4429 25
881 4375 1054 4432 chromonD
1111 4382 1145 4434 29
1164 4369 1273 4451 synaldd
1290 4384 1318 4439 D
