2834 5394
184 228 248 295 tbi
680 240 773 287 amru
796 237 857 285 xx1

272 393 367 459 Anno
390 398 503 458 oetauo
526 390 654 476 imperii
677 391 863 460 Constantis
891 391 993 456 mouit
1012 390 1163 457 liauhias
1184 389 1377 457 exereitum

189 506 336 572 ualenter
356 502 515 570 aduersus
535 500 679 567 Aradum
702 502 917 586 proeliaturus
939 508 972 567 et
993 501 1077 583 hane
1098 500 1245 586 optinuit
1267 501 1376 567 uerbo

187 613 230 682 ad
252 610 465 680 habitandum
487 611 653 678 dimittens
681 612 771 679 eines
798 612 990 695 ubicumque
1018 611 1208 677 uoluissent.
1257 610 1376 676 oiuita·

186 731 252 793 tem
274 741 352 789 uero
375 723 475 789 muris
503 721 671 787 dissolutis
697 721 841 788 incendit
868 729 901 788 et
927 721 1067 789 insulam
1088 739 1192 805 usque
1215 719 1254 784 in
1276 738 1375 805 prae

188 854 265 902 sens
285 831 532 899 inhabitabilem
553 831 675 898 statuit.
1388 844 1404 894 t

97 946 166 1013 IIII
274 941 368 1008 Anno
395 941 523 1027 imperii
551 939 737 1008 Constantis
772 960 857 1007 nono
883 941 990 1007 Busur
1018 941 1170 1026 princeps
1198 941 1372 1007 exereitus

187 1072 254 1119 una
281 1070 353 1116 oum
374 1049 537 1118 arabibus
563 1051 651 1117 aoies
679 1049 797 1117 direxit
823 1050 983 1117 aduersus
1003 1051 1162 1117 Isauriam
1191 1056 1225 1115 et
1247 1050 1372 1117 oecisis

189 1160 297 1226 multis
325 1179 398 1225 oum
426 1160 568 1245 quinque
595 1160 726 1226 milibus
753 1161 954 1245 captiuorum
982 1180 1132 1228 reuersus
1159 1166 1218 1227 est.
1268 1159 1372 1226 mittit

188 1278 296 1336 autem
328 1270 502 1354 imperator
531 1268 691 1337 Constans
718 1271 909 1356 Proeopium
941 1268 1102 1352 quendam
1133 1267 1177 1335 ad
1204 1268 1370 1335 lllaubian

188 1399 350 1468 quaerens
378 1399 501 1465 paoem.
546 1379 633 1464 quod
667 1385 700 1446 et
726 1381 847 1446 laetum
874 1385 925 1448 est
953 1380 1048 1447 annis
1077 1379 1204 1446 duobus
1236 1377 1366 1461 Grego
1389 1387 1416 1438 to

187 1491 271 1557 rium
301 1490 403 1555 illium
431 1487 595 1555 Theodori
624 1496 769 1557 sumente
797 1488 930 1557 Mauhia
958 1490 1028 1555 loeo
1056 1488 1201 1574 pignoris
1234 1489 1274 1553 in
1302 1489 1370 1555 Da·

188 1619 342 1668 meseum.

91 1694 97 1701 ’
276 1709 370 1774 Anno
392 1707 519 1792 imperii
541 1707 730 1775 Constantis
751 1708 876 1775 deeimo
898 1708 1094 1776 simultatem
1122 1706 1279 1773 excitauit
1308 1708 1370 1771 im·

190 1817 333 1904 peratori
355 1816 577 1899 Pasagnatbes
598 1817 823 1885 Armeniorum
845 1819 999 1904 patricius
1027 1825 1060 1883 et
1082 1816 1214 1884 foedera
1235 1816 1369 1901 pepigit

191 1945 264 1992 oum
278 1924 410 1992 Matthia
432 1925 516 1992 dans
538 1927 569 1991 ei
590 1926 691 1991 filium
714 1948 816 1993 suum.
854 1948 917 2011 qno
940 1928 1051 1993 audito
1074 1928 1249 2012 imperator
1272 1929 1416 1993 uenit1⁵

191 2053 295 2119 usque
310 2033 507 2101 Caesaream
522 2033 748 2120 Cappadoeiae
770 2044 803 2103 et
824 2036 1015 2122 desperatus
1030 2037 1072 2102 ab
1086 2034 1241 2102 Armenia
1254 2035 1367 2102 rediit

275 2144 372 2209 Anno
392 2143 521 2229 imperii
536 2143 723 2213 Constantis
745 2146 915 2213 undeolmo
937 2146 1018 2213 einis
1040 2167 1059 2214 e
1080 2147 1170 2212 eaelo
1192 2144 1369 2212 deseendit

191 2260 225 2321 et
244 2254 340 2321 timor
361 2272 498 2337 magnus
519 2274 619 2341 super
638 2254 786 2324 homines
807 2254 932 2347 cecidit.

276 2365 371 2430 Anno
399 2363 527 2449 imperii
549 2363 734 2433 Constantis
762 2364 952 2433 duodecimo
974 2365 1124 2432 blaubias
1144 2364 1296 2431 Rhodum
1318 2385 1367 2432 re

194 2473 288 2542 diens
303 2473 463 2541 destruxit
477 2472 645 2542 Colossum
668 2476 738 2543 eius
760 2482 833 2561 post
855 2477 943 2542 mille
964 2483 1122 2542 trecentos
1144 2483 1178 2541 et
1191 2475 1367 2558 sexaginta
1390 2492 1409 2526 ⁸¹

192 2583 379 2651 stabilitatis
401 2583 505 2669 ipsius
528 2605 640 2652 annos.
684 2605 778 2669 quem
794 2605 866 2651 eum
881 2584 1020 2652 Iudaeus
1036 2585 1167 2669 quidam
1182 2585 1366 2652 Emesenus

190 2693 374 2774 negotiator
396 2693 537 2776 emisset,
573 2702 754 2778 nongentos
776 2694 917 2762 camelos
944 2714 985 2760 ex
1012 2695 1082 2761 eius
1105 2712 1181 2760 aere
1203 2695 1364 2759 onerauit.

191 2799 305 2868 eodem
328 2821 414 2867 anno
437 2802 561 2870 Abibus
582 2803 726 2868 Arabum
756 2810 886 2888 praetor
912 2803 1071 2871 aduersus
1093 2805 1279 2869 Armeniam
1307 2821 1366 2868 ex·

191 2911 324 2977 eruitum
354 2912 463 2978 mouit.
507 2913 563 2997 qui
590 2919 781 2980 consecutus
802 2913 1006 2980 Maurianum
1033 2921 1214 2998 praetorem
1236 2913 1365 2980 inseou·

193 3025 245 3087 tus
267 3028 410 3086 osteum
433 3040 536 3105 usque
558 3021 601 3087 ad
623 3021 798 3089 Caucasios
821 3031 945 3090 montes
973 3031 1004 3088 et
1032 3024 1197 3106 regionem
1225 3021 1365 3106 deprae-
1383 3033 1416 3083 25

193 3127 289 3195 datus
312 3135 370 3194 est.

146 3236 175 3304 V
281 3236 375 3301 Anno
396 3236 523 3321 imperii
547 3237 732 3308 Constantis
759 3242 852 3307 tertio
881 3240 1005 3307 decimo
1027 3242 1192 3326 praesepit
1213 3239 1365 3306 Mauhias

194 3352 389 3412 armaturam
422 3346 492 3412 iieri
524 3349 655 3414 nauium
687 3370 839 3434 magnam
873 3369 936 3432 quo
969 3349 1160 3417 aseenderet
1186 3349 1229 3416 ad
1250 3349 1364 3414 urbem

192 3456 317 3541 regiam
339 3456 454 3524 elassis
476 3475 595 3524 eorum.
639 3460 743 3526 omnis
764 3467 872 3526 autem
893 3468 1070 3545 apparatus
1097 3458 1185 3544 apud
1206 3458 1363 3542 Tripolim

193 3566 372 3632 Phoenices
394 3567 623 3636 consistebant.
667 3589 778 3635 uerum
807 3569 868 3635 boo
895 3568 966 3636 uiso
994 3569 1058 3634 duo
1087 3570 1202 3635 iratres
1230 3567 1361 3652 quidam
1380 3578 1409 3628 3=

193 3674 432 3743 Christiania
454 3677 578 3762 Tripoli
605 3686 773 3747 manentes
802 3679 861 3745 lilii
882 3678 1080 3745 bueinatoris
1101 3676 1268 3745 cuiusdam
1291 3678 1362 3743 nelo

193 3783 247 3852 dei
281 3784 417 3852 saueiati
449 3783 492 3850 ad
526 3805 685 3855 oaroerem
713 3789 854 3856 ciuitatis
881 3789 1004 3874 impetu
1025 3789 1183 3871 abierunt,
1220 3787 1362 3853 babebat

193 3901 302 3961 autem
324 3894 561 3962 multitudinem
575 3899 789 3965 Romanorum
812 3899 1046 3965 uineulatorum
1069 3906 1101 3965 et
1122 3897 1276 3980 disruptis
1291 3916 1362 3980 por-

263 4165 274 4213 1
295 4166 322 4214 et
339 4165 354 4214 9
373 4170 399 4215 et
419 4167 447 4216 11
467 4169 494 4217 et
513 4169 543 4218 15
562 4170 588 4219 et
610 4168 638 4218 19
657 4164 825 4220 muhameI)
904 4169 919 4219 3
938 4163 1073 4218 dimittent
1088 4180 1139 4219 om.
1157 4162 1184 4219 b
1268 4168 1365 4231 lprt·

197 4251 278 4305 lentrl
293 4252 319 4306 D
373 4258 404 4308 19
422 4254 562 4312 rodomi)
612 4261 641 4310 21
662 4256 834 4312 emelmulD
885 4261 917 4311 2³
935 4257 1008 4325 surb3
1025 4255 1052 4311 1)
1105 4261 1137 4310 11
1156 4257 1323 4327 muhaulurat
1340 4256 1366 4310 l)

197 4345 230 4396 30
247 4341 336 4398 ionice
353 4344 380 4398 I)
430 4345 499 4402 duol
512 4348 539 4403 Ι)
