2834 5394
528 190 603 234 ear.
630 191 719 234 eurr·
736 192 776 234 nx
1180 178 1240 237 lli>

66 339 139 403 duur
164 348 196 403 et
218 341 342 406 l'rasini
366 341 519 404 eorruiriis
542 361 612 403 earu
644 342 805 405 lacessere
827 360 1074 425 praesumpsere
1097 344 1238 407 olaman-

66 459 114 516 tes
148 451 273 514 ‘iterum
306 450 340 514 iu
373 449 517 532 gabatha
550 451 683 515 bibisti?
728 451 843 515 iterum
874 470 1004 516 sensum
1032 451 1236 536 perdidisti‘l'

65 569 96 624 et
118 561 210 626 iussu
226 559 353 623 Phoeac
369 559 504 625 Cosmus
527 561 707 645 praelectus
730 560 818 625 urbis
841 562 957 626 multos
981 581 1021 626 ex
1043 562 1089 628 cis
1112 561 1240 626 detrun·

65 670 160 750 cauit,
198 668 356 753 quosdam
384 688 461 734 uero
491 669 673 748 dedederit,
712 690 776 734 non
805 671 910 736 nullos
940 680 1047 737 autern
1070 672 1104 751 in
1127 690 1238 737 saccos

35 781 185 846 emissos
208 780 289 843 mari
311 780 449 844 neeauit.
494 800 589 863 porro
612 780 740 845 Prasini
763 781 945 846 coaceruati
961 781 1117 846 miserunt
1131 781 1239 864 ignem

63 892 98 956 in
120 889 316 976 praetorium
340 898 372 954 et
393 888 605 955 incenderunt
626 890 747 954 curiam
771 901 803 956 et
825 890 945 956 scrinia
967 898 998 955 et
1020 910 1175 971 carceres,
1199 910 1240 955 cx

64 1000 183 1086 quibus
205 1000 328 1082 egressi
351 999 450 1064 uincti
479 1000 638 1081 fugerunt.
684 999 760 1063 hinc
787 1000 888 1067 iratus
911 1000 1036 1066 Placeas
1066 1020 1130 1065 non
1160 1000 1241 1064 mili·

64 1111 127 1176 lari
148 1109 303 1175 Prasinos
326 1108 424 1174 iubet.

151 1219 251 1284 Porro
273 1219 442 1285 Heraclius
474 1225 604 1302 praetor
625 1217 754 1285 Africae
787 1219 967 1286 molestiam
1001 1221 1186 1304 perpetiens
1219 1238 1247 1286 a'
1261 1211 1318 1274 LX

23 1341 51 1390 ro
67 1335 182 1396 senatu
209 1331 338 1394 uocauit
366 1329 467 1394 filium
495 1350 588 1395 suurn
609 1329 794 1394 Heraclium
824 1335 936 1395 contra
963 1329 1104 1395 Phocam
1133 1322 1263 1414 tyran?

66 1459 143 1504 num
165 1438 322 1505 mittendi.
367 1459 478 1504 uerum
511 1447 543 1504 et
572 1438 763 1522 subpraetor
790 1439 860 1508 eius
884 1439 1047 1523 Gregoras
1076 1439 1163 1505 misit
1183 1459 1242 1525 per

66 1547 192 1613 aridam
214 1549 361 1614 Nicetam
389 1549 490 1614 lilium
519 1570 610 1615 suum
641 1555 818 1615 statuentes
848 1557 882 1614 ut
911 1550 1104 1634 quicumque
1127 1569 1167 1616 ex
1190 1549 1241 1616 his

66 1658 272 1744 praeueniret
294 1666 526 1743 superaratque
547 1664 731 1742 tyrannum,
755 1652 925 1744 imperium
948 1666 1098 1726 sumeret.

148 1768 218 1833 Hoc
240 1788 317 1834 uero
339 1789 424 1834 anno
447 1769 550 1835 hiems
572 1768 713 1835 enormis
735 1769 871 1834 eflicitur
902 1769 948 1835 ita
978 1777 1012 1834 ut
1043 1770 1142 1835 maris
1163 1770 1241 1835 mol·

21 1889 49 1938 rt
65 1878 158 1944 licies
179 1878 214 1943 in
235 1878 353 1962 glaciei
376 1879 527 1944 duritiam
549 1886 737 1946 uerteretur.

149 1990 233 2053 Tum
255 1988 381 2055 Phocas
410 1989 608 2055 Macrobium
638 1989 827 2054 Scribonem
855 1990 949 2055 iussit
977 1991 1126 2074 sagittari
1153 1988 1240 2076 apud

64 2098 243 2183 Septimum
276 2099 470 2183 pendentem
505 2100 539 2164 in
570 2099 687 2166 lancea
715 2100 751 2163 in
779 2120 843 2183 qua
865 2100 985 2166 tirones
1008 2099 1240 2167 exercebantur

63 2207 158 2291 quasi
179 2208 341 2275 conscium
364 2208 556 2275 insidiarum
572 2228 711 2275 suarum.
750 2207 940 2275 Theodorus
956 2209 1041 2274 enim
1057 2211 1239 2294 praelectus

63 2316 242 2403 Cappadox
264 2326 296 2383 et
317 2317 488 2404 Helpidius
517 2319 722 2402 praepositus
752 2318 944 2384 armamenti
973 2324 1006 2384 et
1033 2319 1090 2384 alii
1118 2318 1239 2385 diuersi

18 2443 47 2495 to
62 2427 232 2494 eonsilium
255 2428 398 2494 lecerunt
419 2429 454 2493 in
477 2426 688 2512 hippodromo
710 2428 843 2492 Phocan
872 2425 1049 2494 occidendi.
1095 2434 1126 2493 ct
1153 2428 1237 2493 iacto

60 2537 198 2624 prandio
227 2538 417 2604 Theodorus
445 2540 626 2623 praelectus
655 2537 816 2623 practorio
844 2537 949 2621 coepit
977 2537 1024 2604 eis
1053 2544 1163 2604 texere
1191 2539 1237 2604 in·

62 2647 237 2712 tentionem
260 2669 362 2714 suam.
407 2649 540 2732 contigit
562 2656 670 2713 autern
700 2647 767 2712 illic
795 2647 936 2712 inueniri
956 2648 1166 2716 Anastasium
1189 2669 1237 2714 eo·

61 2757 173 2823 mitem
196 2758 412 2842 largitionum.
457 2757 595 2843 prandio
626 2778 702 2842 crgo
734 2757 817 2822 lacto
845 2765 877 2821 ct
898 2759 1057 2825 enarratis
1080 2759 1130 2824 his
1153 2779 1236 2841 quae

61 2866 252 2934 insidiarum
275 2875 377 2949 erant,
401 2869 559 2952 paenituit
574 2868 784 2934 Anastasium
806 2867 872 2932 illic
895 2888 930 2934 se
946 2877 1108 2953 repertum
1123 2877 1156 2934 et
1170 2889 1234 2934 non

15 2996 46 3046 25
62 2976 144 3042 dixit
166 2997 249 3061 quae
271 2977 359 3042 cordi
383 2998 441 3043 suo
462 2979 591 3044 inerant
612 2978 671 3045 sed
694 2978 791 3044 siluit.
831 2985 865 3042 at
886 2997 962 3044 uero
977 2978 1146 3064 Helpidius
1167 2998 1237 3065 per·

62 3086 200 3152 durabat
222 3087 334 3153 dicens
359 3087 432 3153 ‘non
455 3089 551 3154 uultis
575 3096 609 3152 ut
630 3108 702 3152 cum
724 3086 844 3154 sederit
865 3088 900 3153 in
915 3088 997 3155 solio
1008 3109 1110 3175 ‘super
1126 3089 1238 3176 hippo·

62 3196 216 3278 dromum‚
255 3198 339 3263 hunc
368 3197 637 3284 comprehendam
667 3206 698 3263 et
727 3199 865 3264 euellam
894 3200 1003 3265 oculos
1032 3200 1102 3266 eius
1130 3209 1163 3266 et
1191 3201 1237 3267 sic

62 3325 136 3372 eum
158 3308 388 3373 interficiam?
431 3317 463 3374 et
484 3308 696 3393 pollicebatur
719 3309 766 3376 eis
789 3307 867 3373 dare
889 3327 1010 3375 currus.
1055 3329 1090 3376 re
1112 3316 1236 3395 praete-

62 3435 120 3482 rea
141 3417 268 3483 Phocae
291 3425 368 3483 nota
389 3437 430 3486 cx
452 3419 635 3504 proditione
650 3418 816 3485 Anastasii
832 3418 916 3483 lacta
930 3418 1025 3483 iussit
1039 3418 1235 3501 praelectum

13 3547 45 3599 ao
61 3525 248 3611 Helpidium
271 3536 302 3593 et
324 3530 480 3613 primores
504 3529 558 3613 qui
580 3530 743 3595 sciuerant
771 3549 838 3594 rem
861 3527 1042 3591 cumomni
1065 3527 1235 3612 diligentia

61 3634 188 3702 discuti.
233 3657 370 3723 eumque
392 3639 637 3719 discuterentur,
667 3659 750 3722 quae
772 3636 963 3703 insidiarum
986 3637 1121 3719 lucrant,
1156 3638 1233 3705 lassi

68 3823 293 3834 ---------4
320 3828 344 3832 ---
355 3828 359 3831 -

128 3935 143 3984 3
162 3931 236 3985 urbrl
252 3932 314 3986 add.
335 3932 554 4003 Bouparsr'uaus,
572 3948 622 3985 ont.
641 3929 696 3984 BP
751 3913 971 3984 detruncabitD
1045 3935 1061 3985 9
1079 3931 1193 3986 eraclrur
1208 3932 1234 3985 Ι)

61 4027 93 4076 10
110 3999 240 4105 aberaehsr
257 4026 283 4079 I)
334 4026 449 4094 phocam
467 4025 549 4081 rici)
622 4029 651 4078 ll
669 4025 796 4077 rnnorrnrl
812 4022 839 4077 Ι)
890 4023 1057 4079 mollrtrelD
1131 4028 1159 4078 lt
1179 4040 1233 4093 qua

59 4117 435 4190 D.·qu01>era1asrasas
486 4118 592 4188 tyronel
610 4117 654 4182 lDJ
719 4120 748 4170 lt
766 4117 910 4186 cappadox
928 4114 962 4173 θ’
1015 4114 1235 4172 cornamentrD

58 4218 91 4269 20
109 4212 322 4284 rppodromrol)
382 4215 411 4264 21
433 4185 585 4281 pretonorb
603 4210 710 4281 eeprtD
762 4214 794 4264 26
813 4182 1018 4280 yppodromriD
1070 4214 1101 4263 27
1122 4210 1232 4265 euellem

58 4308 84 4363 Ι)
136 4310 168 4360 29
187 4304 321 4361 eurlull)
389 4308 422 4358 ‘29
440 4311 505 4359 nota
522 4292 736 4374 expedruoneD
804 4307 837 4359 30
855 4303 991 4374 drlrgentra
1010 4303 1156 4387 drlrgenltra
1174 4303 1201 4358 D
