<?xml version="1.0" encoding="UTF-8"?>
<!DOCTYPE html PUBLIC "-//W3C//DTD XHTML 1.0 Transitional//EN"
    "http://www.w3.org/TR/xhtml1/DTD/xhtml1-transitional.dtd">
<html xmlns="http://www.w3.org/1999/xhtml" xml:lang="en" lang="en">
 <head>
  <title>
</title>
<meta http-equiv="Content-Type" content="text/html;charset=utf-8" />
  <meta name='ocr-system' content='tesseract 3.04.00' />
  <meta name='ocr-capabilities' content='ocr_page ocr_carea ocr_par ocr_line ocrx_word'/>
</head>
<body>
  <div class='ocr_page' id='page_1' title='image "./historiamiscell00sagagoog_0310.png"; bbox 0 0 2834 5394; ppageno 0'>
   <div class='ocr_carea' id='block_1_1' title="bbox 148 254 820 319">
    <p class='ocr_par' dir='ltr' id='par_1_1' title="bbox 148 254 820 319">
     <span class='ocr_line' id='line_1_1' title="bbox 148 254 820 319; baseline -0.01 -2"><span class='ocrx_word' id='word_1_1' title='bbox 148 254 211 319; x_wconf 79' lang='lat'>296</span> <span class='ocrx_word' id='word_1_2' title='bbox 643 265 735 312; x_wconf 85' lang='lat' dir='ltr'>nrum</span> <span class='ocrx_word' id='word_1_3' title='bbox 757 265 820 311; x_wconf 87' lang='lat' dir='ltr'>xnr</span> 
     </span>
    </p>
   </div>
   <div class='ocr_carea' id='block_1_2' title="bbox 34 412 1368 3910">
    <p class='ocr_par' dir='ltr' id='par_1_2' title="bbox 34 412 1323 733">
     <span class='ocr_line' id='line_1_2' title="bbox 147 412 1321 506; baseline -0.009 -18"><span class='ocrx_word' id='word_1_4' title='bbox 147 419 312 506; x_wconf 85' lang='lat' dir='ltr'>praecepit</span> <span class='ocrx_word' id='word_1_5' title='bbox 333 426 366 484; x_wconf 90' lang='lat' dir='ltr'>et</span> <span class='ocrx_word' id='word_1_6' title='bbox 387 438 453 484; x_wconf 88' lang='lat' dir='ltr'>una</span> <span class='ocrx_word' id='word_1_7' title='bbox 474 437 546 482; x_wconf 92' lang='lat' dir='ltr'>cum</span> <span class='ocrx_word' id='word_1_8' title='bbox 576 416 764 482; x_wconf 85' lang='lat' dir='ltr'>nocentibus</span> <span class='ocrx_word' id='word_1_9' title='bbox 792 416 980 480; x_wconf 88' lang='lat' dir='ltr'>innocentes</span> <span class='ocrx_word' id='word_1_10' title='bbox 1008 412 1159 494; x_wconf 86' lang='lat' dir='ltr'>interimi,</span> <span class='ocrx_word' id='word_1_11' title='bbox 1196 420 1321 498; x_wconf 88' lang='lat' dir='ltr'>septem</span> 
     </span>
     <span class='ocr_line' id='line_1_3' title="bbox 146 523 1323 606; baseline -0.008 -9"><span class='ocrx_word' id='word_1_12' title='bbox 146 531 238 597; x_wconf 87' lang='lat' dir='ltr'>milia</span> <span class='ocrx_word' id='word_1_13' title='bbox 265 529 383 596; x_wconf 79' lang='lat' dir='ltr'>etenim</span> <span class='ocrx_word' id='word_1_14' title='bbox 411 527 576 594; x_wconf 90' lang='lat' dir='ltr'>hominum</span> <span class='ocrx_word' id='word_1_15' title='bbox 598 527 680 591; x_wconf 89' lang='lat' dir='ltr'>sicut</span> <span class='ocrx_word' id='word_1_16' title='bbox 706 527 805 590; x_wconf 82' lang='lat' dir='ltr'>fertur</span> <span class='ocrx_word' id='word_1_17' title='bbox 825 526 922 591; x_wconf 90' lang='lat' dir='ltr'>occisi</span> <span class='ocrx_word' id='word_1_18' title='bbox 938 533 1012 591; x_wconf 90' lang='lat' dir='ltr'>sunt</span> <span class='ocrx_word' id='word_1_19' title='bbox 1028 545 1092 588; x_wconf 93' lang='lat' dir='ltr'>non</span> <span class='ocrx_word' id='word_1_20' title='bbox 1108 523 1323 606; x_wconf 76' lang='lat' dir='ltr'>praecedente</span> 
     </span>
     <span class='ocr_line' id='line_1_4' title="bbox 34 633 1248 733; baseline -0.009 -24"><span class='ocrx_word' id='word_1_21' title='bbox 34 710 48 733; x_wconf 58' lang='grc'>,</span> <span class='ocrx_word' id='word_1_22' title='bbox 146 640 266 708; x_wconf 89' lang='lat' dir='ltr'>iudicio</span> <span class='ocrx_word' id='word_1_23' title='bbox 292 639 350 707; x_wconf 89' lang='lat' dir='ltr'>sed</span> <span class='ocrx_word' id='word_1_24' title='bbox 372 648 536 724; x_wconf 88' lang='lat' dir='ltr'>tamquam</span> <span class='ocrx_word' id='word_1_25' title='bbox 557 638 591 702; x_wconf 94' lang='lat' dir='ltr'>in</span> <span class='ocrx_word' id='word_1_26' title='bbox 614 636 775 702; x_wconf 90' lang='lat' dir='ltr'>messibus</span> <span class='ocrx_word' id='word_1_27' title='bbox 797 654 908 700; x_wconf 89' lang='lat' dir='ltr'>omnes</span> <span class='ocrx_word' id='word_1_28' title='bbox 930 636 1024 701; x_wconf 90' lang='lat' dir='ltr'>simul</span> <span class='ocrx_word' id='word_1_29' title='bbox 1047 633 1140 700; x_wconf 89' lang='lat' dir='ltr'>incisi</span> <span class='ocrx_word' id='word_1_30' title='bbox 1163 641 1248 700; x_wconf 89' lang='lat' dir='ltr'>sunt.</span> 
     </span>
    </p>

    <p class='ocr_par' dir='ltr' id='par_1_3' title="bbox 64 744 1368 3138">
     <span class='ocr_line' id='line_1_5' title="bbox 64 744 1321 831; baseline -0.002 -20"><span class='ocrx_word' id='word_1_31' title='bbox 64 744 128 811; x_wconf 91' lang='lat'>1111</span> <span class='ocrx_word' id='word_1_32' title='bbox 234 751 338 817; x_wconf 91' lang='lat' dir='ltr'>Huius</span> <span class='ocrx_word' id='word_1_33' title='bbox 359 747 447 815; x_wconf 88' lang='lat' dir='ltr'>modi</span> <span class='ocrx_word' id='word_1_34' title='bbox 468 746 593 814; x_wconf 88' lang='lat' dir='ltr'>cladem</span> <span class='ocrx_word' id='word_1_35' title='bbox 614 748 745 831; x_wconf 83' lang='lat' dir='ltr'>plenam</span> <span class='ocrx_word' id='word_1_36' title='bbox 773 746 869 810; x_wconf 92' lang='lat' dir='ltr'>ualde</span> <span class='ocrx_word' id='word_1_37' title='bbox 891 746 1064 829; x_wconf 81' lang='lat' dir='ltr'>gemitibus</span> <span class='ocrx_word' id='word_1_38' title='bbox 1086 744 1221 810; x_wconf 90' lang='lat' dir='ltr'>audieus</span> <span class='ocrx_word' id='word_1_39' title='bbox 1244 746 1321 808; x_wconf 82' lang='lat' dir='ltr'>Am-</span> 
     </span>
     <span class='ocr_line' id='line_1_6' title="bbox 145 855 1354 943; baseline -0.01 -15"><span class='ocrx_word' id='word_1_40' title='bbox 145 862 273 930; x_wconf 87' lang='lat' dir='ltr'>brosius</span> <span class='ocrx_word' id='word_1_41' title='bbox 302 881 373 925; x_wconf 91' lang='lat' dir='ltr'>eum</span> <span class='ocrx_word' id='word_1_42' title='bbox 401 859 553 943; x_wconf 90' lang='lat' dir='ltr'>princeps</span> <span class='ocrx_word' id='word_1_43' title='bbox 575 857 793 923; x_wconf 82' lang='lat' dir='ltr'>Mediolanum</span> <span class='ocrx_word' id='word_1_44' title='bbox 824 856 968 922; x_wconf 89' lang='lat' dir='ltr'>uenisset</span> <span class='ocrx_word' id='word_1_45' title='bbox 996 864 1028 921; x_wconf 89' lang='lat' dir='ltr'>et</span> <span class='ocrx_word' id='word_1_46' title='bbox 1058 855 1257 921; x_wconf 82' lang='lat' dir='ltr'>sollemniter</span> <span class='ocrx_word' id='word_1_47' title='bbox 1286 857 1354 920; x_wconf 80' lang='lat' dir='ltr'>ins</span> 
     </span>
     <span class='ocr_line' id='line_1_7' title="bbox 145 965 1320 1050; baseline -0.008 -10"><span class='ocrx_word' id='word_1_48' title='bbox 145 991 272 1040; x_wconf 84' lang='lat' dir='ltr'>sacrum</span> <span class='ocrx_word' id='word_1_49' title='bbox 295 971 450 1036; x_wconf 87' lang='lat' dir='ltr'>uoluisset</span> <span class='ocrx_word' id='word_1_50' title='bbox 471 970 592 1034; x_wconf 86' lang='lat' dir='ltr'>intrare</span> <span class='ocrx_word' id='word_1_51' title='bbox 614 967 778 1050; x_wconf 89' lang='lat' dir='ltr'>templum,</span> <span class='ocrx_word' id='word_1_52' title='bbox 812 969 948 1031; x_wconf 87' lang='lat' dir='ltr'>occurrit</span> <span class='ocrx_word' id='word_1_53' title='bbox 976 966 1054 1031; x_wconf 90' lang='lat' dir='ltr'>loris</span> <span class='ocrx_word' id='word_1_54' title='bbox 1084 965 1126 1030; x_wconf 87' lang='lat' dir='ltr'>ad</span> <span class='ocrx_word' id='word_1_55' title='bbox 1149 967 1265 1031; x_wconf 85' lang='lat' dir='ltr'>ianuas</span> <span class='ocrx_word' id='word_1_56' title='bbox 1288 975 1320 1031; x_wconf 88' lang='lat' dir='ltr'>et</span> 
     </span>
     <span class='ocr_line' id='line_1_8' title="bbox 144 1077 1320 1167; baseline -0.006 -19"><span class='ocrx_word' id='word_1_57' title='bbox 144 1080 379 1167; x_wconf 81' lang='lat' dir='ltr'>ingredientem</span> <span class='ocrx_word' id='word_1_58' title='bbox 402 1079 454 1144; x_wconf 90' lang='lat' dir='ltr'>his</span> <span class='ocrx_word' id='word_1_59' title='bbox 477 1077 679 1145; x_wconf 79' lang='lat' dir='ltr'>sermonibus</span> <span class='ocrx_word' id='word_1_60' title='bbox 707 1098 728 1141; x_wconf 93' lang='lat' dir='ltr'>a</span> <span class='ocrx_word' id='word_1_61' title='bbox 756 1078 839 1143; x_wconf 91' lang='lat' dir='ltr'>sacri</span> <span class='ocrx_word' id='word_1_62' title='bbox 862 1077 984 1143; x_wconf 91' lang='lat' dir='ltr'>liminis</span> <span class='ocrx_word' id='word_1_63' title='bbox 1006 1077 1132 1141; x_wconf 83' lang='lat' dir='ltr'>incessu</span> <span class='ocrx_word' id='word_1_64' title='bbox 1155 1077 1320 1159; x_wconf 87' lang='lat' dir='ltr'>prohibuit</span> 
     </span>
     <span class='ocr_line' id='line_1_9' title="bbox 146 1187 1319 1273; baseline -0.006 -15"><span class='ocrx_word' id='word_1_65' title='bbox 146 1191 261 1258; x_wconf 90' lang='lat' dir='ltr'>‘nescis</span> <span class='ocrx_word' id='word_1_66' title='bbox 285 1190 459 1273; x_wconf 86' lang='lat' dir='ltr'>imperator</span> <span class='ocrx_word' id='word_1_67' title='bbox 481 1194 686 1271; x_wconf 80' lang='lat' dir='ltr'>perpetratae</span> <span class='ocrx_word' id='word_1_68' title='bbox 715 1208 736 1252; x_wconf 91' lang='lat' dir='ltr'>a</span> <span class='ocrx_word' id='word_1_69' title='bbox 758 1187 902 1254; x_wconf 83' lang='lat' dir='ltr'>tenacis</span> <span class='ocrx_word' id='word_1_70' title='bbox 924 1196 1045 1270; x_wconf 70' lang='lat' dir='ltr'>‹ruanta</span> <span class='ocrx_word' id='word_1_71' title='bbox 1068 1188 1109 1251; x_wconf 91' lang='lat' dir='ltr'>sit</span> <span class='ocrx_word' id='word_1_72' title='bbox 1130 1187 1319 1268; x_wconf 88' lang='lat' dir='ltr'>magnitudo</span> 
     </span>
     <span class='ocr_line' id='line_1_10' title="bbox 144 1298 1317 1385; baseline -0.005 -19"><span class='ocrx_word' id='word_1_73' title='bbox 144 1320 248 1385; x_wconf 91' lang='lat' dir='ltr'>neque</span> <span class='ocrx_word' id='word_1_74' title='bbox 270 1308 344 1384; x_wconf 89' lang='lat' dir='ltr'>post</span> <span class='ocrx_word' id='word_1_75' title='bbox 365 1319 496 1365; x_wconf 89' lang='lat' dir='ltr'>eausam</span> <span class='ocrx_word' id='word_1_76' title='bbox 519 1299 600 1363; x_wconf 88' lang='lat' dir='ltr'>tanti</span> <span class='ocrx_word' id='word_1_77' title='bbox 622 1298 739 1363; x_wconf 76' lang='lat' dir='ltr'>littaris</span> <span class='ocrx_word' id='word_1_78' title='bbox 761 1317 853 1363; x_wconf 88' lang='lat' dir='ltr'>mens</span> <span class='ocrx_word' id='word_1_79' title='bbox 875 1306 931 1362; x_wconf 85' lang='lat' dir='ltr'>tua</span> <span class='ocrx_word' id='word_1_80' title='bbox 952 1298 1068 1362; x_wconf 89' lang='lat' dir='ltr'>molem</span> <span class='ocrx_word' id='word_1_81' title='bbox 1085 1298 1317 1380; x_wconf 87' lang='lat' dir='ltr'>praesumptio·</span> 
     </span>
     <span class='ocr_line' id='line_1_11' title="bbox 143 1406 1368 1494; baseline -0.009 -17"><span class='ocrx_word' id='word_1_82' title='bbox 143 1411 196 1477; x_wconf 89' lang='lat' dir='ltr'>nis</span> <span class='ocrx_word' id='word_1_83' title='bbox 218 1410 388 1494; x_wconf 83' lang='lat' dir='ltr'>agnoscit?</span> <span class='ocrx_word' id='word_1_84' title='bbox 432 1409 491 1475; x_wconf 92' lang='lat' dir='ltr'>sed</span> <span class='ocrx_word' id='word_1_85' title='bbox 520 1409 600 1474; x_wconf 83' lang='lat' dir='ltr'>torte</span> <span class='ocrx_word' id='word_1_86' title='bbox 627 1408 878 1491; x_wconf 83' lang='lat' dir='ltr'>recognitionem</span> <span class='ocrx_word' id='word_1_87' title='bbox 907 1408 1030 1491; x_wconf 88' lang='lat' dir='ltr'>peccati</span> <span class='ocrx_word' id='word_1_88' title='bbox 1058 1406 1208 1490; x_wconf 92' lang='lat' dir='ltr'>prohibet</span> <span class='ocrx_word' id='word_1_89' title='bbox 1229 1416 1317 1489; x_wconf 91' lang='lat' dir='ltr'>pote·</span> <span class='ocrx_word' id='word_1_90' title='bbox 1337 1418 1368 1467; x_wconf 89' lang='lat' dir='ltr'>ro</span> 
     </span>
     <span class='ocr_line' id='line_1_12' title="bbox 144 1517 1319 1603; baseline -0.006 -15"><span class='ocrx_word' id='word_1_91' title='bbox 144 1528 212 1588; x_wconf 84' lang='lat' dir='ltr'>stas</span> <span class='ocrx_word' id='word_1_92' title='bbox 234 1520 371 1603; x_wconf 90' lang='lat' dir='ltr'>imperii.</span> <span class='ocrx_word' id='word_1_93' title='bbox 416 1519 509 1585; x_wconf 87' lang='lat' dir='ltr'>decet</span> <span class='ocrx_word' id='word_1_94' title='bbox 530 1527 639 1584; x_wconf 88' lang='lat' dir='ltr'>tamen</span> <span class='ocrx_word' id='word_1_95' title='bbox 661 1526 696 1583; x_wconf 88' lang='lat' dir='ltr'>ut</span> <span class='ocrx_word' id='word_1_96' title='bbox 717 1519 825 1582; x_wconf 89' lang='lat' dir='ltr'>uincat</span> <span class='ocrx_word' id='word_1_97' title='bbox 839 1518 922 1582; x_wconf 90' lang='lat' dir='ltr'>ratio</span> <span class='ocrx_word' id='word_1_98' title='bbox 938 1525 1139 1601; x_wconf 86' lang='lat' dir='ltr'>potestatem.</span> <span class='ocrx_word' id='word_1_99' title='bbox 1185 1517 1319 1583; x_wconf 86' lang='lat' dir='ltr'>scienda</span> 
     </span>
     <span class='ocr_line' id='line_1_13' title="bbox 145 1628 1319 1716; baseline -0.003 -21"><span class='ocrx_word' id='word_1_100' title='bbox 145 1630 264 1716; x_wconf 91' lang='lat' dir='ltr'>quippe</span> <span class='ocrx_word' id='word_1_101' title='bbox 285 1637 402 1696; x_wconf 86' lang='lat' dir='ltr'>nattna</span> <span class='ocrx_word' id='word_1_102' title='bbox 425 1638 474 1695; x_wconf 89' lang='lat' dir='ltr'>est</span> <span class='ocrx_word' id='word_1_103' title='bbox 495 1629 627 1712; x_wconf 88' lang='lat' dir='ltr'>eiusque</span> <span class='ocrx_word' id='word_1_104' title='bbox 649 1629 827 1692; x_wconf 87' lang='lat' dir='ltr'>mortalitas</span> <span class='ocrx_word' id='word_1_105' title='bbox 849 1635 946 1711; x_wconf 91' lang='lat' dir='ltr'>atque</span> <span class='ocrx_word' id='word_1_106' title='bbox 975 1628 1128 1693; x_wconf 85' lang='lat' dir='ltr'>resolutio</span> <span class='ocrx_word' id='word_1_107' title='bbox 1157 1634 1189 1693; x_wconf 89' lang='lat' dir='ltr'>et</span> <span class='ocrx_word' id='word_1_108' title='bbox 1211 1629 1319 1710; x_wconf 89' lang='lat' dir='ltr'>puluis</span> 
     </span>
     <span class='ocr_line' id='line_1_14' title="bbox 144 1737 1318 1824; baseline -0.003 -19"><span class='ocrx_word' id='word_1_109' title='bbox 144 1740 395 1824; x_wconf 83' lang='lat' dir='ltr'>progenitorum,</span> <span class='ocrx_word' id='word_1_110' title='bbox 432 1759 472 1804; x_wconf 83' lang='lat' dir='ltr'>ex</span> <span class='ocrx_word' id='word_1_111' title='bbox 501 1759 563 1820; x_wconf 85' lang='lat' dir='ltr'>quo</span> <span class='ocrx_word' id='word_1_112' title='bbox 592 1738 667 1803; x_wconf 84' lang='lat' dir='ltr'>lacti</span> <span class='ocrx_word' id='word_1_113' title='bbox 689 1737 732 1803; x_wconf 89' lang='lat' dir='ltr'>ad</span> <span class='ocrx_word' id='word_1_114' title='bbox 754 1757 848 1821; x_wconf 88' lang='lat' dir='ltr'>quem</span> <span class='ocrx_word' id='word_1_115' title='bbox 877 1738 1047 1821; x_wconf 87' lang='lat' dir='ltr'>redigendi</span> <span class='ocrx_word' id='word_1_116' title='bbox 1069 1758 1178 1804; x_wconf 90' lang='lat' dir='ltr'>snmus</span> <span class='ocrx_word' id='word_1_117' title='bbox 1200 1746 1232 1802; x_wconf 88' lang='lat' dir='ltr'>et</span> <span class='ocrx_word' id='word_1_118' title='bbox 1252 1758 1318 1802; x_wconf 93' lang='lat' dir='ltr'>non</span> 
     </span>
     <span class='ocr_line' id='line_1_15' title="bbox 143 1848 1316 1933; baseline -0.003 -18"><span class='ocrx_word' id='word_1_119' title='bbox 143 1849 223 1916; x_wconf 86' lang='lat' dir='ltr'>flore</span> <span class='ocrx_word' id='word_1_120' title='bbox 245 1868 405 1933; x_wconf 89' lang='lat' dir='ltr'>purpureo</span> <span class='ocrx_word' id='word_1_121' title='bbox 428 1848 641 1913; x_wconf 89' lang='lat' dir='ltr'>confidentem</span> <span class='ocrx_word' id='word_1_122' title='bbox 658 1848 865 1913; x_wconf 88' lang='lat' dir='ltr'>infirmitates</span> <span class='ocrx_word' id='word_1_123' title='bbox 880 1849 982 1930; x_wconf 89' lang='lat' dir='ltr'>operti</span> <span class='ocrx_word' id='word_1_124' title='bbox 999 1849 1142 1930; x_wconf 88' lang='lat' dir='ltr'>corporis</span> <span class='ocrx_word' id='word_1_125' title='bbox 1157 1849 1316 1930; x_wconf 87' lang='lat' dir='ltr'>ignorare.</span> 
     </span>
     <span class='ocr_line' id='line_1_16' title="bbox 144 1957 1367 2043; baseline -0.006 -18"><span class='ocrx_word' id='word_1_126' title='bbox 144 1959 364 2043; x_wconf 84' lang='lat' dir='ltr'>coaequalium</span> <span class='ocrx_word' id='word_1_127' title='bbox 387 1957 553 2022; x_wconf 91' lang='lat' dir='ltr'>bominum</span> <span class='ocrx_word' id='word_1_128' title='bbox 576 1977 621 2037; x_wconf 83' lang='lat' dir='ltr'>es,</span> <span class='ocrx_word' id='word_1_129' title='bbox 647 1978 665 2021; x_wconf 93' lang='lat' dir='ltr'>o</span> <span class='ocrx_word' id='word_1_130' title='bbox 688 1957 872 2039; x_wconf 79' lang='lat' dir='ltr'>imperator,</span> <span class='ocrx_word' id='word_1_131' title='bbox 896 1966 928 2022; x_wconf 90' lang='lat' dir='ltr'>et</span> <span class='ocrx_word' id='word_1_132' title='bbox 956 1978 1191 2024; x_wconf 90' lang='lat' dir='ltr'>conscrnorum.</span> <span class='ocrx_word' id='word_1_133' title='bbox 1236 1979 1318 2022; x_wconf 88' lang='lat' dir='ltr'>unus</span> <span class='ocrx_word' id='word_1_134' title='bbox 1339 1968 1367 2018; x_wconf 75' lang='lat' dir='ltr'>te</span> 
     </span>
     <span class='ocr_line' id='line_1_17' title="bbox 144 2067 1318 2149; baseline 0 -15"><span class='ocrx_word' id='word_1_135' title='bbox 144 2068 229 2134; x_wconf 91' lang='lat' dir='ltr'>enim</span> <span class='ocrx_word' id='word_1_136' title='bbox 263 2075 314 2134; x_wconf 91' lang='lat' dir='ltr'>est</span> <span class='ocrx_word' id='word_1_137' title='bbox 346 2067 488 2132; x_wconf 92' lang='lat' dir='ltr'>omnium</span> <span class='ocrx_word' id='word_1_138' title='bbox 521 2067 670 2133; x_wconf 89' lang='lat' dir='ltr'>dominus</span> <span class='ocrx_word' id='word_1_139' title='bbox 702 2088 760 2132; x_wconf 86' lang='lat' dir='ltr'>rex</span> <span class='ocrx_word' id='word_1_140' title='bbox 790 2067 931 2131; x_wconf 93' lang='lat' dir='ltr'>omnium</span> <span class='ocrx_word' id='word_1_141' title='bbox 965 2075 997 2133; x_wconf 91' lang='lat' dir='ltr'>et</span> <span class='ocrx_word' id='word_1_142' title='bbox 1024 2077 1157 2133; x_wconf 88' lang='lat' dir='ltr'>creator.</span> <span class='ocrx_word' id='word_1_143' title='bbox 1201 2068 1318 2149; x_wconf 88' lang='lat' dir='ltr'>quibus</span> 
     </span>
     <span class='ocr_line' id='line_1_18' title="bbox 142 2177 1318 2263; baseline -0.003 -19"><span class='ocrx_word' id='word_1_144' title='bbox 142 2179 241 2263; x_wconf 84' lang='lat' dir='ltr'>igitur</span> <span class='ocrx_word' id='word_1_145' title='bbox 263 2178 363 2243; x_wconf 90' lang='lat' dir='ltr'>oculis</span> <span class='ocrx_word' id='word_1_146' title='bbox 385 2177 524 2259; x_wconf 82' lang='lat' dir='ltr'>aspicies</span> <span class='ocrx_word' id='word_1_147' title='bbox 547 2178 724 2243; x_wconf 88' lang='lat' dir='ltr'>communis</span> <span class='ocrx_word' id='word_1_148' title='bbox 746 2177 866 2242; x_wconf 91' lang='lat' dir='ltr'>domini</span> <span class='ocrx_word' id='word_1_149' title='bbox 890 2179 1066 2260; x_wconf 83' lang='lat' dir='ltr'>ternplum?</span> <span class='ocrx_word' id='word_1_150' title='bbox 1110 2179 1226 2261; x_wconf 73' lang='lat' dir='ltr'>(pruinis</span> <span class='ocrx_word' id='word_1_151' title='bbox 1249 2179 1318 2261; x_wconf 86' lang='lat' dir='ltr'>pal·</span> 
     </span>
     <span class='ocr_line' id='line_1_19' title="bbox 147 2287 1317 2372; baseline -0.002 -18"><span class='ocrx_word' id='word_1_152' title='bbox 147 2288 241 2372; x_wconf 88' lang='lat' dir='ltr'>pabis</span> <span class='ocrx_word' id='word_1_153' title='bbox 263 2287 401 2371; x_wconf 90' lang='lat' dir='ltr'>pedibus</span> <span class='ocrx_word' id='word_1_154' title='bbox 424 2294 569 2353; x_wconf 85' lang='lat' dir='ltr'>sanctum</span> <span class='ocrx_word' id='word_1_155' title='bbox 593 2288 681 2354; x_wconf 89' lang='lat' dir='ltr'>illins</span> <span class='ocrx_word' id='word_1_156' title='bbox 704 2287 945 2371; x_wconf 82' lang='lat' dir='ltr'>pauimentum?</span> <span class='ocrx_word' id='word_1_157' title='bbox 990 2309 1051 2369; x_wconf 75' lang='lat' dir='ltr'>aluo</span> <span class='ocrx_word' id='word_1_158' title='bbox 1078 2287 1172 2351; x_wconf 91' lang='lat' dir='ltr'>modo</span> <span class='ocrx_word' id='word_1_159' title='bbox 1201 2308 1317 2352; x_wconf 90' lang='lat' dir='ltr'>manus</span> 
     </span>
     <span class='ocr_line' id='line_1_20' title="bbox 143 2397 1315 2481; baseline -0.002 -18"><span class='ocrx_word' id='word_1_160' title='bbox 143 2397 309 2478; x_wconf 85' lang='lat' dir='ltr'>extendes,</span> <span class='ocrx_word' id='word_1_161' title='bbox 333 2397 374 2463; x_wconf 91' lang='lat' dir='ltr'>de</span> <span class='ocrx_word' id='word_1_162' title='bbox 397 2397 513 2481; x_wconf 89' lang='lat' dir='ltr'>quibus</span> <span class='ocrx_word' id='word_1_163' title='bbox 536 2397 642 2462; x_wconf 90' lang='lat' dir='ltr'>adbuc</span> <span class='ocrx_word' id='word_1_164' title='bbox 665 2399 798 2481; x_wconf 87' lang='lat' dir='ltr'>sanguis</span> <span class='ocrx_word' id='word_1_165' title='bbox 819 2399 921 2463; x_wconf 86' lang='lat' dir='ltr'>stillat</span> <span class='ocrx_word' id='word_1_166' title='bbox 935 2398 1097 2464; x_wconf 83' lang='lat' dir='ltr'>iniustus?</span> <span class='ocrx_word' id='word_1_167' title='bbox 1143 2420 1204 2481; x_wconf 70' lang='lat' dir='ltr'>(luo</span> <span class='ocrx_word' id='word_1_168' title='bbox 1220 2398 1315 2462; x_wconf 91' lang='lat' dir='ltr'>modo</span> 
     </span>
     <span class='ocr_line' id='line_1_21' title="bbox 142 2507 1367 2591; baseline -0.005 -20"><span class='ocrx_word' id='word_1_169' title='bbox 142 2507 238 2574; x_wconf 89' lang='lat' dir='ltr'>huius</span> <span class='ocrx_word' id='word_1_170' title='bbox 265 2507 351 2573; x_wconf 91' lang='lat' dir='ltr'>modi</span> <span class='ocrx_word' id='word_1_171' title='bbox 380 2508 530 2574; x_wconf 88' lang='lat' dir='ltr'>manibus</span> <span class='ocrx_word' id='word_1_172' title='bbox 558 2508 716 2591; x_wconf 88' lang='lat' dir='ltr'>suscipies</span> <span class='ocrx_word' id='word_1_173' title='bbox 744 2515 889 2574; x_wconf 89' lang='lat' dir='ltr'>sanctum</span> <span class='ocrx_word' id='word_1_174' title='bbox 919 2508 1040 2572; x_wconf 91' lang='lat' dir='ltr'>domini</span> <span class='ocrx_word' id='word_1_175' title='bbox 1069 2510 1207 2589; x_wconf 73' lang='lat' dir='ltr'>eorpus?</span> <span class='ocrx_word' id='word_1_176' title='bbox 1252 2529 1315 2591; x_wconf 68' lang='lat' dir='ltr'>apua</span> <span class='ocrx_word' id='word_1_177' title='bbox 1333 2516 1367 2566; x_wconf 73' lang='lat' dir='ltr'>tc</span> 
     </span>
     <span class='ocr_line' id='line_1_22' title="bbox 143 2618 1315 2701; baseline 0.003 -20"><span class='ocrx_word' id='word_1_178' title='bbox 143 2619 406 2701; x_wconf 87' lang='lat' dir='ltr'>praesumptione</span> <span class='ocrx_word' id='word_1_179' title='bbox 436 2637 491 2682; x_wconf 86' lang='lat' dir='ltr'>ore</span> <span class='ocrx_word' id='word_1_180' title='bbox 518 2625 572 2681; x_wconf 89' lang='lat' dir='ltr'>tuo</span> <span class='ocrx_word' id='word_1_181' title='bbox 601 2618 748 2701; x_wconf 88' lang='lat' dir='ltr'>poculum</span> <span class='ocrx_word' id='word_1_182' title='bbox 785 2619 953 2701; x_wconf 90' lang='lat' dir='ltr'>sanguinis</span> <span class='ocrx_word' id='word_1_183' title='bbox 982 2619 1115 2700; x_wconf 86' lang='lat' dir='ltr'>pretiosi</span> <span class='ocrx_word' id='word_1_184' title='bbox 1154 2619 1315 2700; x_wconf 88' lang='lat' dir='ltr'>percipies</span> 
     </span>
     <span class='ocr_line' id='line_1_23' title="bbox 144 2726 1316 2811; baseline 0.003 -21"><span class='ocrx_word' id='word_1_185' title='bbox 144 2726 219 2790; x_wconf 92' lang='lat' dir='ltr'>dum</span> <span class='ocrx_word' id='word_1_186' title='bbox 242 2727 348 2792; x_wconf 86' lang='lat' dir='ltr'>furore</span> <span class='ocrx_word' id='word_1_187' title='bbox 372 2747 553 2792; x_wconf 89' lang='lat' dir='ltr'>sermonum</span> <span class='ocrx_word' id='word_1_188' title='bbox 577 2734 685 2791; x_wconf 91' lang='lat' dir='ltr'>tantus</span> <span class='ocrx_word' id='word_1_189' title='bbox 708 2727 827 2794; x_wconf 90' lang='lat' dir='ltr'>iniuste</span> <span class='ocrx_word' id='word_1_190' title='bbox 858 2729 900 2794; x_wconf 86' lang='lat' dir='ltr'>sit</span> <span class='ocrx_word' id='word_1_191' title='bbox 922 2729 1055 2811; x_wconf 87' lang='lat' dir='ltr'>sanguis</span> <span class='ocrx_word' id='word_1_192' title='bbox 1078 2729 1221 2793; x_wconf 81' lang='lat' dir='ltr'>effitsus‘?</span> <span class='ocrx_word' id='word_1_193' title='bbox 1266 2748 1316 2793; x_wconf 91' lang='lat' dir='ltr'>rc·</span> 
     </span>
     <span class='ocr_line' id='line_1_24' title="bbox 143 2834 1316 2921; baseline 0.001 -20"><span class='ocrx_word' id='word_1_194' title='bbox 143 2835 222 2902; x_wconf 89' lang='lat' dir='ltr'>cede</span> <span class='ocrx_word' id='word_1_195' title='bbox 244 2837 350 2918; x_wconf 89' lang='lat' dir='ltr'>igitur,</span> <span class='ocrx_word' id='word_1_196' title='bbox 381 2834 494 2901; x_wconf 90' lang='lat' dir='ltr'>recede</span> <span class='ocrx_word' id='word_1_197' title='bbox 517 2856 559 2901; x_wconf 90' lang='lat' dir='ltr'>ue</span> <span class='ocrx_word' id='word_1_198' title='bbox 583 2836 722 2901; x_wconf 86' lang='lat' dir='ltr'>secundo</span> <span class='ocrx_word' id='word_1_199' title='bbox 745 2846 877 2920; x_wconf 88' lang='lat' dir='ltr'>peccato</span> <span class='ocrx_word' id='word_1_200' title='bbox 899 2839 1038 2921; x_wconf 87' lang='lat' dir='ltr'>priorem</span> <span class='ocrx_word' id='word_1_201' title='bbox 1061 2839 1236 2921; x_wconf 86' lang='lat' dir='ltr'>nequitiam</span> <span class='ocrx_word' id='word_1_202' title='bbox 1260 2859 1316 2904; x_wconf 91' lang='lat' dir='ltr'>au-</span> 
     </span>
     <span class='ocr_line' id='line_1_25' title="bbox 143 2945 1316 3030; baseline 0.003 -19"><span class='ocrx_word' id='word_1_203' title='bbox 143 2965 220 3028; x_wconf 88' lang='lat' dir='ltr'>gere</span> <span class='ocrx_word' id='word_1_204' title='bbox 249 2945 435 3012; x_wconf 86' lang='lat' dir='ltr'>contendas.</span> <span class='ocrx_word' id='word_1_205' title='bbox 480 2946 609 3028; x_wconf 86' lang='lat' dir='ltr'>suscipe</span> <span class='ocrx_word' id='word_1_206' title='bbox 649 2947 826 3030; x_wconf 89' lang='lat' dir='ltr'>uinculum,</span> <span class='ocrx_word' id='word_1_207' title='bbox 865 2947 949 3030; x_wconf 89' lang='lat' dir='ltr'>qnod</span> <span class='ocrx_word' id='word_1_208' title='bbox 994 2949 1135 3012; x_wconf 91' lang='lat' dir='ltr'>omnium</span> <span class='ocrx_word' id='word_1_209' title='bbox 1167 2947 1316 3015; x_wconf 88' lang='lat' dir='ltr'>domiuus</span> 
     </span>
     <span class='ocr_line' id='line_1_26' title="bbox 141 3055 1364 3138; baseline -0.002 -18"><span class='ocrx_word' id='word_1_210' title='bbox 141 3074 228 3120; x_wconf 91' lang='lat' dir='ltr'>nunc</span> <span class='ocrx_word' id='word_1_211' title='bbox 251 3056 373 3138; x_wconf 87' lang='lat' dir='ltr'>ligauit.</span> <span class='ocrx_word' id='word_1_212' title='bbox 418 3064 468 3121; x_wconf 89' lang='lat' dir='ltr'>est</span> <span class='ocrx_word' id='word_1_213' title='bbox 490 3055 576 3120; x_wconf 84' lang='lat' dir='ltr'>anim</span> <span class='ocrx_word' id='word_1_214' title='bbox 598 3055 759 3120; x_wconf 87' lang='lat' dir='ltr'>medicina</span> <span class='ocrx_word' id='word_1_215' title='bbox 780 3057 922 3122; x_wconf 83' lang='lat' dir='ltr'>maxima</span> <span class='ocrx_word' id='word_1_216' title='bbox 944 3058 1104 3123; x_wconf 88' lang='lat' dir='ltr'>sanitatis.</span> <span class='ocrx_word' id='word_1_217' title='bbox 1332 3069 1364 3119; x_wconf 74' lang='lat'>25&gt;</span> 
     </span>
    </p>

    <p class='ocr_par' dir='ltr' id='par_1_4' title="bbox 87 3164 1362 3910">
     <span class='ocr_line' id='line_1_27' title="bbox 87 3164 1314 3248; baseline 0.005 -20"><span class='ocrx_word' id='word_1_218' title='bbox 87 3164 116 3228; x_wconf 87' lang='lat' dir='ltr'>V</span> <span class='ocrx_word' id='word_1_219' title='bbox 221 3165 282 3231; x_wconf 91' lang='lat' dir='ltr'>His</span> <span class='ocrx_word' id='word_1_220' title='bbox 307 3165 508 3231; x_wconf 87' lang='lat' dir='ltr'>sermonibus</span> <span class='ocrx_word' id='word_1_221' title='bbox 533 3167 709 3248; x_wconf 90' lang='lat' dir='ltr'>imperator</span> <span class='ocrx_word' id='word_1_222' title='bbox 731 3166 908 3233; x_wconf 87' lang='lat' dir='ltr'>oboediens</span> <span class='ocrx_word' id='word_1_223' title='bbox 930 3203 970 3213; x_wconf 93' lang='lat'>-</span> <span class='ocrx_word' id='word_1_224' title='bbox 994 3168 1171 3234; x_wconf 88' lang='lat' dir='ltr'>eratenim</span> <span class='ocrx_word' id='word_1_225' title='bbox 1194 3166 1314 3234; x_wconf 90' lang='lat' dir='ltr'>diuinis</span> 
     </span>
     <span class='ocr_line' id='line_1_28' title="bbox 143 3272 1316 3361; baseline 0.001 -21"><span class='ocrx_word' id='word_1_226' title='bbox 143 3272 378 3340; x_wconf 86' lang='lat' dir='ltr'>eruditionibus</span> <span class='ocrx_word' id='word_1_227' title='bbox 401 3276 558 3340; x_wconf 72' lang='lat' dir='ltr'>enubitus</span> <span class='ocrx_word' id='word_1_228' title='bbox 579 3310 621 3320; x_wconf 94' lang='lat'><em>-</em></span> <span class='ocrx_word' id='word_1_229' title='bbox 644 3282 677 3341; x_wconf 90' lang='lat' dir='ltr'>et</span> <span class='ocrx_word' id='word_1_230' title='bbox 698 3283 810 3358; x_wconf 91' lang='lat' dir='ltr'>aperte</span> <span class='ocrx_word' id='word_1_231' title='bbox 833 3277 939 3344; x_wconf 85' lang='lat' dir='ltr'>sciens</span> <span class='ocrx_word' id='word_1_232' title='bbox 969 3297 1052 3361; x_wconf 75' lang='lat' dir='ltr'>(piac</span> <span class='ocrx_word' id='word_1_233' title='bbox 1081 3285 1155 3343; x_wconf 85' lang='lat' dir='ltr'>sum</span> <span class='ocrx_word' id='word_1_234' title='bbox 1183 3278 1316 3360; x_wconf 88' lang='lat' dir='ltr'>propria</span> 
     </span>
     <span class='ocr_line' id='line_1_29' title="bbox 140 3382 1315 3470; baseline 0.001 -19"><span class='ocrx_word' id='word_1_235' title='bbox 140 3382 351 3466; x_wconf 87' lang='lat' dir='ltr'>sacerdotum,</span> <span class='ocrx_word' id='word_1_236' title='bbox 376 3403 459 3464; x_wconf 87' lang='lat' dir='ltr'>quac</span> <span class='ocrx_word' id='word_1_237' title='bbox 481 3404 602 3467; x_wconf 87' lang='lat' dir='ltr'>regum,</span> <span class='ocrx_word' id='word_1_238' title='bbox 625 3405 759 3468; x_wconf 87' lang='lat' dir='ltr'>gemens</span> <span class='ocrx_word' id='word_1_239' title='bbox 782 3394 815 3451; x_wconf 90' lang='lat' dir='ltr'>et</span> <span class='ocrx_word' id='word_1_240' title='bbox 835 3386 959 3454; x_wconf 88' lang='lat' dir='ltr'>deflens</span> <span class='ocrx_word' id='word_1_241' title='bbox 981 3387 1023 3452; x_wconf 87' lang='lat' dir='ltr'>ad</span> <span class='ocrx_word' id='word_1_242' title='bbox 1046 3387 1169 3470; x_wconf 86' lang='lat' dir='ltr'>regalia</span> <span class='ocrx_word' id='word_1_243' title='bbox 1192 3407 1315 3454; x_wconf 88' lang='lat' dir='ltr'>remea-</span> 
     </span>
     <span class='ocr_line' id='line_1_30' title="bbox 140 3494 1313 3580; baseline 0.003 -22"><span class='ocrx_word' id='word_1_244' title='bbox 140 3494 196 3560; x_wconf 88' lang='lat' dir='ltr'>uit.</span> <span class='ocrx_word' id='word_1_245' title='bbox 241 3514 376 3578; x_wconf 88' lang='lat' dir='ltr'>cumque</span> <span class='ocrx_word' id='word_1_246' title='bbox 398 3504 469 3559; x_wconf 88' lang='lat' dir='ltr'>octa</span> <span class='ocrx_word' id='word_1_247' title='bbox 502 3514 669 3561; x_wconf 90' lang='lat' dir='ltr'>mensuum</span> <span class='ocrx_word' id='word_1_248' title='bbox 706 3498 890 3561; x_wconf 88' lang='lat' dir='ltr'>continuum</span> <span class='ocrx_word' id='word_1_249' title='bbox 928 3497 1123 3563; x_wconf 90' lang='lat' dir='ltr'>transissent</span> <span class='ocrx_word' id='word_1_250' title='bbox 1158 3504 1313 3580; x_wconf 87' lang='lat' dir='ltr'>tempora,</span> 
     </span>
     <span class='ocr_line' id='line_1_31' title="bbox 142 3604 1362 3690; baseline 0.003 -23"><span class='ocrx_word' id='word_1_251' title='bbox 142 3604 370 3688; x_wconf 87' lang='lat' dir='ltr'>propinquauit</span> <span class='ocrx_word' id='word_1_252' title='bbox 399 3605 578 3671; x_wconf 88' lang='lat' dir='ltr'>natiuitatis</span> <span class='ocrx_word' id='word_1_253' title='bbox 608 3606 779 3672; x_wconf 87' lang='lat' dir='ltr'>saluatoris</span> <span class='ocrx_word' id='word_1_254' title='bbox 801 3608 902 3673; x_wconf 89' lang='lat' dir='ltr'>nostri</span> <span class='ocrx_word' id='word_1_255' title='bbox 925 3607 1095 3674; x_wconf 86' lang='lat' dir='ltr'>festiuitas.</span> <span class='ocrx_word' id='word_1_256' title='bbox 1139 3608 1313 3690; x_wconf 88' lang='lat' dir='ltr'>imperator</span> <span class='ocrx_word' id='word_1_257' title='bbox 1330 3616 1362 3665; x_wconf 77' lang='lat'>3⁰</span> 
     </span>
     <span class='ocr_line' id='line_1_32' title="bbox 140 3714 1313 3800; baseline 0.002 -21"><span class='ocrx_word' id='word_1_258' title='bbox 140 3723 247 3780; x_wconf 89' lang='lat' dir='ltr'>antem</span> <span class='ocrx_word' id='word_1_259' title='bbox 278 3714 563 3781; x_wconf 84' lang='lat' dir='ltr'>lamentationibus</span> <span class='ocrx_word' id='word_1_260' title='bbox 593 3715 735 3783; x_wconf 88' lang='lat' dir='ltr'>assiduis</span> <span class='ocrx_word' id='word_1_261' title='bbox 764 3718 796 3781; x_wconf 92' lang='lat' dir='ltr'>in</span> <span class='ocrx_word' id='word_1_262' title='bbox 826 3718 946 3800; x_wconf 88' lang='lat' dir='ltr'>palatio</span> <span class='ocrx_word' id='word_1_263' title='bbox 977 3718 1122 3783; x_wconf 88' lang='lat' dir='ltr'>residens</span> <span class='ocrx_word' id='word_1_264' title='bbox 1145 3719 1313 3783; x_wconf 89' lang='lat' dir='ltr'>continuas</span> 
     </span>
     <span class='ocr_line' id='line_1_33' title="bbox 140 3824 1313 3910; baseline 0.003 -22"><span class='ocrx_word' id='word_1_265' title='bbox 140 3826 291 3892; x_wconf 88' lang='lat' dir='ltr'>lacrimas</span> <span class='ocrx_word' id='word_1_266' title='bbox 322 3825 560 3892; x_wconf 87' lang='lat' dir='ltr'>incessabiliter</span> <span class='ocrx_word' id='word_1_267' title='bbox 589 3824 803 3907; x_wconf 82' lang='lat' dir='ltr'>expendebat.</span> <span class='ocrx_word' id='word_1_268' title='bbox 848 3829 1013 3910; x_wconf 87' lang='lat' dir='ltr'>ingressus</span> <span class='ocrx_word' id='word_1_269' title='bbox 1042 3834 1150 3894; x_wconf 71' lang='lat' dir='ltr'>alitem</span> <span class='ocrx_word' id='word_1_270' title='bbox 1178 3828 1313 3892; x_wconf 83' lang='lat' dir='ltr'>Rufinus</span> 
     </span>
    </p>
   </div>
   <div class='ocr_carea' id='block_1_3' title="bbox 137 4108 1314 4454">
    <p class='ocr_par' dir='ltr' id='par_1_5' title="bbox 137 4108 1314 4454">
     <span class='ocr_line' id='line_1_34' title="bbox 210 4108 1312 4181; baseline 0.003 -19"><span class='ocrx_word' id='word_1_271' title='bbox 210 4108 449 4177; x_wconf 77' lang='lat' dir='ltr'>lmnoccntrb3D</span> <span class='ocrx_word' id='word_1_272' title='bbox 535 4109 712 4165; x_wconf 82' lang='lat' dir='ltr'>ruterhrmrl)</span> <span class='ocrx_word' id='word_1_273' title='bbox 815 4110 980 4164; x_wconf 76' lang='lat' dir='ltr'>toccrlad</span> <span class='ocrx_word' id='word_1_274' title='bbox 1082 4112 1312 4181; x_wconf 80' lang='lat' dir='ltr'>5lollepnrterll</span> 
     </span>
     <span class='ocr_line' id='line_1_35' title="bbox 140 4201 1311 4259; baseline 0.005 -6"><span class='ocrx_word' id='word_1_275' title='bbox 140 4202 257 4255; x_wconf 82' lang='lat' dir='ltr'>ttacrrl</span> <span class='ocrx_word' id='word_1_276' title='bbox 272 4202 312 4257; x_wconf 67' lang='grc' dir='ltr'>θ’</span> <span class='ocrx_word' id='word_1_277' title='bbox 402 4206 431 4255; x_wconf 84' lang='grc'>13</span> <span class='ocrx_word' id='word_1_278' title='bbox 449 4202 569 4256; x_wconf 88' lang='lat' dir='ltr'>redrendr</span> <span class='ocrx_word' id='word_1_279' title='bbox 587 4202 620 4256; x_wconf 66' lang='grc' dir='ltr'>θ’</span> <span class='ocrx_word' id='word_1_280' title='bbox 698 4206 728 4255; x_wconf 79' lang='lat' dir='ltr'>lt)</span> <span class='ocrx_word' id='word_1_281' title='bbox 747 4201 915 4256; x_wconf 77' lang='lat' dir='ltr'>extendalll</span> <span class='ocrx_word' id='word_1_282' title='bbox 983 4203 1093 4257; x_wconf 90' lang='lat' dir='ltr'>adhunc</span> <span class='ocrx_word' id='word_1_283' title='bbox 1110 4207 1144 4255; x_wconf 71' lang='grc' dir='ltr'>θ’</span> <span class='ocrx_word' id='word_1_284' title='bbox 1218 4210 1250 4258; x_wconf 76' lang='lat'>20</span> <span class='ocrx_word' id='word_1_285' title='bbox 1270 4207 1311 4259; x_wconf 84' lang='lat' dir='ltr'>tn·</span> 
     </span>
     <span class='ocr_line' id='line_1_36' title="bbox 139 4294 1314 4363; baseline 0.004 -16"><span class='ocrx_word' id='word_1_286' title='bbox 139 4294 297 4361; x_wconf 85' lang='lat' dir='ltr'>lerprenlI)</span> <span class='ocrx_word' id='word_1_287' title='bbox 399 4299 429 4347; x_wconf 82' lang='lat'>21</span> <span class='ocrx_word' id='word_1_288' title='bbox 460 4294 662 4363; x_wconf 82' lang='lat' dir='ltr'>larrguurmll)</span> <span class='ocrx_word' id='word_1_289' title='bbox 772 4299 805 4350; x_wconf 78' lang='grc'>29</span> <span class='ocrx_word' id='word_1_290' title='bbox 828 4295 954 4349; x_wconf 82' lang='lat' dir='ltr'>obedient</span> <span class='ocrx_word' id='word_1_291' title='bbox 976 4295 1003 4350; x_wconf 84' lang='grc' dir='ltr'>Ι)</span> <span class='ocrx_word' id='word_1_292' title='bbox 1111 4301 1143 4351; x_wconf 83' lang='grc'>29</span> <span class='ocrx_word' id='word_1_293' title='bbox 1167 4300 1269 4351; x_wconf 74' lang='lat' dir='ltr'>merlini</span> <span class='ocrx_word' id='word_1_294' title='bbox 1294 4299 1314 4352; x_wconf 75' lang='lat' dir='ltr'>rt</span> 
     </span>
     <span class='ocr_line' id='line_1_37' title="bbox 137 4385 717 4454; baseline 0.005 -17"><span class='ocrx_word' id='word_1_295' title='bbox 137 4390 168 4438; x_wconf 81' lang='lat' dir='ltr'>:n</span> <span class='ocrx_word' id='word_1_296' title='bbox 188 4387 340 4453; x_wconf 79' lang='lat' dir='ltr'>1mpalatro</span> <span class='ocrx_word' id='word_1_297' title='bbox 360 4385 384 4440; x_wconf 86' lang='grc' dir='ltr'>Ι)</span> <span class='ocrx_word' id='word_1_298' title='bbox 461 4391 492 4440; x_wconf 79' lang='lat'>32</span> <span class='ocrx_word' id='word_1_299' title='bbox 511 4385 661 4454; x_wconf 83' lang='lat' dir='ltr'>expedebat</span> <span class='ocrx_word' id='word_1_300' title='bbox 678 4386 717 4441; x_wconf 72' lang='lat' dir='ltr'>n‘</span> 
     </span>
    </p>
   </div>
   <div class='ocr_carea' id='block_1_4' title="bbox 0 0 1422 5394">
    <p class='ocr_par' dir='ltr' id='par_1_6' title="bbox 0 0 1422 5394">
     <span class='ocr_line' id='line_1_38' title="bbox 0 0 1422 5394; baseline 0 0"><span class='ocrx_word' id='word_1_301' title='bbox 0 0 1422 5394; x_wconf 95' lang='lat' dir='ltr'> </span> 
     </span>
    </p>
   </div>
  </div>
 </body>
</html>
