2834 5394
480 692 484 697 ·
546 674 619 722 car.
643 672 876 719 xxxi-xxxrn
1150 694 1156 705 ·
1225 659 1286 722 265

152 830 207 891 anta
222 842 253 891 se
272 823 436 909 principes
456 824 623 891 lacerauit.
667 825 731 889 hac
753 843 829 907 ergo
851 825 1041 907 arrogantia
1062 832 1167 892 motus
1190 825 1287 891 etiam

151 942 234 1001 maha
249 933 452 1002 Christianos
485 935 676 1019 conscripsit
708 934 818 1000 libros.
863 941 898 998 nt
929 952 1005 1017 ergo
1038 954 1158 1019 coquos
1191 943 1288 1020 atquc

151 1052 264 1111 tonsores
289 1044 477 1131 expelleret,
513 1065 595 1129 opus
626 1044 812 1130 philosophi
845 1065 910 1110 non
942 1050 1049 1110 tamen
1083 1045 1286 1129 imperatoria

151 1156 205 1237 egit
233 1163 265 1221 ut
293 1153 480 1221 detraheret
510 1162 608 1239 atque
641 1155 800 1220 laceraret
830 1173 935 1238 neque
967 1154 1152 1240 philosophi
1179 1175 1285 1239 neque

129 1264 271 1352 aprineipis
292 1266 362 1331 fuit.

209 1376 302 1458 Igitur
322 1375 470 1441 Iulianus
492 1373 613 1439 dudum
635 1372 770 1440 studens
791 1373 1016 1457 Paganitatem
1038 1375 1072 1439 in
1097 1375 1183 1440 omni
1206 1395 1266 1441 sua
1288 1374 1410 1441 XXX!

148 1482 239 1551 ditione
256 1484 388 1551 dilatari
409 1491 441 1550 et
455 1483 730 1551 christianitatem
753 1485 971 1565 exterminari,
993 1485 1132 1570 primurn
1155 1483 1285 1570 quidem

149 1591 335 1661 Galilaeorum
357 1595 434 1661 liliis
455 1628 499 1640 -—
520 1594 568 1660 sic
589 1593 675 1659 eninr
697 1594 869 1660 saluatoris
891 1595 992 1660 nostri
1021 1596 1159 1662 cultores
1187 1594 1286 1661 deno-

149 1702 261 1770 minabat
275 1740 315 1751 -
338 1704 503 1789 praecepit
524 1703 612 1768 baud
633 1709 800 1788 poetarum
822 1711 853 1768 et
875 1704 1038 1769 rhetorum
1061 1711 1158 1788 atque
1181 1704 1284 1790 philo
1322 1772 1325 1778 ,

112 1826 137 1875 ro
148 1813 288 1897 sophorum
315 1816 425 1897 legere
452 1813 652 1898 disciplinas.
698 1812 855 1898 ‘Propriis’
883 1815 989 1896 inquit
1016 1816 1143 1898 ‘pennis
1174 1835 1285 1881 seeun-

151 1918 206 1987 dun
223 1923 423 2010 prouerbium
445 1924 668 1989 uulneramur:
698 1942 739 1988 cx
760 1924 879 1989 nostris
901 1924 987 1989 enim
1010 1924 1126 1989 armati
1148 1926 1286 1990 conscri-

148 2030 278 2114 ptionibus
299 2041 411 2099 contra
431 2053 491 2100 nos
515 2033 601 2099 bella
622 2033 819 2118 suscipiunt.
865 2041 896 2098 et
911 2035 1032 2118 templa
1047 2033 1177 2117 quidem
1193 2042 1286 2100 erant

147 2151 232 2223 aperta
248 2144 472 2227 sacrificiaque
493 2144 698 2227 Paganorum
720 2162 781 2226 per
802 2143 950 2210 ciuitates
974 2143 1149 2210 seeundum
1171 2145 1285 2210 uolun-

147 2254 218 2318 tatem
235 2254 321 2321 illius
343 2253 571 2338 procedebant,
601 2252 673 2337 ipse
700 2261 808 2318 autern
830 2255 1002 2319 aestuabat
1022 2274 1064 2319 ne
1085 2255 1193 2320 feruor
1213 2253 1284 2320 eius

111 2356 371 2430 uchdstianornm
393 2362 594 2429 abundantia
615 2362 830 2429 frustraretur.
875 2370 907 2428 et
928 2365 1068 2429 nraninre
1091 2362 1283 2448 pulsabatur

147 2470 201 2551 quir
221 2475 351 2540 nultum
378 2473 580 2539 sacerdotum
611 2492 741 2538 suorum
764 2471 967 2539 Christianos
995 2473 1137 2539 habebat
1165 2493 1282 2541 uxores

146 2584 169 2641 el
183 2580 249 2651 lilios
269 2592 369 2668 atque
390 2602 512 2650 seruos.
556 2583 732 2649 arbitratus
754 2590 862 2649 autem
885 2582 1140 2652 Christianitatis
1162 2591 1280 2650 statum

146 2704 175 2751 01
190 2694 242 2759 uita
264 2695 350 2759 bona
371 2702 403 2760 et
424 2693 669 2759 conuersatione
684 2693 870 2773 consistere,
893 2693 1015 2759 studuit
1029 2694 1147 2777 ubique
1161 2695 1282 2778 templa

145 2794 315 2882 Ptgauorum
346 2804 582 2870 construetione
611 2808 644 2868 ct
671 2801 784 2867 ordine
807 2802 1013 2869 Christianae
1040 2803 1207 2887 religionis
1234 2825 1282 2868 or-

110 2916 201 2976 ttuare
228 2913 359 2980 sedibus
392 2922 489 2997 atquc
523 2913 794 2997 processionibus.
838 2913 1043 2995 Paganorum
1076 2911 1281 2996 dogmatibus

145 3024 214 3101 obus
232 3023 462 3089 monitionibus
484 3025 620 3089 lectores
643 3042 722 3089 suae
750 3022 989 3104 superstitionis
1012 3022 1150 3088 instituit
1171 3023 1213 3087 ad
1235 3024 1282 3089 in·

145 3132 191 3192 rtur
207 3134 388 3200 elericorum
411 3139 446 3198 nt
468 3132 565 3199 horas
588 3141 692 3199 certas
715 3143 746 3198 et
768 3131 838 3198 dies
861 3140 893 3197 et
907 3132 1069 3199 orationes
1084 3133 1282 3199 sollemniter

144 3233 329 3325 thamarem,
366 3243 569 3328 praecipiens
598 3243 719 3326 pariter
749 3242 869 3307 habere
898 3262 991 3308 ouras
1021 3243 1160 3307 uirorum
1184 3250 1282 3326 atquc

145 3349 280 3417 autenm
308 3352 539 3438 philosophare
567 3353 721 3435 scientes,
756 3352 950 3420 habitaculis
976 3353 1220 3436 peregrinorum
1248 3361 1280 3418 et

113 3466 288 3544 bpauperum
310 3464 440 3546 aliaque
462 3462 667 3546 prouidentia
682 3463 768 3527 circa
782 3482 901 3545 egenos
917 3461 1062 3528 exhibita
1076 3464 1278 3545 Paganorum

145 3567 300 3653 religionem
322 3592 513 3658 componere
536 3580 567 3637 ct
589 3573 718 3656 pietatis
739 3572 860 3636 habere
883 3592 1010 3638 nomen.
1055 3573 1157 3657 siquis
1172 3580 1278 3638 autem

145 3690 227 3756 amna
245 3685 296 3751 uel
312 3684 414 3748 inuito
430 3690 585 3766 peccaret,
608 3682 784 3748 secundum
801 3682 1005 3748 traditionem
1022 3682 1278 3749 Christianorum

146 3779 304 3858 instituitur
325 3801 399 3877 post
421 3793 653 3876 paenitentiam
685 3791 877 3857 mediocrem
906 3794 1110 3859 constitutam
1141 3795 1280 3860 sustinc-

146 3904 180 3957 ret
193 3905 421 3969 correctionem.
465 3904 638 3987 praecipuo
662 3922 737 3967 uero
760 3903 884 3967 zelatus
907 3902 1023 3968 dicitur
1044 3912 1137 3970 notas
1159 3904 1278 3969 littera-

114 4008 194 4069 arun
210 3996 445 4097 episcopalium,
469 4012 586 4095 quibus
610 4014 715 4077 solent
736 4012 899 4077 alterutris
922 4013 1099 4079 scribentes
1121 4032 1279 4078 commen-

145 4106 199 4180 dare
215 4123 397 4206 peregrinos
420 4129 452 4187 et
473 4122 527 4186 ubi
551 4123 797 4207 proficiscuntur
824 4129 855 4187 et
877 4142 898 4186 a
920 4123 1036 4206 quibus
1059 4122 1192 4186 ueniunt
1214 4142 1278 4185 mo-

146 4214 182 4287 lit
202 4232 339 4298 omnibus
369 4232 514 4297 indicare
544 4242 576 4298 ct
610 4232 731 4299 solacia
758 4233 932 4317 promereri
961 4239 1124 4313 tamquam
1152 4232 1220 4297 noti
1248 4239 1279 4298 et

146 4333 211 4401 amici
229 4342 290 4407 sint
312 4342 496 4407 testimonio
518 4341 630 4407 directi
652 4342 819 4426 signaculi.

178 4469 407 4487 m

190 4514 331 4573 trocotlr
416 4516 616 4586 bprrutrprlD
708 4517 841 4571 ldrtrono
860 4519 886 4570 ia
905 4533 960 4571 ras.
979 4516 1005 4570 b
1093 4520 1122 4568 10
1140 4515 1233 4585 lnqurd
1251 4515 1278 4571 l)

148 4598 320 4665 ¹lelluebatll
409 4613 438 4663 19
457 4611 609 4663 consisteret
629 4609 668 4663 θ’
746 4616 777 4663 22
797 4618 821 4664 et
840 4618 903 4663 arato
921 4610 1055 4663 orationes
1070 4626 1121 4662 our.
1140 4608 1173 4662 a
1226 4609 1276 4663 lol-

143 4683 226 4845 llll?
241 4702 296 4850 BD
348 4707 381 4756 25
399 4703 500 4757 exibita
517 4702 544 4757 I)
637 4707 669 4755 td
687 4703 854 4771 religionel)
945 4707 976 4755 th
996 4704 1132 4756 constituit
1150 4704 1276 4758 sustinere

155 4822 165 4836 ·
185 4804 197 4843 o
220 4800 254 4848 ba
