2834 5394
546 722 619 771 eae.
642 722 873 770 xxxr-xxxru
1253 709 1294 769 45

159 875 249 940 ltaliam
267 873 369 956 duxit,
392 875 447 958 qui
469 873 643 939 maximnm
665 874 788 939 Italieis
812 874 939 957 populis
963 873 1180 957 spectaculum
1203 894 1294 958 prae·

159 984 265 1050 buerunt
317 984 504 1051 Hasdrubal
540 1003 612 1048 eunr
649 984 762 1068 paneis
792 983 981 1068 Lilybaeum
1019 984 1159 1067 profugit
1196 991 1292 1069 atque

156 1094 241 1161 absens
260 1115 281 1160 a
301 1094 421 1160 Poenis
443 1094 550 1178 eapite
572 1093 744 1160 damnatus
767 1103 825 1159 est.

209 1205 279 1270 Post
300 1204 382 1270 haee
403 1205 483 1271 fessi
509 1210 556 1268 tot
584 1204 679 1269 malis
702 1203 990 1286 Carthaginienses
1024 1202 1197 1287 petendam
1220 1222 1292 1270 esse
1315 1207 1347 1273 X

136 1315 319 1381 salomanis
347 1333 462 1399 paoem
491 1321 523 1379 et
544 1314 809 1391 permutationem
839 1314 1040 1398 captiuorum
1070 1312 1292 1378 decreuerunt.

155 1421 182 1486 ad
195 1445 278 1507 quarn
300 1443 369 1489 rem
393 1424 526 1488 utilium
540 1424 698 1506 Regulum
719 1432 817 1490 antea
839 1424 951 1489 dueern
973 1425 1169 1504 Romanurn,
1198 1443 1293 1506 quern

153 1532 193 1597 ian
220 1554 275 1618 per
309 1535 453 1619 quinque
480 1554 583 1601 annos
615 1535 778 1619 captiuum
812 1533 1017 1614 detinebant,
1055 1534 1138 1599 inter
1170 1541 1293 1598 eeteros

153 1641 244 1725 legatos
264 1644 325 1710 sub
349 1650 552 1711 sacramento
573 1645 745 1729 praecipue
769 1644 957 1708 mittendum
980 1641 1200 1727 putauerunt).
1237 1643 1293 1707 ille

153 1751 251 1818 lenam
272 1773 348 1818 eum
363 1754 515 1834 uenisset,
538 1755 687 1821 induetus
702 1755 736 1818 in
752 1762 898 1820 senatum
921 1754 1003 1819 nihil
1019 1754 1113 1838 quasi
1127 1756 1292 1823 Romanus

126 1863 194 1944 hegil
212 1862 353 1948 dixitque
376 1883 413 1930 se
433 1884 475 1930 ex
496 1864 553 1929 illa
575 1864 628 1929 die
650 1886 715 1948 qua
737 1865 772 1928 in
794 1872 953 1949 potestate
968 1864 1117 1929 Afrorum
1139 1863 1291 1943 uenisset,

153 1970 298 2038 lunanum
320 1993 395 2040 esse
417 1974 553 2041 desisse.
590 1974 699 2058 itaque
722 1982 754 2040 et
776 1994 906 2040 uxrtuem
931 1975 1136 2058 aeornplexu
1158 1973 1294 2039 remouit

153 2085 300 2149 asenatui
323 2085 427 2150 suasit
449 2104 491 2150 ne
512 2105 579 2169 pax
601 2104 672 2149 eum
692 2085 811 2150 Poenis
833 2085 935 2150 fieret.
970 2084 1043 2150 illos
1066 2084 1152 2150 enim
1176 2084 1293 2150 lraetos

153 2198 180 2255 tot
194 2194 316 2260 nasibus
339 2214 430 2278 spem
452 2194 574 2259 nullam
596 2194 736 2276 habere,
766 2196 847 2259 tanti
880 2215 944 2259 non
967 2213 1040 2261 esse
1075 2201 1110 2258 ut
1136 2201 1182 2259 tot
1204 2193 1294 2258 milia

99 2356 102 2389 ᾗ
151 2303 318 2386 captiuorum
341 2313 472 2389 propter
494 2324 592 2369 unum
623 2324 658 2371 se
686 2311 718 2370 et
740 2323 851 2370 senem
881 2312 912 2369 et
940 2323 1059 2390 paueos
1087 2305 1141 2388 qui
1170 2323 1212 2368 eu
1233 2305 1292 2368 Ro·

99 2410 226 2479 'buanis
253 2415 339 2498 eapti
368 2414 512 2490 fuerant,
549 2414 731 2480 redderent.
777 2414 886 2498 itaque
910 2414 1056 2480 obtinuit.
1100 2434 1175 2479 nam
1197 2414 1292 2481 Atros

148 2540 232 2603 paoem
253 2531 399 2609 petentes
431 2525 541 2590 nullus
572 2523 713 2591 admisit.
758 2525 828 2607 ipse
850 2523 1078 2607 Carthaginem
1101 2524 1198 2590 rediit
1219 2525 1293 2589 offe·

146 2633 328 2717 nutibusque
343 2635 497 2700 Romanis
520 2642 554 2699 ut
576 2654 649 2700 enm
664 2637 786 2700 Romae
804 2640 960 2712 tenerent,
984 2636 1116 2717 negauit
1139 2655 1174 2700 se
1196 2636 1230 2700 iu
1253 2655 1293 2700 ea

144 2741 203 2806 urbe
222 2764 405 2809 mansurum
428 2745 461 2808 in
485 2765 561 2828 qua,
590 2751 762 2828 postquam
784 2744 871 2809 Afris
894 2745 1066 2826 semierat,
1102 2745 1291 2828 dignitatern

143 2847 246 2918 honesti
268 2855 349 2920 einis
370 2854 491 2919 habere
514 2873 578 2919 non
600 2862 720 2938 posset.
766 2873 949 2936 regressum
972 2855 1069 2936 igitur
1092 2854 1133 2917 ad
1150 2855 1290 2917 Afrieam

103 2964 250 3030 oneratis
278 2963 460 3048 palpebris,
492 2970 527 3027 ut
555 2983 656 3047 usque
684 2963 727 3028 ad
751 2973 883 3028 mortem
921 2964 1062 3028 eramala
1096 2963 1292 3027 intolerabili

140 3089 169 3133 ae
187 3071 288 3138 dolore
309 3073 460 3156 uigilaret
482 3071 595 3157 <atque
616 3081 651 3137 ut
673 3080 772 3140 staret
794 3094 922 3158 semper
944 3073 987 3137 ad
1003 3073 1128 3138 radium
1145 3073 1223 3139 solis
1246 3073 1291 3137 iu·

139 3177 252 3262 ligatum
274 3184 308 3248 in
330 3183 481 3247 maehina
503 3183 668 3266 uigilando
690 3191 896 3249 neeauerunt.

208 3292 291 3357 Alter
312 3292 432 3358 deinde
454 3294 571 3358 Atilius
594 3294 736 3377 Regulus
760 3301 791 3358 et
813 3294 952 3359 Manlius
975 3293 1090 3372 Vulso,
1121 3294 1216 3358 ambo
1239 3293 1290 3359 bis
1313 3291 1378 3355 XX

140 3402 274 3484 eonsules,
298 3423 369 3467 euru
393 3404 497 3469 classe
520 3403 730 3469 ducentarum
745 3404 876 3468 nauium
900 3413 931 3468 et
947 3410 1095 3486 quattuor
1109 3402 1291 3484 legionibus

99 3506 306 3592 &Lilybaeum
329 3513 473 3598 preteeti,
507 3512 592 3594 quod
616 3513 768 3598 oppidum
792 3514 825 3578 in
848 3513 1085 3598 proruunetou'o
1108 3513 1203 3577 situm
1232 3512 1293 3575 Ro-

142 3619 213 3684 mani
231 3622 377 3688 obsidere
400 3625 507 3689 eonati
530 3624 777 3708 superueniente
800 3624 993 3696 Hannibale,
1021 3623 1075 3706 qui
1098 3621 1292 3687 Hamilcaris

141 3725 210 3796 illius
229 3732 291 3814 luit,
316 3733 402 3814 uicti,
426 3733 546 3799 maiore
570 3735 729 3799 exereitus
753 3735 802 3799 sui
825 3740 915 3817 parte
939 3732 1075 3817 perdita,
1110 3732 1173 3815 ipsi
1196 3750 1292 3814 aegre

143 4018 272 4076 potuerunt
286 4026 290 4079 Ι
306 4032 409 4072 romam
427 4016 641 4086 proficisceretur
659 4018 683 4071 lb
700 4034 793 4088 placem
812 4033 827 4070 a
845 4013 963 4070 romanii
980 4011 1118 4081 optrnelr&
1136 4029 1167 4066 ac
1186 4017 1293 4082 pmuta-

141 4107 223 4162 honen
244 4117 413 4180 captiuorum
436 4110 622 4164 facere-BV
637 4110 734 4172 taedae
751 4142 782 4150 -
800 4110 902 4164 iaceret
919 4125 970 4161 oua
997 4105 1029 4168 Vt
1104 4112 1111 4159 l
1134 4122 1180 4174 qun
1198 4123 1249 4159 om.
1269 4105 1294 4160 Ι)

142 4195 318 4268 tlytyoeult
430 4207 445 4257 3
472 4202 675 4272 dampnatuiI)
796 4202 914 4256 turchil
932 4200 957 4254 V
1073 4204 1101 4251 ll
1130 4197 1294 4252 (lehdrllell

143 4290 169 4337 ¹²
182 4297 262 4356 poeml
277 4295 319 4350 1).-
338 4297 443 4365 preeml
460 4297 486 4351 Β
545 4297 591 4351 allo
616 4297 646 4352 V⁴
720 4300 749 4350 1³
768 4297 868 4350 hauere
885 4295 908 4347 V
942 4298 1002 4347 utot
1026 4291 1052 4345 Γ
1104 4295 1134 4344 to
1151 4294 1240 4344 amisit
1261 4291 1292 4351 l),

140 4386 275 4443 murita
344 4388 530 4457 kartaginell
635 4395 667 4444 19
686 4391 760 4444 cruet·
777 4388 801 4443 lt
869 4384 987 4455 pollrtD
1056 4385 1187 4451 regressus
1209 4382 1297 4438 ΒΗΓ

140 4479 167 4529 ²⁰
185 4483 340 4537 cucumeres
360 4482 499 4552 palpebrrl
520 4482 590 4546 BV,
627 4482 723 4537 deinde
749 4484 868 4549 utusque
893 4480 928 4534 ad
959 4478 982 4531 V
1066 4476 1239 4531 intollerabili
1270 4476 1295 4528 l'

140 4571 228 4640 2145,
246 4581 260 4630 ³
279 4576 315 4644 <>
338 4575 381 4630 D:
413 4575 518 4629 demum
541 4576 667 4631 omnbus
680 4578 683 4644 l
701 4576 839 4644 luppheus
861 4573 995 4627 exunctus
1017 4571 1063 4624 est.
1098 4570 1162 4623 Pon
1186 4569 1292 4623 claudio

140 4665 232 4731 pulchro
257 4669 367 4739 tpuleho
392 4668 426 4735 Vt
442 4683 445 4728 t
462 4668 590 4722 (sl-lunio
618 4667 771 4724 eonluhbui
798 4666 919 4721 claudius
941 4664 1000 4719 BV
1091 4666 1121 4715 21
1148 4661 1225 4715 radia
1244 4660 1295 4715 ΒΡ

140 4758 315 4818 annunti)
419 4765 450 4815 25
469 4761 607 4817 hhbetil)
691 4767 724 4817 26
743 4760 862 4816 obhtlem
879 4765 998 4813 reeonatr
1025 4760 1051 4810 1)
1119 4753 1293 4808 hanrbaleI)

139 4848 288 4911 bmlehant'
303 4856 330 4911 Ι)
