3266 5082
274 338 336 399 210
783 345 875 391 nrnsr
897 344 921 390 x

274 501 478 570 traderentur
499 503 671 584 propterea
693 495 771 580 quia
792 496 953 561 Traianus
975 495 1060 559 uicta
1082 492 1186 558 Dacia
1207 509 1248 556 ex
1277 496 1342 556 toto
1370 489 1449 555 orbe

278 615 425 678 Romano
456 609 599 675 infinitas
621 626 659 672 eo
681 606 794 692 copias
816 607 981 672 homiuum
1002 603 1213 670 transtulerat
1235 600 1277 667 ad
1299 619 1396 684 agros
1418 607 1450 664 et

276 723 373 789 urbes
407 718 571 787 colendas.
614 717 738 782 Daciae
771 716 856 782 enim
889 715 1039 780 diuturno
1072 713 1158 779 bello
1180 710 1328 777 Decibali
1360 709 1448 774 uires

276 834 405 899 inerant
432 829 622 896 exhaustae.
672 846 786 912 paoem
813 833 923 892 tamen
950 825 1036 890 omni
1066 823 1194 908 imperii
1224 822 1274 888 sui
1304 826 1448 903 tempore

276 942 401 1008 habuit.
445 941 545 1006 semel
576 944 700 1003 tantum
728 957 788 1022 per
816 934 1000 1022 praesidem
1023 932 1112 1018 <eum
1134 928 1335 1000 Sauromatis
1357 927 1486 994 dimi-5

277 1053 365 1120 cauit
385 1057 419 1117 et
439 1047 544 1133 uicit.)
587 1048 697 1114 orbem
719 1049 898 1112 Romanum
921 1045 1088 1111 circumiit.
1132 1043 1233 1108 multa
1254 1039 1450 1106 aedifieauit.

364 1159 442 1245 <Hie
463 1179 522 1244 per
544 1156 742 1238 Quadratum
771 1156 963 1242 discipulum
985 1155 1204 1241 apostolorum
1227 1159 1259 1218 et
1276 1148 1450 1216 Aristidem

276 1271 517 1351 Atheniensem,
540 1267 642 1333 uirum
664 1265 729 1332 fide
751 1265 975 1352 sapientiaque
996 1266 1138 1350 plenum,
1161 1272 1194 1330 et
1214 1283 1275 1349 per
1295 1260 1451 1326 Serenum

278 1381 433 1448 Granium
461 1380 603 1462 legatum
630 1376 722 1444 libris
750 1376 792 1442 de
819 1376 997 1442 christiana
1017 1375 1173 1460 religione
1198 1378 1383 1461 compositis
1403 1377 1452 1442 in-

277 1498 416 1561 structus
442 1495 539 1573 atque
565 1486 709 1554 eruditus
737 1485 902 1572 praecepit
929 1506 988 1572 per
1019 1486 1191 1570 epistulam
1214 1487 1256 1552 ad
1278 1487 1451 1554 Minucium
1471 1488 1502 1537 ¹⁰

277 1600 469 1668 Fundanum
490 1619 549 1684 pro
570 1597 702 1664 consule
716 1597 815 1663 Asiae
837 1595 945 1663 datam
967 1603 1003 1662 ut
1023 1596 1145 1663 nemini
1166 1598 1278 1664 liceret
1299 1596 1453 1664 Christia-

277 1731 339 1780 nos
362 1711 433 1778 sine
454 1709 579 1774 obiectu
593 1707 736 1774 oriminis
758 1715 814 1772 aut
827 1707 1016 1792 probatione
1032 1705 1187 1773 damnare
1210 1709 1360 1792 idemque
1381 1725 1454 1772 eon·

278 1822 368 1889 tinuo
389 1826 483 1905 pater
503 1815 630 1903 patriae
653 1817 688 1881 in
711 1823 826 1882 senatu
846 1819 931 1883 ultra
952 1837 1073 1884 morem
1095 1819 1250 1883 maiorum
1273 1818 1455 1902 appellatur

181 1923 259 1988 VIII
281 1939 313 1998 et
333 1950 414 1996 uxor
436 1929 506 1994 eius
528 1928 683 2010 Augusta.
727 1932 833 1993 textus
861 1934 967 1992 autem
991 1927 1151 2012 epistulae
1180 1928 1233 1994 hie
1254 1936 1304 1995 est
1325 1927 1453 2012 ‘acoepi

279 2041 405 2107 litteras
434 2037 476 2102 ad
499 2056 550 2102 me
576 2037 713 2120 scriptas
736 2056 756 2101 a
777 2036 949 2104 deoessors
969 2045 1024 2102 tuo
1046 2038 1179 2104 Serenio
1203 2037 1368 2105 Graniano
1390 2039 1453 2103 ola·
1473 2043 1502 2094 15

279 2150 407 2218 rissimo
429 2148 499 2212 uiro
528 2153 561 2213 et
587 2165 653 2211 non
679 2147 787 2230 placet
808 2147 888 2212 mihi
908 2148 1097 2213 relationem
1128 2148 1256 2214 silentio
1277 2149 1455 2232 praeterire

278 2281 321 2328 ne
343 2265 377 2328 et
396 2256 520 2324 innoxii
541 2256 767 2341 perturbentur
799 2263 832 2322 et
859 2257 1145 2325 calumniatoribus
1166 2258 1381 2325 latrocinandi
1401 2259 1456 2324 tri·

279 2372 397 2437 buatnr
418 2366 554 2434 oeeasio.
598 2366 707 2449 itaque
730 2367 758 2433 si
781 2367 947 2433 euidenter
968 2368 1184 2454 prouinciales
1212 2369 1286 2435 huic
1306 2368 1455 2454 petitioni

281 2499 360 2548 suae
382 2478 500 2545 adesse
522 2478 633 2544 ualent
654 2476 827 2544 aduersum
850 2476 1062 2560 Christianos,
1086 2485 1121 2543 ut
1141 2499 1201 2564 pro
1222 2479 1376 2545 tribunali
1398 2498 1455 2545 eos

282 2594 316 2658 in
344 2591 452 2673 aliquo
481 2594 620 2672 arguant
655 2588 715 2653 hoe
752 2587 799 2654 eis
829 2587 962 2672 exsequi
999 2609 1064 2653 uon
1094 2589 1259 2673 prohibeo.
1302 2589 1455 2675 precibus
1473 2591 1509 2642 ²⁰
1619 2567 1620 2576 ἵ

281 2707 389 2767 autem
411 2699 445 2764 in
467 2697 528 2764 hoe
550 2699 628 2764 solis
650 2705 683 2764 et
704 2697 996 2764 adclamationibus
1017 2698 1064 2763 uti
1086 2698 1133 2765 eis
1155 2719 1220 2764 non
1234 2701 1394 2783 permitto.
1425 2705 1457 2766 et

282 2809 367 2876 enim
388 2807 488 2872 multo
510 2808 645 2891 aequius
668 2815 718 2874 est
740 2808 841 2891 siquis
863 2808 948 2872 uolet
973 2827 1125 2875 accusare
1147 2815 1178 2873 te
1200 2827 1395 2893 cognoscere
1416 2809 1458 2875 de

283 2917 427 2985 obiectis.
473 2917 574 3002 siquis
597 2917 694 3000 igitur
716 2923 847 2982 accusat
868 2925 901 2982 et
922 2918 1038 3002 probat
1058 2917 1231 2984 aduersum
1252 2920 1344 3003 leges
1373 2919 1459 3003 quie

284 3049 381 3113 quam
403 3046 501 3110 agere
524 3033 717 3092 memoratos
738 3026 895 3098 homines.
918 3047 977 3112 pro
999 3028 1112 3093 merito
1133 3035 1336 3113 peecatorum
1359 3029 1459 3094 etiam

283 3137 446 3223 supplicia
459 3143 591 3203 statues.
620 3134 700 3200 illud
715 3155 766 3201 me
781 3134 912 3202 hercule
933 3157 1130 3221 magnopere
1151 3137 1279 3205 curabis
1301 3146 1337 3204 ut
1358 3138 1461 3223 siquis
1476 3141 1511 3193 25

285 3245 465 3314 calumniae
486 3246 592 3328 gratia
614 3265 805 3330 quemquam
827 3245 939 3311 horum
963 3248 1174 3332 postulauerit
1197 3267 1296 3332 reum,
1319 3249 1354 3314 in
1375 3249 1461 3314 hune

285 3376 344 3442 pro
367 3355 417 3422 sui
438 3355 583 3440 nequitia
604 3356 771 3440 suppliciis
793 3357 1009 3423 senor-loribus
1032 3357 1196 3424 uindices!

169 3461 264 3530 v1111
370 3465 471 3549 Igitur
498 3465 685 3560 Hadrianus
713 3486 781 3532 rem
816 3467 980 3551 publicam
1009 3468 1194 3535 iustissimis
1223 3469 1348 3552 legibus
1377 3469 1461 3534 ordi-

286 3575 384 3642 nauit.
427 3574 566 3642 ludaeos
589 3595 668 3642 sane
689 3576 930 3660 perturbatione
952 3579 1109 3642 scelerum
1132 3598 1260 3644 suorum
1280 3579 1461 3663 exagitatos

287 3693 319 3752 et
333 3686 552 3752 Palaestinam
575 3687 774 3772 prouinciam
798 3687 959 3772 quondam
982 3708 1074 3754 suam
1097 3686 1331 3773 depopulantes
1348 3689 1463 3754 ultima
1478 3706 1513 3755 eo

287 3795 389 3863 caede
410 3794 592 3881 perdomuit
614 3796 740 3862 excidio
762 3797 996 3882 Hierosolymis
1025 3798 1201 3864 nouissime
1229 3798 1386 3866 desolatis
1415 3799 1462 3864 ita

287 3915 322 3972 ut
343 3926 404 3973 nee
425 3907 510 3991 lapis
532 3927 630 3992 super
651 3906 792 3992 lapidem
816 3906 991 3974 seeundum
1013 3907 1158 3973 diuinam
1174 3928 1285 3974 uocem
1301 3910 1344 3976 sit
1365 3909 1398 3974 in
1421 3929 1464 3974 ea

357 4097 464 4153 ldatra
480 4098 507 4153 Ι)
559 4098 708 4153 3dat1ell
760 4099 874 4154 decruah
892 4099 947 4155 DB
998 4099 1068 4154 urrei
1084 4099 1123 4155 D:
1140 4099 1184 4154 res
1199 4099 1227 4154 B
1295 4105 1320 4154 5.
1338 4105 1354 4156 6
1371 4101 1402 4170 <>
1421 4101 1464 4156 Il:

286 4191 418 4248 rndreanrt
434 4191 463 4246 B
550 4196 581 4245 10
600 4191 737 4261 eplaml)
793 4196 935 4247 minutium
951 4191 1154 4248 lundamumll
1242 4197 1272 4248 ta
1291 4209 1418 4248 maiorem
1437 4193 1465 4248 1)

291 4289 322 4338 14
340 4283 431 4339 Textri
448 4283 474 4339 D
526 4283 587 4358 cplq
604 4285 699 4340 heoD
790 4289 820 4338 15
840 4284 949 4339 Serenio
968 4285 1102 4340 Germano
1121 4284 1252 4340 Pithoeus
1269 4285 1305 4350 (S.
1324 4285 1464 4340 Graniano

288 4377 348 4432 cod.
368 4375 477 4431 Pitlroer'
492 4377 553 4440 ΒΡ,
622 4383 654 4434 25
672 4377 781 4432 hercule
798 4380 972 4447 perecuraurt
986 4378 1013 4434 D
1065 4383 1098 4434 28
1116 4377 1276 4433 adnanull)
1345 4383 1378 4434 ³0
1395 4379 1465 4448 pha·

289 4468 427 4524 leltlnai)
496 4474 525 4525 31
545 4471 719 4527 hierolohmrs
734 4470 761 4526 Ι)
