2834 5394
12 25 1039 365 u

556 132 619 201 ῃ..

509 730 582 779 css.
605 730 896 782 xxm-mm
1222 719 1285 782 553

111 890 220 948 autem
241 881 476 967 obstupendum
499 889 532 948 et
546 882 706 967 scriptura
726 883 859 968 dignum
873 884 1063 949 miraculum
1082 891 1156 971 post
1170 885 1286 970 uiginti

110 992 192 1058 duos
212 1012 314 1058 annos
341 992 443 1075 iniqui
465 992 621 1078 principis
649 995 762 1062 mortis
790 1016 856 1060 una
877 1012 949 1059 cum
971 994 1128 1079 piissimis
1149 995 1286 1081 impera·

111 1101 234 1170 toribus
267 1109 299 1168 et
320 1103 459 1169 Tarasio
487 1103 690 1170 sanctissimo
722 1104 907 1189 patriarcha
943 1124 1002 1170 nos
1035 1111 1068 1170 et
1089 1103 1230 1170 uidimus
1252 1110 1285 1170 et

112 1233 183 1279 cum
207 1214 254 1280 eis
276 1213 417 1298 amplexi
439 1213 557 1279 luimus
579 1213 654 1279 licet
676 1213 803 1298 indigni
830 1234 982 1298 magnam
1003 1215 1141 1297 gratiam
1162 1232 1285 1299 prome·

80 1331 228 1390 erentes.

193 1435 293 1499 Porro
301 1439 392 1500 sexto
400 1433 524 1499 decimo
530 1431 690 1501 kalendas
697 1433 908 1501 Decembrias
922 1432 1066 1501 eiusdem
1081 1432 1213 1518 quintae
1234 1430 1354 1500 XXX
1380 1440 1417 1493 tlt

110 1543 295 1610 indictionis
324 1542 450 1610 decreto
472 1542 675 1628 imperatoris
698 1551 904 1628 promouetur
925 1545 1056 1611 Nicetas
1079 1546 1285 1614 eunuchuse

113 1655 239 1722 Sclauis
256 1661 343 1720 ortus
358 1653 579 1738 irregulariter
593 1654 779 1738 patriarcha
794 1653 1130 1740 Constantinopoleos.
1153 1663 1186 1722 et
1200 1657 1285 1723 facta

111 1773 161 1832 est
182 1765 310 1832 siccitas
333 1765 380 1829 ita
402 1773 437 1829 ut
457 1784 518 1831 nec
539 1783 592 1830 ros
615 1763 656 1830 lle
678 1764 768 1830 caelo
790 1764 920 1831 caderet
941 1764 1121 1850 defecitque
1142 1766 1184 1832 ab
1204 1768 1284 1834 urbe
1355 1850 1358 1856 Ι

64 1890 94 1938 ro
112 1876 242 1962 penitus
273 1896 359 1959 aqua
399 1884 431 1941 et
472 1875 595 1941 otiosae
633 1883 857 1941 remanserunt
889 1882 954 1941 tarn
991 1875 1150 1942 cisternae
1186 1896 1282 1961 quam

109 1988 241 2052 lauacra
280 1986 358 2070 quin
394 1986 502 2071 potius
534 1993 566 2050 et
598 1986 734 2051 fontalis
765 1984 888 2051 fluenta
929 2005 1012 2069 quae
1043 1987 1134 2070 prius
1166 1987 1283 2071 iugiter

110 2096 293 2162 effluebant.
339 2095 425 2180 quod
457 2097 587 2162 intuens
619 2097 794 2181 imperator
832 2096 939 2181 coepit
975 2115 1133 2162 renouare
1178 2117 1282 2181 aquae

112 2207 240 2272 ductum
262 2207 493 2288 Valentiniani,
517 2207 571 2291 qui
594 2227 666 2271 curn
689 2225 791 2291 usque
806 2204 849 2271 ad
863 2204 1049 2271 Heraclium
1063 2207 1281 2292 perdurasset,
1325 2267 1329 2276 .

109 2317 151 2384 ab
172 2317 333 2383 Auaribus
356 2325 406 2383 est
428 2316 619 2383 destructus.
664 2317 775 2383 electis
798 2335 875 2399 ergo
904 2336 945 2382 ex
968 2315 1108 2384 diuersis
1128 2318 1209 2386 locis
1232 2337 1282 2383 ar·

63 2438 91 2486 15
109 2428 249 2494 tificibus
271 2426 312 2491 ab
335 2427 416 2493 Asia
438 2426 567 2511 quidem
589 2426 681 2492 duxit
709 2435 740 2492 et
761 2426 863 2492 Ponto
892 2426 1117 2495 aedificatores
1139 2429 1228 2495 mille
1250 2437 1282 2494 et

108 2540 253 2606 linitores
277 2539 441 2621 ducentos,
465 2558 486 2603 a
507 2537 647 2603 Graecia
668 2557 745 2604 uero
768 2544 801 2602 et
822 2537 937 2604 insulis
959 2538 1167 2605 testacearios
1190 2539 1282 2624 quin·

108 2655 232 2733 gentos,
256 2669 352 2732 porro
375 2669 417 2714 ex
431 2649 504 2734 ipsa
519 2648 646 2713 Thrace
668 2649 833 2731 operarios
849 2649 990 2732 quinque
1005 2650 1095 2714 milia
1110 2654 1142 2714 et
1156 2650 1282 2733 tegulas

108 2759 265 2825 facientes
298 2757 462 2824 ducentos.
520 2765 553 2823 et
589 2758 777 2842 praeposuit
816 2758 864 2824 eis
896 2759 1059 2843 principes
1093 2764 1281 2824 executores

108 2889 242 2952 operum
270 2888 308 2932 ac
337 2867 505 2951 patricium
535 2887 649 2949 unum,
678 2868 787 2951 sicque
819 2887 916 2951 opere
944 2874 1163 2935 consummato
1196 2886 1281 2951 aqua

59 2991 91 3040 20
109 2977 254 3042 introiuit
275 2978 309 3041 in
331 2977 453 3042 urbem.

193 3087 342 3153 Ceterum
375 3087 489 3153 eadem
524 3086 637 3170 quinta
665 3085 816 3171 prouehit
841 3084 1017 3151 indictione
1046 3085 1097 3153 sui
1119 3105 1235 3152 sensus
1271 3085 1404 3156 XXXX

108 3206 274 3284 praetores
301 3205 333 3263 et
355 3198 520 3283 operarios
542 3196 688 3279 nequitia
710 3216 769 3262 sua
790 3195 966 3279 condignos
988 3197 1177 3262 Michaelem
1192 3197 1281 3264 uide·

109 3310 185 3375 lieet
206 3309 414 3375 Melissenum
436 3309 470 3373 in
493 3307 634 3374 themate
657 3306 861 3374 orientalium
890 3313 923 3373 et
942 3306 1132 3372 Michaelem
1156 3307 1280 3372 Lacha-

109 3419 338 3485 nodraoontem
360 3419 394 3483 in
417 3418 620 3500 Thraceslis‚
650 3437 748 3503 super
776 3417 992 3484 Buccellarios
1021 3437 1097 3483 uero
1125 3416 1279 3483 Manius

59 3543 90 3594 25
108 3529 218 3594 mania
238 3530 272 3595 id
294 3536 344 3594 est
364 3529 494 3593 insania
515 3528 723 3594 nominatum.
768 3525 826 3594 sed
854 3527 927 3611 quis
955 3527 1090 3594 idoneus
1118 3525 1161 3593 ad
1189 3548 1280 3594 enar·

108 3638 243 3703 randum
274 3641 432 3704 scelerata
459 3638 572 3702 horum
601 3639 753 3723 piacula?
787 3657 871 3723 quae
898 3639 1016 3722 partim
1047 3638 1114 3705 suis
1142 3658 1164 3703 a
1184 3638 1279 3705 nobis

107 3748 366 3830 constringentur
387 3748 421 3812 in
442 3748 531 3814 loeis.
576 3749 686 3813 omnia
708 3748 794 3813 enim
817 3768 874 3816 seu
897 3748 1025 3832 singula
1046 3749 1159 3814 horum
1181 3768 1280 3834 opera

108 3861 136 3926 si
158 3858 435 3925 conscriberentur
457 3877 540 3942 quae
562 3856 605 3923 ad
626 3860 822 3924 curabonem
850 3858 1041 3942 imperantis
1070 3858 1183 3923 effecta
1205 3864 1280 3924 sunt

107 3989 168 4035 neo
190 3970 297 4052 ipsum
319 3967 457 4033 arbitror
479 3975 514 4032 ut
534 3968 663 4054 proprie
685 3988 757 4034 cum
772 3969 983 4052 Euangelista
1004 3967 1139 4048 dicatur,
1162 3987 1278 4052 capere

57 4089 88 4137 ³0
106 4079 258 4144 mundum
281 4098 338 4144 eos
360 4079 414 4163 qui
437 4078 600 4145 scribendi
622 4087 697 4145 sunt
716 4078 827 4144 libros.

180 4189 284 4254 Anno
307 4208 383 4255 uero
403 4189 530 4274 imperii
546 4188 749 4254 Constantini
765 4187 918 4254 uicesimo
934 4187 1071 4271 septimo
1088 4186 1243 4253 Constan·
1257 4186 1406 4255 XXXX*

106 4303 192 4367 tinus
226 4300 300 4365 falsi
332 4300 472 4365 nominis
505 4298 690 4384 patriarcha
721 4296 836 4365 ductus
871 4304 921 4364 est
959 4298 1054 4364 nonis
1087 4296 1278 4364 Octobribus

104 4472 212 4480 1--

173 4578 233 4631 6lrt
252 4560 400 4644 ieptbbrrsl
415 4575 442 4629 D
511 4580 524 4627 t
544 4575 705 4630 exclauriD
774 4579 789 4630 9
808 4576 925 4639 siccitas]
944 4575 1082 4630 crurtall)
1155 4580 1181 4629 ll
1202 4574 1277 4630 laua-

105 4671 170 4724 chrs
188 4669 213 4724 Ι)
285 4673 313 4723 12
332 4676 405 4738 ceput
423 4667 449 4724 l)
525 4673 555 4723 rs
573 4668 740 4738 pduraralitr
757 4666 783 4723 l)
872 4674 902 4722 16
920 4669 987 4721 tetta
1004 4670 1091 4722 carros
1106 4667 1133 4722 D
1201 4671 1233 4722 22
1251 4675 1278 4723 et

105 4767 137 4816 23
156 4761 332 4817 mrchahelcm
349 4762 375 4817 l>
461 4765 492 4816 27
512 4762 706 4830 conttrmgctur
723 4760 750 4815 Ι)
835 4763 868 4814 29
885 4740 987 4816 mundr'r
1012 4761 1118 4830 caper&
1134 4761 1161 4817 D
1243 4766 1276 4816 32

105 4864 169 4911 ante
185 4855 244 4910 falsi
263 4855 327 4909 add.
345 4872 409 4911 nero
427 4855 454 4911 D
506 4871 577 4910 nono
596 4853 783 4909 octobrrai·ll
