2834 5394
577 750 650 799 aar.
672 750 772 798 11-r1
994 728 998 735 '
1185 735 1246 797 520

75 901 291 985 quadraginta
312 901 447 967 uiduata
468 909 634 986 manente,
664 903 911 988 prohibentibus
938 903 1008 968 fieri
1030 903 1247 988 patriarcham

75 1011 246 1092 Arabibus,
270 1013 303 1076 in
326 1013 439 1078 eadem
463 1012 593 1079 habens
608 1013 768 1097 quendam
784 1013 1041 1079 amantissimum
1057 1013 1248 1078 monachum

75 1123 190 1206 Syrum
213 1123 344 1188 nomine
359 1123 558 1208 Stephanum
582 1124 792 1207 agrestiorem
815 1123 945 1208 quidem
968 1122 1027 1189 sed
1050 1123 1248 1207 religiosum,

74 1232 163 1296 iubet
184 1232 218 1296 in
241 1234 363 1298 oriente
386 1233 500 1318 positis
523 1233 728 1316 Christianis,
753 1235 781 1300 si
803 1234 924 1299 uellent
945 1233 1085 1316 permitti
1109 1233 1171 1299 sibi
1193 1254 1249 1318 pa-

42 1342 247 1407 5triarcham
270 1343 407 1425 habere,
436 1345 542 1428 ipsum
572 1345 731 1427 eligerent
753 1344 963 1429 Stephanum.
1007 1345 1060 1428 qui
1091 1343 1248 1410 diuinitus

75 1453 134 1516 hoc
162 1454 232 1518 fieri
263 1454 458 1519 arbitrantes
488 1461 678 1520 consecrant
706 1474 778 1520 eum
800 1455 835 1518 in
858 1453 935 1521 sede
957 1454 1173 1540 'l'heupoleos
1218 1460 1249 1519 et

74 1583 114 1627 ex
142 1571 218 1628 tunc
247 1572 279 1629 ct
300 1584 401 1646 usque
423 1585 507 1629 nunc
534 1565 684 1631 discurrit
712 1565 781 1630 sine
804 1563 1020 1649 prohibitione
1042 1564 1138 1630 huius
1161 1565 1249 1629 modi

75 1674 155 1738 fieri.
179 1674 292 1738 eodem
308 1695 394 1739 anno
410 1676 548 1760 optinuit
563 1675 657 1741 Gizid
672 1675 758 1740 filius
774 1673 985 1739 Abdimeleeb
999 1674 1140 1739 Arabum
1162 1675 1248 1761 prin·

75 1786 224 1867 cipetum,
249 1784 291 1849 ad
315 1805 409 1869 quem
433 1786 663 1851 Constantinus
686 1784 813 1869 quidem
842 1783 1004 1848 Androam
1029 1785 1247 1867 Spatharium,
1288 1836 1291 1843 .

36 1908 65 1957 tc
82 1894 283 1959 Artauasdus
310 1904 415 1960 antem
439 1895 629 1979 Gregorium
662 1895 857 1978 logothetam
886 1894 1133 1960 transmiserunt
1160 1896 1249 1960 auxi·

80 2005 157 2066 lium
188 2013 380 2088 quaerentes
409 2007 577 2090 utrimque.
621 2026 717 2090 porro
745 2006 876 2090 pluuias
904 2005 1048 2071 defectus
1084 2010 1116 2070 et
1143 2011 1249 2070 terrae

78 2122 183 2179 motus
206 2135 264 2199 per
286 2117 356 2180 loca
379 2117 463 2180 facta
485 2124 559 2182 sunt
582 2117 626 2180 ita
649 2124 683 2180 ut
705 2123 829 2181 montes
852 2114 1017 2180 unirentur
1039 2114 1082 2179 ad
1096 2115 1130 2179 in
1145 2115 1247 2179 uicem

75 2245 133 2308 per·
156 2245 298 2290 eremum
321 2227 427 2291 Sabae
456 2235 488 2292 et
516 2229 651 2291 castella
679 2226 739 2291 sub
768 2235 885 2291 terram
916 2227 1172 2308 inmergerentur
1194 2224 1249 2288 ab·

74 2342 192 2419 sorpta.
1193 2406 1196 2411 ,

29 2458 57 2505 rc
158 2446 280 2511 Eodem
295 2466 372 2512 uero
388 2466 473 2512 anno
490 2445 625 2513 Cosmas
640 2446 858 2512 Alexandriae
881 2446 1068 2530 patriarcha
1088 2465 1154 2509 una
1176 2463 1248 2509 cum
1269 2441 1299 2507 V

74 2563 141 2620 tota
156 2557 286 2622 ciuitate
302 2577 322 2621 a
336 2557 617 2623 Monothelitarum
640 2557 816 2622 cacodoxia
838 2557 934 2621 rediit
956 2556 997 2620 ad
1013 2555 1247 2634 orthodoxiam,

75 2684 146 2729 cum
170 2668 328 2732 tenuisset
350 2687 370 2731 a
392 2667 476 2752 Cyro
499 2668 553 2748 qui
578 2667 638 2733 sub
660 2668 809 2732 Heraclio
824 2665 1041 2731 Alexandriae
1063 2665 1249 2750 patriarcha

74 2777 142 2839 fuit.
187 2796 281 2860 porro
305 2778 480 2841 exercitum
510 2778 610 2841 mouit
633 2778 752 2843 Gamer
780 2797 851 2841 cum
873 2777 1015 2840 Arabum
1046 2775 1249 2840 multitudine

75 2891 187 2948 eontra
208 2887 398 2950 Romaniam
421 2893 453 2951 et
480 2888 589 2952 multis
617 2888 650 2950 in
680 2888 900 2970 captiuitatem
930 2885 1077 2951 abductis
1099 2903 1249 2950 reuersus

26 3003 58 3052 20
76 3002 134 3058 est.
179 3002 210 3059 et
231 2997 382 3080 apparuit
405 2997 531 3079 signum
554 2997 586 3060 in
610 2998 699 3061 caclo
727 2996 769 3060 ad
791 2997 983 3080 Aquilonem
1013 3014 1124 3061 mense
1146 2994 1248 3058 Iunio.

75 3106 147 3168 Hali
181 3112 289 3170 autem
318 3105 448 3171 Petrum
478 3107 717 3173 sanctissimum
751 3107 985 3190 metropolitam
1008 3105 1162 3172 Damasci
1190 3104 1250 3169 lin-

74 3236 138 3297 gua
172 3217 312 3281 mutilari
348 3218 515 3301 praecepit
548 3224 711 3300 tamquam
743 3224 928 3300 arguentem
966 3217 1074 3301 palam
1105 3214 1247 3280 Arabum

74 3346 112 3390 ac
127 3327 388 3392 Manichaeorum
405 3328 628 3410 cognationem
644 3334 676 3391 et
698 3328 823 3391 exulem
840 3344 940 3410 penes
956 3325 1078 3389 felicem
1094 3325 1249 3389 Arabiam

75 3436 163 3517 fecit,
192 3437 260 3500 ubi·
277 3445 308 3501 et
336 3438 467 3502 moritur
494 3437 648 3521 martyrio
677 3457 735 3521 pro
759 3436 886 3502 Christo
909 3443 1076 3520 percepto,
1100 3454 1171 3499 eum
1196 3452 1250 3499 ex·

26 3547 218 3628 ‘repressius
248 3547 379 3613 diuinas
408 3548 526 3614 missas
561 3547 803 3631 pronuntiasset
832 3545 913 3612 sicut
940 3544 1036 3611 huius
1066 3544 1112 3610 rei
1140 3562 1250 3609 narra·

74 3663 160 3719 tores
182 3657 281 3738 aiunt,
306 3657 359 3740 qui
383 3676 418 3723 sc
440 3657 580 3743 propriis
595 3656 760 3722 auditibus
782 3677 880 3741 super
901 3655 962 3720 hoc
978 3655 1161 3722 satisfactos
1177 3672 1250 3720 esse

75 3766 224 3829 fatentur.

160 3875 263 3941 Huius
297 3877 476 3940 aemulator
507 3883 539 3942 ct
571 3876 784 3961 homonymus
812 3876 926 3940 Petrus
958 3874 1045 3959 apud
1073 3874 1246 3938 Maiumam
1268 3865 1315 3930 VI

75 3985 219 4051 eiusdem
242 3986 439 4071 temporibus
463 3995 610 4053 ostensus
633 3993 682 4051 est
704 4006 762 4071 pro
778 3984 906 4051 Christo
930 3991 1051 4068 martyr
1073 3985 1248 4050 ultroneus.

25 4112 56 4161 ao
75 4097 229 4178 languore
253 4096 280 4161 si
304 4096 432 4180 quidem
455 4097 604 4163 detentus
619 4097 776 4181 primores
791 4095 933 4158 Arabum
951 4094 1123 4159 aduocauit
1140 4099 1249 4178 utpote

74 4208 274 4273 assuefactos
298 4206 360 4273 sibi
383 4226 453 4271 cum
476 4207 690 4273 chartularius
707 4215 794 4272 esset
816 4213 848 4270 et
869 4205 999 4290 publiea
1021 4204 1140 4268 tributa
1163 4203 1249 4267 facta

74 4319 198 4383 ratione
221 4318 394 4394 conferret,
423 4325 455 4383 et
476 4319 522 4383 ait
544 4317 585 4382 ad
619 4317 692 4382 illos
724 4315 913 4381 ‘mercedem
944 4315 1073 4399 quidem
1104 4334 1162 4399 pro
1177 4311 1249 4378 mei

143 4625 248 4672 'lnunc
266 4617 354 4671 oral)
424 4613 680 4669 ehabddmelrc·D
754 4617 784 4666 to
805 4611 1024 4667 arthnuafdqu)
1078 4615 1106 4664 tf
1126 4606 1251 4678 amq-D

78 4718 106 4766 12
125 4711 236 4765 factrl)
330 4714 360 4764 13
379 4695 486 4764 heremi
504 4705 609 4761 rauel)
661 4692 814 4761 caftellhD
865 4705 973 4760 abforta
990 4703 1017 4759 D
1085 4707 1114 4757 21
1135 4701 1198 4757 Hah
1215 4699 1250 4764 D,

73 4803 172 4857 l'halid
190 4803 274 4874 utdpo
366 4807 398 4856 23
416 4790 497 4857 felice
516 4787 665 4856 eudemone
683 4799 708 4855 1)
811 4802 843 4852 28
861 4797 1035 4869 omonym;l)
1121 4799 1149 4849 ³1
1172 4794 1250 4848 char-

80 4897 211 4950 thulurruf
229 4894 254 4949 D
323 4901 353 4949 32
373 4895 484 4950 merfl)

119 4993 232 5032 llrsrours
247 5001 364 5030 sisennus
993 4994 1025 5046 34
