2834 5394
511 689 584 738 cnr.
607 686 882 737 mxu-xxxxv
1210 673 1273 734 415

100 866 173 912 cum
195 842 380 910 Theodosio
410 864 468 911 suo
498 842 678 908 saluaretur
714 847 746 906 et
782 840 943 906 orationes
974 839 1150 925 compleret
1184 836 1272 923 apud

98 952 310 1021 Blachernai.

184 1064 280 1129 Anno
293 1081 369 1129 uero
383 1061 511 1147 imperii
525 1060 573 1128 sui
586 1060 740 1129 uicesimo
755 1060 928 1127 Mauricius
951 1060 983 1124 in
1000 1079 1036 1126 se
1050 1077 1201 1131 reuersus
1222 1054 1403 1122 XXXXIIl

100 1182 132 1241 ct
155 1174 263 1242 sciens
285 1170 372 1257 quod
394 1170 476 1236 nihil
497 1170 593 1237 deum
609 1172 707 1236 lateat
729 1170 786 1237 sed
802 1171 952 1238 omnihus
966 1167 1082 1236 reddat
1096 1166 1273 1236 secundum

66 1297 200 1372 eopcra
219 1283 363 1369 ipsorum
385 1289 418 1349 et
438 1281 619 1364 recogitans
640 1300 808 1349 excessum
838 1299 933 1363 quem
961 1280 995 1346 in
1023 1278 1274 1364 captiuationcm

99 1399 357 1481 perpetrauerat,
387 1412 452 1458 non
479 1391 643 1458 redimens
670 1410 759 1473 eam,
788 1390 942 1477 expedire
970 1389 1127 1456 iudicauit
1153 1388 1186 1455 in
1212 1388 1274 1452 hac

97 1504 168 1570 uita
190 1522 225 1570 sc
246 1502 390 1587 recipere
410 1520 469 1586 pro
491 1508 624 1587 peccato
647 1509 678 1567 et
699 1522 765 1567 non
786 1503 821 1567 in
843 1503 950 1567 lutura
977 1508 1009 1568 et
1035 1460 1274 1583 tactasMreces

97 1615 133 1680 in
169 1613 298 1699 scriptis
327 1610 504 1678 transmisit
540 1611 583 1676 ad
621 1630 733 1679 omnes
768 1612 1002 1697 patriarchales
1030 1608 1126 1677 sedes
1162 1614 1195 1673 et
1230 1606 1273 1673 ad

97 1742 211 1791 omnes
233 1722 381 1788 ciuitates
403 1720 465 1787 sibi
488 1721 649 1788 subiectas
671 1728 703 1787 ct
723 1720 766 1787 ad
788 1722 1000 1805 monasteria,
1032 1739 1117 1805 quae
1139 1724 1215 1785 sunt
1238 1717 1274 1783 in

51 1846 81 1896 rc
97 1852 204 1901 eremo
236 1838 268 1899 et
296 1831 331 1897 in
360 1831 596 1916 Hierosolymis
624 1838 657 1897 ct
683 1831 726 1897 ad
747 1832 856 1898 lauras
877 1831 1034 1916 pecunias
1055 1836 1088 1894 et
1109 1846 1220 1894 cereos
1241 1814 1286 1893 et

97 1944 287 2024 incensant
309 1946 439 2007 orarent
459 1961 517 2026 pro
540 1960 575 2008 se
597 1940 685 2026 quod
706 1941 759 2007 hic
780 1942 936 2026 reciperet
964 1948 995 2007 et
1024 1960 1090 2006 non
1112 1938 1145 2005 in
1168 1936 1273 2002 futuro

97 2053 236 2121 saeculo.
282 2050 564 2117 scandalizabatur
590 2058 698 2116 autem
735 2058 768 2117 et
804 2051 837 2117 in
866 2051 1083 2136 Philippicum
1118 2066 1272 2133 generum

97 2183 191 2230 suum
213 2160 301 2247 quod
322 2162 356 2225 in
381 2166 413 2223 <D
433 2161 542 2227 littera
563 2161 789 2226 nominaretur.
812 2182 908 2247 porro
920 2160 1120 2246 Philippicus
1142 2157 1273 2223 diuerse

97 2273 225 2338 iurabat
246 2271 432 2357 imperatori
460 2270 546 2353 quod
576 2292 675 2356 purus
697 2279 785 2338 esset
812 2272 845 2336 in
874 2272 1005 2339 seruitio
1028 2272 1097 2338 eius
1126 2277 1159 2337 et
1185 2263 1273 2350 apud

49 2394 80 2445 ¹⁵
96 2400 133 2450 sc
155 2383 278 2448 nullum
300 2380 408 2447 dolum
430 2380 574 2447 haberet.

182 2490 326 2575 Cumque
354 2490 527 2557 Mauricius
560 2492 757 2576 supplicaret
778 2492 839 2558 deo
862 2491 1114 2559 misericordiam
1143 2510 1235 2578 prae·
1262 2491 1393 2558 XXXX

96 2601 205 2670 standi
226 2601 356 2666 animae
378 2621 467 2683 suae,
490 2601 630 2684 quadam
653 2609 747 2666 nocte
761 2601 926 2670 dormiens
949 2602 1030 2668 uidit
1051 2601 1173 2669 inuisa
1194 2608 1271 2667 ante

95 2731 232 2778 aeneam
254 2710 367 2796 palatii
391 2719 516 2795 portam
539 2711 673 2795 imagini
695 2713 867 2779 saluatoris
890 2731 926 2779 se
949 2712 1131 2779 adstantem
1161 2718 1193 2777 et
1220 2729 1272 2776 co·

96 2821 222 2906 piosum
250 2821 403 2905 populum
439 2821 562 2905 pariter
584 2821 803 2887 adsistentem.
849 2830 924 2887 tunc
954 2821 1040 2886 iacta
1068 2826 1117 2886 est
1138 2839 1202 2884 uox
1231 2838 1272 2884 ex

45 2950 79 3001 ac
96 2930 283 2997 charactere
312 2930 421 3013 magni
450 2929 502 2994 dei
533 2939 565 2996 et
593 2931 766 2997 saluatoris
788 2932 890 2997 nostri
912 2931 988 2997 Iesu
1010 2929 1131 2996 Christi
1158 2928 1270 2995 dicens

96 3039 180 3107 ‘date
202 3040 410 3106 Mauricium.'
454 3048 486 3105 et
514 3046 661 3107 tenentes
689 3060 762 3106 eurn
793 3040 982 3105 iudiciorum
1013 3039 1152 3106 ministri
1184 3035 1273 3103 exhi-

94 3151 232 3217 buerunt
260 3148 346 3234 apud
376 3171 569 3235 purpureum
593 3150 777 3216 umbilicum
814 3151 868 3235 qui
904 3150 970 3216 illic
998 3157 1068 3216 erat
1096 3156 1128 3216 et
1155 3149 1202 3214 ait
1228 3146 1271 3213 ad

94 3280 168 3327 cum
190 3261 322 3346 propria
344 3279 423 3326 uoco
446 3261 517 3325 ‘uhi
540 3261 590 3327 uis
612 3260 747 3326 reddam
770 3261 848 3326 tihi:
875 3261 927 3326 hic
955 3281 998 3326 an
1019 3261 1052 3326 in
1075 3260 1179 3324 tuturo
1202 3277 1272 3325 sac·

96 3371 205 3436 culol’
237 3390 301 3454 quo
330 3371 385 3435 illc
407 3370 517 3435 audito
551 3372 718 3456 respondit
741 3371 880 3436 ‘amator
901 3371 1065 3436 hominum
1089 3368 1218 3434 domine
1240 3374 1272 3432 et

44 3500 77 3551 25
95 3479 193 3546 iudex
214 3480 297 3546 iuste
320 3479 372 3544 hic
393 3480 500 3564 potius
522 3491 554 3547 et
576 3502 640 3546 non
664 3482 698 3546 in
720 3483 849 3548 saeculo
871 3482 945 3548 illo!
989 3488 1021 3547 et
1041 3480 1136 3547 iussit
1158 3477 1272 3544 diuina

95 3610 160 3655 uox
181 3588 266 3654 tradi
288 3589 476 3653 Mauricium
501 3600 533 3656 ot
556 3590 800 3658 Constantinam
824 3611 956 3658 uxorem
979 3591 1049 3658 eius
1072 3598 1104 3657 et
1125 3590 1209 3657 filios
1237 3595 1269 3653 et

95 3718 222 3765 omnem
254 3699 476 3781 cognationem
507 3701 580 3767 aius
601 3701 728 3767 Phocae
758 3703 870 3768 militi!
914 3702 1162 3788 expergefactus
1191 3718 1268 3784 ergo

94 3808 268 3875 Mauricius
298 3816 446 3874 uocatum
481 3829 552 3875 eam
590 3812 644 3893 qui
682 3831 789 3876 coram
825 3831 860 3878 se
894 3811 1074 3877 dormiebat
1101 3811 1190 3878 misit
1224 3808 1268 3873 ad

93 3918 307 4004 Philippicunr
337 3940 492 4003 generum
516 3942 607 3987 suum
631 3929 666 3986 ut
688 3923 834 3988 celeriter
855 3941 928 3987 eum
957 3920 1133 3986 adduceret
1156 3917 1199 3985 ad
1221 3938 1266 3986 se.
1372 3911 1377 3917 ’

42 4047 74 4098 ec
92 4049 228 4113 cumque
258 4030 313 4094 ille
342 4031 478 4115 abisset,
510 4031 640 4097 uocauit
669 4052 752 4098 eum.
796 4032 851 4116 qui
880 4050 1079 4113 consurgens
1111 4029 1270 4094 aduocata

92 4158 191 4205 uxore
215 4159 273 4206 sua
288 4139 412 4206 Gordia
433 4140 596 4208 osculatus
619 4149 669 4209 est
690 4161 763 4208 earn
785 4141 898 4208 dicens
922 4140 1032 4222 ‘salue²
1055 4140 1119 4205 iam
1134 4159 1199 4206 non
1215 4157 1266 4204 rnc

160 4361 191 4410 10
209 4356 311 4424 lauras]
335 4356 428 4412 laurae
445 4358 556 4413 Graecrf
576 4358 674 4412 ulrtato
705 4360 824 4413 sermone
842 4359 970 4413 dicuntur
988 4356 1072 4414 cellae
1089 4355 1269 4426 rellglosorum

90 4449 262 4521 adscrrprtam
279 4466 345 4504 orae
362 4450 464 4505 codicis
481 4449 508 4504 P
592 4456 620 4505 11
640 4456 712 4515 ante]
731 4451 848 4520 apudD
930 4455 958 4505 19
976 4455 1077 4520 panter
1094 4467 1144 4505 om.
1163 4448 1206 4515 D¹‚
1223 4448 1268 4504 de·

90 4541 152 4596 inde
171 4528 379 4597 conlrltenteD
430 4544 535 4598 attente
552 4544 579 4598 D
631 4548 664 4598 20
683 4551 820 4598 caractere
837 4544 863 4598 Ι)
914 4544 984 4608 Iesu]
1002 4526 1092 4597 1th
1160 4546 1190 4596 21
1211 4556 1267 4597 ma·

87 4636 161 4706 grltrr
184 4635 231 4691 D*
329 4638 361 4690 22
387 4636 611 4706 apudlapudD
730 4641 761 4690 27
781 4637 911 4707 phoceD
1014 4639 1048 4690 28
1073 4639 1218 4690 etuocatd
1241 4633 1269 4688 D

88 4734 120 4784 29
140 4730 267 4786 celeretcr
287 4728 325 4783 θ’
403 4713 450 4784 'do'
464 4729 614 4800 turgenti)
694 4734 723 4785 31
746 4730 847 4786 Gordia
864 4747 915 4786 om.
933 4729 961 4784 1>
1026 4728 1098 4784 talne
1114 4758 1148 4769 -
1173 4732 1267 4794 ellat

87 4826 179 4880 drcenl
195 4822 258 4879 odd.
277 4823 324 4878 D'c
