2834 5394
463 686 536 734 cnr,
559 684 873 733 xxxxv-xxxxvur
1190 670 1254 733 613

77 846 111 906 et
132 836 174 904 ad
197 838 322 920 regalia
342 837 499 922 peruenit.
543 857 640 921 porro
661 835 801 902 lliobael
830 835 943 901 audita
971 834 1068 901 huius
1096 835 1255 900 acelama-

77 950 164 1014 tione
186 948 220 1011 in
243 947 416 1011 oratorium
432 947 529 1011 Phari
552 966 724 1013 accurrens
746 967 812 1012 una
834 965 906 1011 cum
921 944 1080 1029 Procopia
1100 946 1252 1026 natisque

79 1059 146 1125 suis
174 1055 320 1123 detonsis
348 1057 475 1142 capillis
496 1057 677 1123 monastica
698 1054 803 1121 induit
824 1056 1019 1123 uestimenta
1041 1055 1154 1138 quinto
1175 1053 1258 1120 idus'

78 1168 152 1234 Iulii
174 1174 286 1234 sextae
309 1149 493 1234 indictionis
515 1166 597 1233 feria
619 1166 771 1234 secunda.

46 1292 62 1341 ι
163 1278 300 1343 Postera
319 1297 395 1342 uero
416 1277 470 1343 die
484 1277 557 1343 Lso
578 1285 748 1344 coronatus
763 1297 784 1342 a
798 1276 982 1360 Nicepboro
1004 1274 1191 1359 patriarcha
1205 1273 1407 1347 XXXXVII

78 1389 113 1452 in
136 1387 274 1452 ambone
297 1387 429 1453 maioris
451 1387 609 1453 ecelesiae
637 1387 727 1452 urbis
755 1387 921 1471 praesepit
941 1385 1096 1452 custodiri
1118 1386 1255 1452 uiriliter

79 1516 187 1562 muros
210 1496 263 1561 die
285 1515 324 1561 ac
345 1504 438 1561 nocte
459 1497 530 1579 ipse
552 1516 610 1581 per
632 1515 668 1563 se
689 1496 881 1563 circumiens
905 1503 937 1561 et
957 1497 1103 1563 excitans
1125 1502 1256 1562 cunctos

79 1626 117 1672 ao
140 1607 258 1671 bonam
283 1607 353 1691 spei
377 1606 529 1672 fiduciam
551 1606 673 1673 habere
695 1626 901 1673 commonens
931 1626 969 1671 eo
992 1605 1078 1691 quod
1101 1605 1181 1672 deus
1203 1625 1255 1671 ee·

79 1717 190 1781 leniter
212 1717 293 1781 foret
314 1716 481 1802 inopinate
502 1715 643 1783 facturus
674 1736 733 1801 per
763 1716 1013 1782 intercessiones
1042 1717 1255 1782 intemeratae
1362 1782 1364 1788 ,

32 1825 133 1892 rodei
156 1826 328 1909 genetricis
351 1834 384 1892 et
406 1824 547 1890 omnium
570 1832 752 1892 sanctorum
774 1846 833 1892 neo
856 1827 985 1891 omniuo
1014 1824 1165 1891 conlundi
1194 1846 1257 1893 nos

81 1944 167 2002 esset
189 1955 344 2021 passurus
366 1935 408 2000 ob
437 1935 673 2002 multitudinem
702 1937 867 2021 culparum
896 1944 1088 2004 nostrarum.
1131 1936 1257 2001 interea

80 2065 182 2112 nouus
212 2044 430 2111 Sennacherib
461 2046 611 2113 Omnnus
639 2045 791 2113 uidelieet
818 2045 971 2113 derelieto
999 2045 1130 2132 proprio
1156 2047 1256 2112 tratre

79 2175 151 2220 eum
173 2156 291 2221 uirtute
314 2176 374 2222 sua
394 2155 437 2222 ad
458 2156 711 2241 impugnandam
727 2156 994 2243 Hadrianopolim
1009 2163 1084 2241 post
1104 2175 1164 2223 sex
1184 2154 1256 2223 dies

79 2266 206 2351 imperii
228 2265 347 2332 Leonis
370 2268 604 2351 superueniens
627 2267 661 2332 in
683 2267 807 2333 uiribus
829 2274 862 2333 et
883 2268 974 2351 equis
996 2267 1120 2350 regiam
1142 2265 1257 2332 urbem

33 2396 62 2445 ιι
79 2375 217 2460 gyrabat
247 2376 338 2441 iuxta
366 2397 474 2444 muros
504 2376 737 2444 aBlaohemis
767 2398 869 2461 usque
898 2376 940 2443 ad
968 2396 1100 2442 auream
1128 2382 1257 2461 portam

80 2484 255 2552 ostendens
288 2487 440 2552 uirtutem
474 2507 567 2553 suam
600 2495 633 2553 et
664 2487 825 2552 celebrato
855 2488 977 2572 polluto
1006 2493 1039 2553 et
1066 2484 1257 2552 daemonico

80 2596 238 2662 sacrificio
267 2596 301 2661 in
329 2604 422 2680 prato
452 2615 554 2680 penes
582 2615 672 2662 mare
700 2597 761 2662 sito
791 2598 968 2682 postulauit
996 2596 1038 2662 ab
1060 2597 1256 2679 imperatore

80 2712 115 2769 ut
136 2705 253 2787 figeret
275 2706 422 2769 lanceam
446 2726 538 2771 suam
569 2706 601 2771 in
625 2707 761 2772 eandem
791 2714 917 2791 portam
946 2725 1088 2787 auream,
1126 2725 1189 2789 quo
1221 2703 1255 2768 id

81 2814 149 2878 fieri
174 2833 238 2878 nou
261 2814 467 2897 permittente
490 2834 640 2880 reuersus
662 2823 712 2881 est
734 2814 776 2880 ad
798 2815 1042 2881 tabernaculum
1064 2835 1167 2881 suum.

32 2943 64 2993 ro
166 2922 246 2987 Cum
269 2930 377 2989 autem
401 2923 579 2990 admiratus
602 2924 717 2991 luisset
738 2944 846 2990 muros
867 2923 957 2991 urbis
979 2931 1011 2989 et
1033 2923 1116 2990 bene
1138 2943 1188 2989 or·
1202 2921 1412 2991 XXXXVIII

80 3032 223 3097 dinatam
246 3032 451 3117 imperatoris
473 3033 575 3099 aoiem
598 3040 631 3098 et
658 3053 757 3118 super
785 3032 955 3101 obsidione
983 3054 1080 3118 quam
1103 3033 1257 3119 sperabat

78 3142 270 3226 desperatus
299 3142 431 3209 effectus
451 3153 553 3223 esset,
587 3143 630 3209 ad
653 3144 884 3210 conuentiones
906 3144 1102 3210 conuertitur
1125 3152 1157 3211 et
1178 3151 1255 3212 ante

78 3271 192 3336 paoem
215 3254 421 3337 temptatoris
442 3252 544 3319 uerba
566 3254 714 3319 iaciebat.
759 3261 794 3319 at
813 3254 987 3337 imperator
1008 3261 1143 3338 accepta
1164 3274 1254 3320 occa·

79 3362 169 3428 sione
191 3369 325 3428 conatus
348 3370 397 3428 est
419 3363 505 3428 buno
526 3362 675 3429 insidiari
704 3362 805 3429 seda
827 3362 1030 3429 multitudine
1051 3371 1254 3448 peecatorum

30 3490 62 3541 ιι
79 3479 263 3537 nostrorum
285 3472 347 3536 hoo
368 3472 402 3538 in
423 3473 520 3537 finem
542 3472 718 3558 perducere
740 3473 921 3558 prohibitus
949 3481 999 3539 est
1027 3470 1256 3541 administran-

79 3581 157 3646 tium
189 3581 324 3648 huiusce
352 3581 439 3647 modi
462 3584 508 3648 rei
531 3583 719 3667 rusticitate,
743 3583 981 3650 uulnerantium
1005 3583 1136 3669 quidem
1158 3584 1254 3666 huno,

81 3691 248 3756 mortalem
269 3699 378 3756 tamen
400 3712 465 3757 non
487 3692 693 3759 inferentium
715 3693 857 3777 plagam.
902 3713 1000 3777 super
1022 3693 1084 3760 hoe
1104 3714 1182 3779 ergo
1204 3696 1255 3760 in·

82 3801 214 3866 sauiens
237 3801 454 3885 nequissimus
478 3802 576 3869 misso
598 3822 694 3869 eursu
715 3802 758 3868 ad
781 3808 927 3870 sanetum
943 3803 1082 3868 Mamam
1097 3805 1253 3890 palatium

81 3910 146 3975 illic
175 3910 321 3976 habitum
350 3910 494 3977 incendit
521 3921 553 3978 et
581 3933 677 3978 aereo
706 3913 815 3979 Leone
844 3912 1061 3997 hippodromii
1089 3934 1154 3979 una
1181 3934 1253 3980 oum

33 4039 64 4089 ao
81 4041 156 4087 urso
189 4028 221 4085 et
253 4021 446 4086 dracunculo
476 4023 567 4088 lacus
594 4041 633 4088 ao
661 4023 874 4088 marmoribus
905 4023 1016 4089 electis
1044 4024 1077 4089 in
1106 4025 1255 4108 plaustra

80 4131 241 4215 impositis
266 4151 416 4197 reuersus
438 4139 490 4199 est
510 4140 542 4198 et
564 4133 734 4199 obsessam
755 4132 1022 4217 Hadrianopolim
1045 4134 1138 4216 oepit.

146 4340 278 4397 alani)
347 4339 502 4396 aurbetb
572 4345 602 4396 12
621 4322 763 4397 ordnulll
852 4346 882 4395 13
900 4322 1112 4412 adnanopoliD
1174 4347 1204 4397 ιι
1222 4349 1256 4399 ιιι

78 4432 174 4504 ingeret
190 4435 312 4490 lanceam
330 4437 403 4489 luam
420 4433 447 4489 P
462 4439 526 4489 ants
542 4451 677 4501 rasuram,
695 4441 722 4489 ct
739 4436 918 4490 Anastasius:
943 4441 973 4488 ut
992 4434 1097 4504 fugeret
1120 4435 1155 4490 ad
1172 4422 1257 4492 eontd

80 4508 171 4592 lucil),
189 4536 219 4581 ιιι
236 4528 332 4598 figeret
350 4534 459 4582 contum
477 4526 552 4582 suum
564 4545 588 4599 p
640 4512 742 4583 eadbD
793 4526 946 4596 quo]qu
1006 4528 1255 4584 20ammrratut1)

78 4623 111 4673 25
131 4600 367 4677 bmrmltrantrirll
469 4624 502 4673 29
519 4619 751 4691 hyppodromuD
847 4625 877 4674 31
897 4620 1064 4689 impolitol)
1127 4621 1253 4677 adriano·

78 4691 134 4782 poli
153 4711 179 4767 D
237 4715 419 4786 miserantum
437 4723 572 4771 sxrnrcrr
587 4718 591 4778 Ι
606 4713 667 4779 u1b;
685 4714 891 4783 xxm-hittone
908 4727 1018 4785 romane
1030 4713 1158 4786 lebentem
1175 4714 1253 4783 inl),

78 4809 208 4861 secuntur
234 4805 316 4863 bacco
339 4807 445 4862 anul
460 4785 606 4862 romanorr'r
638 4788 791 4878 principatui
806 4806 824 4877 -Ι
837 4807 1003 4878 singulariter
1020 4809 1137 4864 obtinuit
1152 4836 1157 4847 ·
1177 4809 1255 4880 gunt
