2834 5394
171 205 233 266 590
653 221 747 269 nram
767 219 851 267 xxm

170 378 267 438 natus
295 378 345 438 est
365 374 506 455 Tereus,
535 371 720 459 appellatus
748 378 797 440 cst
824 367 997 457 imperator
1027 369 1075 435 ab
1100 369 1275 438 omnihus
1298 371 1370 436 ultra

172 481 244 548 sitis
266 482 471 565 thematibus,
495 484 550 566 qui
572 485 706 549 multum
728 483 855 550 renisus
876 489 911 546 ut
932 479 1095 547 euaderet
1119 481 1218 563 illos,
1244 480 1370 547 minine

171 591 275 657 ualuit
297 599 328 658 ct
349 591 552 660 descendens
574 613 678 679 usque
699 593 742 660 ad
757 591 980 679 Chrysopolim
1002 610 1078 655 cum
1102 590 1297 659 circuisset
1317 589 1371 656 die

171 701 233 768 bus
255 709 325 768 octo
348 708 380 768 et
401 701 534 769 minime
554 704 669 771 luisset
689 710 844 789 receptus,
866 701 961 768 rediit
982 719 1088 782 usquc
1113 700 1164 767 ad
1188 701 1370 786 Magalina

172 812 227 896 qui
250 821 398 879 metuens
413 811 509 877 deum
532 821 565 880 et
586 816 769 898 recogitans
791 832 832 881 ne
853 813 933 877 forte
953 830 1011 895 per
1033 830 1070 876 se
1094 811 1273 876 mactatio
1290 809 1393 875 Chri-s

172 922 348 988 stianorum
372 921 559 1005 efficeretur,
582 924 671 991 misit
692 924 734 991 ad
748 922 963 1008 Nicephorum
984 929 1016 986 et
1037 929 1185 1005 accepto
1212 921 1326 986 uerbo
1346 921 1375 985 in

172 1032 302 1115 scriptis
324 1033 476 1116 propriae
498 1053 615 1099 manus
645 1035 715 1100 eius
737 1034 770 1099 in
799 1053 862 1117 quo
884 1039 917 1099 et
937 1030 1094 1096 Tarasius
1130 1031 1377 1098 sanctissimus

171 1140 358 1225 patriarcha
386 1148 419 1208 et
446 1161 558 1209 onmes
586 1144 712 1228 patricii
740 1143 1008 1227 subscripserunt,
1036 1139 1129 1224 quod
1165 1140 1322 1207 illaesus
1349 1148 1377 1204 et

171 1248 335 1317 indemnis
371 1270 442 1316 eum
474 1252 624 1320 omnibus
656 1253 710 1337 qui
748 1271 857 1319 secum
899 1256 991 1316 erant
1028 1249 1111 1314 foret
1162 1249 1377 1329 seruandus,

173 1367 265 1427 sexto
287 1359 361 1428 idus
384 1360 579 1447 Septembrii
607 1361 715 1428 media
743 1368 837 1428 nocte
864 1361 946 1426 clam
974 1358 1102 1442 fugiens
1126 1357 1325 1425 descendit
1345 1360 1377 1425 in
1393 1375 1413 1423 11

173 1469 336 1536 ciuitatem
360 1471 534 1556 Bithyniae
562 1473 596 1536 in
618 1472 848 1539 monasterium
870 1469 1010 1536 Heraclii
1049 1474 1081 1531 et
1111 1468 1269 1535 inuento
1305 1470 1379 1536 che

173 1579 294 1662 Iamdiu,
318 1581 404 1665 quod
419 1581 461 1646 ab
476 1581 672 1666 imperatore
688 1601 786 1667 super
806 1580 868 1646 hoc
888 1580 993 1645 fuerat
1012 1577 1150 1643 missum
1178 1586 1313 1646 tonsus
1330 1585 1381 1647 est

173 1696 205 1754 et
226 1689 358 1756 indutus
381 1691 464 1757 stola
485 1690 675 1756 monachica
702 1699 734 1756 et
754 1692 921 1774 ingressus
941 1686 1021 1753 illud
1042 1686 1125 1751 abiit
1155 1688 1197 1752 in
1224 1689 1383 1756 insulam

173 1817 258 1882 quae
272 1799 566 1881 dicebaturPrima,
582 1801 616 1864 in
632 1820 696 1884 qua
710 1800 939 1867 aedifieauerat
953 1795 1189 1862 monasterium
1210 1799 1382 1888 opimatus

174 1907 260 1987 quod
277 1908 437 1974 ueriturus
452 1909 533 1974 foret
547 1909 689 1974 terribile
704 1910 837 1975 uerbum
859 1908 944 1993 quod
966 1906 1100 1972 dederat
1124 1905 1194 1970 sibi
1222 1917 1383 1976 contem·
1401 1929 1415 1977 u

171 2015 297 2100 ptibilis
319 2016 532 2102 Nicephorus,
556 2024 588 2081 et
610 2018 644 2082 in
665 2019 754 2083 nullo
777 2025 864 2086 esset
885 2016 1073 2083 laedendus.

99 2122 152 2187 111
257 2124 300 2189 At
320 2125 377 2190 ille
399 2127 503 2210 primo
525 2124 655 2209 quidem
678 2127 821 2193 denudat
842 2128 934 2192 illum
956 2123 1139 2192 substantia
1161 2125 1245 2192 cius
1272 2136 1310 2193 et
1325 2149 1381 2194 oe-

173 2233 304 2300 cesione
320 2242 454 2321 accepta
476 2255 588 2303 omnes
603 2235 779 2302 thematum
794 2236 957 2323 principes
980 2241 1011 2300 et
1032 2233 1253 2318 habitatores,
1272 2256 1380 2319 quos-

173 2342 248 2409 dam
271 2351 380 2411 autem
403 2346 497 2412 etde
520 2346 599 2413 urhe
621 2347 712 2430 regia
733 2347 926 2432 captiuauit,
960 2345 1131 2410 exercitum
1155 2350 1277 2410 autem
1302 2349 1377 2432 pri·

172 2461 283 2519 uatum
315 2476 395 2539 roga
428 2455 580 2522 deseruit.
636 2476 747 2522 uerum
776 2457 848 2540 quis
877 2475 982 2522 sermo
1010 2471 1161 2521 enarrare
1191 2454 1374 2540 condigne
1391 2469 1415 2518 a

173 2564 310 2629 sufficiet
333 2585 432 2650 opera
454 2586 538 2650 quae
567 2566 601 2630 in
630 2564 744 2631 diebus
775 2566 840 2632 illis
861 2567 903 2631 ab
932 2584 969 2629 eo
993 2570 1067 2630 sunt
1094 2568 1189 2646 gesta
1219 2582 1288 2646 per
1319 2566 1372 2630 in-

174 2671 374 2755 dulgentiam
397 2673 450 2739 dei
472 2681 603 2758 propter
625 2676 797 2742 commissa
817 2676 950 2741 nostra?
984 2693 1070 2737 nona
1097 2691 1174 2736 uero
1205 2670 1265 2738 die
1298 2676 1369 2740 Au-

173 2781 260 2863 gusti
288 2785 411 2849 mensis
450 2782 638 2849 undecimae
671 2784 856 2850 indictionis
895 2783 1046 2848 defuneta
1078 2788 1127 2846 est
1159 2781 1366 2865 imperatrix

173 2891 292 2956 Eirene
313 2893 347 2957 in
371 2893 468 2957 exilio
491 2894 617 2959 insulae
639 2894 738 2960 Lesbi
760 2900 793 2960 et
813 2894 1004 2959 translatum
1027 2899 1076 2957 est
1097 2910 1214 2974 eorpus
1230 2892 1306 2958 eius
1322 2893 1357 2957 in

173 2998 313 3064 insulam
336 3001 497 3084 Principis
518 3003 551 3066 in
573 3003 805 3068 monasterium
827 3003 911 3084 quod
933 3003 1007 3087 ipsa
1028 2999 1215 3066 construxit.
1378 3010 1412 3058 25

83 3098 151 3163 IIII
257 3105 352 3171 Anno
375 3109 502 3191 imperii
529 3110 579 3174 sui
594 3111 736 3176 seeundo
751 3111 954 3195 Nicephorus
968 3110 1133 3176 eoronauit
1148 3110 1358 3174 Stauraeium

172 3212 275 3278 tilium
298 3236 391 3281 suum
413 3236 472 3301 per
487 3219 656 3284 Tarasium
673 3220 912 3287 sanctissimum
927 3220 1144 3305 patriarcham
1160 3220 1194 3282 in
1210 3219 1357 3285 ambone

172 3324 305 3391 maioris
328 3327 484 3391 ecelesiae
506 3327 540 3392 in
555 3328 792 3413 imperatorem,
816 3349 887 3394 cum
910 3338 996 3396 esset
1018 3330 1140 3395 inutilis
1162 3327 1204 3392 ad
1226 3334 1356 3394 tantam

174 3434 279 3501 modis
302 3436 452 3503 omnibus
480 3437 671 3522 dignitatem
698 3445 765 3503 tam
797 3440 918 3506 scilieet
948 3447 1082 3524 aspectu
1112 3459 1207 3523 quam
1236 3439 1357 3505 robore

176 3545 271 3610 simul
304 3554 335 3611 et
368 3566 476 3613 sensu.
521 3555 662 3614 ceterum
690 3549 893 3634 Nicephorus
923 3550 978 3634 qui
1009 3571 1183 3634 numquam
1213 3567 1357 3631 usquam
1375 3553 1406 3602 ³0

177 3655 347 3721 ueritatem
380 3657 524 3722 seruauit
552 3659 780 3743 Lycaonenses
813 3659 967 3743 quosdam
998 3659 1094 3724 immo
1122 3679 1198 3723 uero
1228 3658 1359 3741 Lycan-

176 3762 309 3849 thropes
332 3766 506 3831 concerdes
529 3774 560 3832 et
588 3775 823 3835 consentaneos
846 3769 889 3833 ad
920 3770 1036 3835 Proten
1059 3770 1197 3834 insulam
1219 3767 1356 3835 mittens

176 3872 272 3939 iussit
294 3895 350 3941 eos
372 3882 467 3940 noctu
489 3875 574 3941 hane
596 3877 773 3944 ascendere
795 3884 827 3944 et
855 3878 1054 3963 praedictum
1080 3880 1175 3963 quasi
1201 3896 1237 3942 se
1262 3877 1358 3958 igno-

245 4120 449 4213 3cr1iopoh⁸D
518 4126 715 4214 91nd¹epnrl1>
785 4151 815 4199 10
834 4145 973 4200 descendis
989 4146 1022 4201 θ’
1093 4150 1121 4198 11
1142 4149 1251 4199 ciuitate
1268 4143 1355 4197 inthr-

177 4231 265 4298 mtD
367 4241 396 4289 ll
421 4241 499 4304 quae]
527 4253 573 4305 qur
600 4237 626 4291 0
746 4242 811 4309 qua]
839 4254 891 4307 quo
921 4238 946 4293 D
1069 4243 1096 4290 15
1115 4236 1235 4305 dederat]
1253 4243 1312 4290 erat
1327 4237 1355 4291 D

177 4326 209 4375 22
234 4303 287 4392 aud
304 4305 357 4376 nise
375 4328 402 4382 Ι)
470 4333 502 4381 21
520 4329 628 4383 herrene
646 4330 672 4384 0
741 4336 771 4385 31
791 4332 964 4402 lycantrepel
979 4331 1006 4386 Ι)
