2834 5394
491 695 564 744 car.
587 695 838 744 xxxx-xxxxv
1182 685 1241 748 etr

71 848 343 928 Christianorum,
388 865 524 931 cumque
559 847 714 915 mouisset
748 847 923 914 exereitum
960 847 995 913 in
1030 848 1244 914 Versiciniam

71 958 165 1041 quasi
191 957 325 1041 triginta
352 958 455 1041 signis
488 956 530 1022 ab
552 958 775 1043 imperialibus
807 958 923 1024 castris
945 959 1012 1025 Leo
1034 958 1191 1044 patricius
1213 966 1245 1025 et

71 1075 202 1153 praetor
222 1067 437 1151 orientalium,
459 1065 623 1135 Iohannes
651 1087 777 1151 quoque
800 1068 956 1154 patricius
978 1075 1010 1133 et
1031 1067 1243 1136 Macedoniae

71 1186 202 1265 praetor
224 1183 435 1262 cognomento
450 1176 600 1262 Aplaees,
623 1179 757 1244 multum
778 1179 918 1264 prompti
941 1177 984 1244 ad
1005 1178 1066 1245 hos
1081 1177 1246 1245 debellan-

38 1290 132 1356 edos
164 1287 319 1373 prohibiti
341 1288 480 1355 suntab
502 1289 697 1374 imperatore
718 1307 777 1373 per
798 1289 901 1355 malos
923 1288 1136 1356 consiliarios.
1172 1308 1244 1354 eum

69 1407 179 1466 autem
215 1399 292 1464 urbs
328 1399 461 1466 litanias
497 1399 696 1466 celebrasset
735 1418 808 1464 oum
845 1419 970 1465 summo
1006 1398 1174 1465 sacerdote
1209 1399 1244 1464 in

70 1510 190 1592 templo
221 1517 405 1574 sanctorum
437 1509 656 1592 apostolorum
688 1508 822 1593 quidam
855 1509 1026 1594 impiorum
1062 1508 1246 1576 obscoenae

70 1620 131 1687 deo
160 1619 268 1704 perosi
291 1618 496 1685 Constantini
524 1618 698 1686 haereseos
725 1619 879 1686 obserata
905 1625 1000 1704 porta
1026 1618 1243 1702 imperialium

71 1730 288 1815 sepulcrorum
326 1727 456 1795 nemine
494 1727 679 1795 emendante
717 1735 849 1814 prepter
881 1728 996 1794 turbae
1027 1729 1242 1812 frequentiam
1353 1780 1356 1787 .

23 1849 54 1899 10
71 1860 133 1924 quo
155 1839 260 1906 subito
283 1858 354 1903 curn
383 1836 522 1923 quodam
551 1838 658 1905 sonitu
685 1839 866 1924 aperiretur
893 1843 1040 1922 egerunt,
1078 1838 1171 1922 quasi
1202 1856 1245 1903 ex

70 1949 209 2035 quadarn
233 1949 421 2032 operatione
442 1947 598 2017 diuinitus
620 1950 696 2015 iacti
717 1947 859 2035 prodigii
886 1956 919 2017 et
945 1948 1030 2014 intro
1060 1947 1244 2015 insilientes

70 2059 282 2146 procidebant
312 2057 491 2126 seductoris
524 2068 730 2128 monumento
772 2061 857 2127 hunc
889 2058 1077 2127 inuocantes
1113 2065 1146 2125 et
1178 2076 1244 2123 non

72 2170 177 2253 deum,
206 2167 320 2252 ‘surge'
341 2168 486 2236 dicentes
510 2167 553 2236 ‘et
573 2171 732 2238 auxiliare
746 2170 893 2256 perditae
908 2170 955 2237 rei
971 2169 1128 2254 publicae’
1151 2167 1243 2233 diffa-

71 2286 303 2364 manerentque
331 2280 407 2363 quia
429 2280 569 2346 surrexit
590 2301 687 2364 snper
709 2302 827 2366 equum
848 2279 966 2347 sedens
995 2286 1028 2346 et
1055 2277 1147 2345 uadit
1167 2277 1243 2342 Bul·

24 2405 54 2454 re
70 2410 166 2475 garos
195 2389 424 2470 debellaturus,
460 2391 516 2475 qui
545 2409 563 2457 e
592 2399 705 2456 contra
725 2393 898 2458 Tartarum
927 2389 1054 2455 habitat
1074 2407 1146 2454 cum
1169 2385 1245 2453 dae-

70 2501 229 2566 monibus.

155 2611 217 2688 Qui
240 2610 281 2674 ab
303 2607 394 2674 urhis
415 2609 577 2693 praelecto
592 2609 817 2695 comprehensi
832 2611 936 2696 prirn'o
952 2609 1083 2694 quidem
1098 2625 1184 2673 men·
1194 2604 1398 2676 XXXXIHI

70 2719 233 2784 tiebantur
275 2718 431 2785 diuinitus
459 2719 542 2784 ultro
572 2719 673 2786 inisse
708 2727 837 2806 apertas
871 2720 1090 2803 sepulcrorum
1120 2722 1242 2801 portas,

71 2827 271 2913 praesentati
293 2847 370 2893 uero
391 2827 545 2893 tribunali
567 2829 728 2912 praelecto
751 2837 783 2895 et
805 2831 891 2894 eirea
911 2827 1131 2895 testimonium
1154 2825 1242 2891 clau·

23 2936 217 3004 radicantes
252 2937 466 3003 obserationis
498 2936 644 3003 fraudem
676 2946 752 3004 ante
784 2957 911 3004 ornnem
939 2956 1079 3023 poenam
1101 2933 1243 3001 confessi

73 3054 157 3129 sunt,
188 3067 267 3131 quos
290 3047 402 3112 merito
425 3048 572 3115 uectibus
594 3048 738 3116 subdens
759 3067 898 3133 pompae
919 3047 1070 3132 publicae
1093 3043 1243 3112 submisit

72 3157 285 3222 uociferantes
307 3176 439 3222 causam
461 3176 595 3242 poenae.
640 3159 688 3225 sic
710 3159 796 3224 enim
818 3157 982 3241 nequitiae
1004 3156 1153 3221 inuentor
1174 3153 1242 3219 dia·

72 3269 165 3334 bolus
186 3267 306 3333 milites
329 3267 476 3349 erudiuit,
506 3275 627 3334 utnon
649 3275 784 3352 peecata
805 3287 865 3333 sua
886 3272 1038 3332 accusent
1059 3264 1117 3332 sed
1139 3263 1244 3361 ortho-

71 3378 188 3443 doxam
216 3397 255 3441 ac
282 3378 429 3461 patribus
456 3379 608 3443 traditam
635 3377 732 3444 tidem
755 3396 945 3460 sacrumque
967 3376 1112 3441 habitum
1134 3393 1243 3439 mona·

23 3503 54 3553 25
71 3488 201 3552 chorum
225 3487 277 3570 qui
302 3486 433 3553 diuinae
456 3495 506 3554 est
528 3488 755 3574 philosophiae
769 3487 984 3574 gymnasium.
1029 3485 1119 3550 multi
1134 3489 1242 3549 autern

72 3616 180 3663 eorum
197 3597 251 3680 qui
267 3598 301 3660 in
315 3597 367 3662 his
388 3597 660 3682 blasphemabant
681 3597 793 3663 habitu
814 3605 938 3663 tantum
950 3603 1042 3662 erant
1057 3593 1242 3677 Christiani,

70 3707 207 3771 ueritate
228 3725 305 3771 uero
320 3705 509 3790 Pauliciani,
532 3710 588 3792 qui
610 3728 676 3775 non
698 3710 843 3775 ualentes
865 3705 1071 3774 detestabilia
1092 3705 1245 3788 dogmata

71 3837 130 3882 sua
152 3815 359 3882 manifestare
381 3816 622 3884 huiuscemodi
644 3820 814 3886 occasione
835 3817 982 3884 indoctos
1004 3815 1242 3895 adulterabant,

71 3925 317 3992 Constantinum
340 3927 394 4010 qui
410 3925 534 3991 Iudaici
557 3937 627 3994 erat
649 3948 774 4010 sensus,
797 3929 926 3995 beatum
949 3927 1094 3992 dieentes
1116 3941 1150 3991 ut
1171 3944 1242 4009 pro·

22 4054 54 4104 ao
69 4035 201 4120 phetam
223 4043 256 4101 et
276 4036 429 4102 uictorem
468 4037 693 4123 haeresimque
719 4039 822 4123 ipsius
857 4039 891 4102 in
921 4036 1165 4104 subuersionem
1196 4034 1243 4099 in·

70 4152 224 4211 carnatae
245 4143 500 4231 dispensationis
521 4146 644 4213 domini
658 4149 761 4215 nostri
775 4149 851 4214 Iesu
866 4147 986 4213 Christi
1001 4147 1242 4230 amplectentes.

154 4256 253 4323 Porro
282 4256 406 4322 decimo
419 4269 421 4273 ’
434 4256 594 4323 kalendas
621 4259 695 4323 Iulii
723 4258 881 4344 proelium
909 4257 1095 4323 ineuntibus
1122 4255 1210 4321 haud
1231 4255 1398 4327 XXXXV

69 4368 179 4452 procul
195 4367 237 4431 ab
253 4366 487 4451 Hadrianopoli
503 4367 694 4452 delinquunt
709 4368 839 4454 quidem
855 4367 1032 4434 Christiani
1054 4365 1151 4433 ualde
1171 4365 1242 4432 dire

70 4596 338 4604 ---.-
355 4599 369 4604 -

138 4739 168 4792 ⁶21
192 4719 290 4792 similit
306 4738 333 4793 D
401 4741 433 4791 22
452 4737 564 4805 penei)
640 4741 673 4791 30
691 4720 905 4808 teretiquqh
974 4741 1003 4790 31
1025 4735 1243 4806 drlpolrtromlD

70 4811 161 4886 1th
257 4835 290 4885 33
308 4810 519 4901 adrianopollD

982 4934 1037 4987 39*
