2834 5394
10 720 33 767 ἒ

14 892 32 929 2

10 988 33 1027 a:

10 1086 23 1123 Ι

10 1184 26 1219 Ι

463 741 569 787 ruonx
593 739 830 786 carruccoavu
1169 729 1227 792 651

55 892 170 947 Romani
197 890 325 959 praedam
356 905 372 944 a
398 890 520 943 barbaris
547 888 615 943 reci·
701 892 733 939 ll
769 887 892 941 Mauricii
910 889 1074 957 paenitentia
1091 891 1127 945 ob
1145 891 1230 961 capti·

54 986 140 1056 piunt,
159 984 249 1037 multis
267 983 419 1052 peremptis.
445 987 617 1036 reuertuntur
667 996 716 1033 uos
734 979 803 1042 illos,
821 979 854 1033 de
872 981 969 1048 quibus
987 984 1196 1051 supradictum,
1215 1000 1233 1038 a

55 1078 91 1133 ad
108 1094 157 1133 sua
174 1083 229 1129 tam
249 1076 356 1129 Priscus
375 1091 455 1143 quam
472 1073 617 1128 chaianus.
669 1088 698 1126 se
717 1088 771 1126 nou
780 1073 942 1140 redemptos.
970 1073 1134 1143 Philippicus
1152 1092 1233 1145 gener

89 1175 120 1224 al
157 1168 269 1222 Chaiaui
298 1175 324 1221 et
347 1169 433 1222 Prisci
460 1167 495 1222 ad
520 1167 619 1221 bellum
670 1163 801 1220 Mauricio
819 1173 970 1234 suspectus.
995 1168 1040 1236 qui
1057 1184 1087 1221 se
1104 1169 1232 1224 innocen·

10 1282 17 1313 ;
55 1263 163 1318 reditus.
199 1261 335 1330 paschalis
368 1260 502 1314 lestiuitas
526 1261 618 1313 utrim·
673 1263 727 1312 tem
746 1259 824 1312 iurat.

10 1376 20 1411 :
56 1371 108 1426 quc
136 1361 233 1424 pacate
262 1353 405 1408 celebrata.
449 1353 519 1408 lesto
544 1352 620 1406 finito
707 1355 739 1404 st
767 1350 892 1405 Mauricii
908 1354 975 1408 uisio
987 1354 1079 1408 diuina
1089 1357 1115 1408 iu
1125 1357 1233 1410 somnis.

14 1474 20 1507 :
56 1447 193 1502 chaianus
223 1447 400 1515 Diriziperam
434 1445 621 1514 depopulatur.
674 1444 806 1498 excitatus
824 1445 899 1498 iubet
916 1448 1044 1502 continuo
1060 1449 1162 1502 accersi
1171 1449 1233 1502 Phi·

10 1570 13 1601 ÷
57 1540 84 1595 S.
102 1539 249 1594 Alexandri
267 1555 365 1607 corpus
382 1539 480 1592 iniuria
497 1538 590 1592 afficit.
674 1536 809 1605 lippicum.
845 1537 987 1606 Philippici
1005 1542 1193 1596 consternatio.

92 1637 124 1688 38
150 1632 292 1702 trepidatio
310 1647 407 1700 magua
424 1633 452 1685 in
469 1632 536 1685 urbe
550 1632 620 1684 Con·
708 1633 741 1682 46
775 1630 924 1684 Mauricius
953 1632 1040 1686 uisum
1075 1642 1235 1689 nocturnum

56 1725 230 1793 stautinopoli
240 1730 351 1794 propter
361 1725 519 1779 Chaianum.
548 1723 618 1777 Cha·
670 1721 823 1791 Philippico
840 1731 941 1777 narrat.
973 1734 1078 1780 cometa
1095 1736 1216 1795 apparet.

57 1818 135 1872 ianus
153 1824 180 1872 et
197 1818 307 1871 barbari
325 1817 452 1870 diuinitus
480 1816 567 1884 puniti
584 1815 618 1869 ob
705 1819 736 1868 l'l
772 1815 920 1870 Mauricius
939 1819 1044 1873 omuino
1063 1820 1122 1873 uult
1135 1819 1234 1875 Roma·

59 1926 157 1979 corpus
172 1911 295 1978 martyris
313 1909 475 1963 contumelia
485 1909 619 1962 allectum.
672 1923 721 1960 uos
738 1908 963 1964 inSclauinorum
981 1911 1090 1979 regione
1108 1913 1234 1969 hiemare.

93 2008 125 2056 39
160 2002 286 2056 Mauricii
303 2002 400 2069 legatio
418 2001 452 2055 ad
471 2000 620 2054 chaianum
672 2001 806 2055 exercitus
823 2002 882 2056 ideo
905 2005 995 2072 grauis
1013 2004 1130 2059 rebellio.

60 2111 120 2151 cum
146 2096 308 2149 muneribus.
354 2094 479 2147 Maur-ioli
513 2094 622 2161 indigna
707 2096 740 2146 48
776 2095 882 2148 Phocas
907 2097 1026 2151 centurio
1051 2105 1077 2151 et
1103 2100 1235 2154 exarchus

59 2189 175 2242 auaritia
197 2188 316 2241 infinitos
334 2188 456 2255 captiuos
476 2186 621 2248 Romanos,
673 2186 827 2240 amilitihus
837 2188 982 2257 imperator
991 2190 1148 2258 appellatur.
1163 2192 1237 2246 Petri

60 2282 179 2336 Chaiano
197 2281 389 2350 quinquaginta
398 2280 469 2332 milia
481 2294 622 2333 aureorum
673 2278 752 2346 fuga,
770 2279 798 2332 id
814 2280 947 2335 Mauricio
966 2282 1122 2337 nuntiantis.
1157 2285 1235 2339 hlau-

58 2382 196 2445 poscentc‚
208 2374 321 2427 liberare
329 2372 457 2426 uolentis:
475 2374 521 2440 qui
531 2387 622 2426 omnes
674 2372 755 2426 ricius
774 2389 832 2426 eam
850 2389 906 2427 rem
930 2375 1031 2443 populo
1050 2377 1137 2429 celare
1154 2393 1235 2431 cona·

60 2468 214 2522 aChaiano
240 2467 309 2519 irato
327 2466 387 2519 ideo
406 2465 496 2519 occisi.
532 2465 623 2518 odium
674 2472 719 2518 tur
744 2465 913 2534 celebratque
933 2467 1074 2522 circenses.
1109 2469 1235 2525 Prasino·

58 2562 121 2615 inde
138 2560 312 2630 publicumiu
324 2558 484 2612 hlaurieium
500 2565 526 2611 et
541 2559 622 2612 malo·
673 2575 741 2622 rum,
760 2566 790 2612 ut
808 2566 835 2613 et
844 2559 1006 2614 Venetorum
1019 2562 1235 2618 acclamationes.

62 2653 142 2707 dicta.
673 2651 705 2704 iis
733 2668 793 2705 cum
810 2651 960 2706 demarchis
977 2670 1068 2708 muros
1096 2656 1170 2710 urhis
1189 2672 1235 2709 cu·

95 2750 127 2798 lo
156 2743 364 2797 Commentiolus
383 2743 416 2796 ab
433 2743 551 2796 exercitu
561 2758 623 2811 pro·
675 2743 774 2797 stodire
793 2744 939 2811 imperator
956 2748 1093 2815 praecipit.

62 2837 169 2891 ditionis
204 2841 363 2889 accusatus:
400 2850 432 2887 ea
465 2834 573 2902 querela
608 2850 625 2888 a
709 2840 741 2888 co
776 2835 892 2889 Romani
914 2837 1023 2891 mittunt
1050 2839 1085 2893 ad
1112 2839 1236 2894 Theodo-

61 2929 194 2983 Mauricio
213 2944 266 2981 uon
276 2932 410 2994 suscepta.
430 2934 549 2980 monstra
563 2927 625 2991 duo,
677 2927 745 2980 sium
772 2928 854 2981 lilium
873 2929 1012 2994 Maurici,
1045 2937 1076 2983 ut
1098 2933 1237 3000 imperium

62 3023 104 3076 uir
122 3027 149 3075 et
166 3020 268 3082 mulier,
287 3035 357 3087 quae
375 3020 403 3072 in
412 3018 474 3073 Nilo
492 3034 625 3088 apparue·
677 3020 839 3087 susciperet:
867 3022 909 3074 uel
928 3037 1050 3076 socerum
1068 3024 1151 3093 ipsius
1170 3026 1237 3080 Ger·

62 3122 131 3169 runt.
677 3128 784 3165 manum
799 3113 984 3180 imperatorem
1003 3118 1237 3184 pronuntiandum.

96 3212 127 3261 ll
164 3209 346 3274 Augustarum
365 3205 479 3272 iurgium
497 3221 558 3257 cum
576 3205 624 3258 iru-
677 3205 824 3259 Mauricius
857 3206 940 3259 lilium
978 3210 1092 3263 accersit
1125 3226 1238 3280 eumque

61 3305 192 3370 peratore.
230 3297 437 3351 Commentiolus
467 3297 562 3350 iterum
590 3297 626 3350 ad
676 3313 737 3350 cum
750 3297 883 3352 Germano
902 3301 1016 3353 incusat.
1043 3301 1192 3356 Germanus
1210 3305 1238 3358 in

61 3395 160 3446 Istrum
189 3391 285 3444 missus
319 3390 465 3458 Priscoque
501 3391 622 3444 iunctus:
675 3391 803 3459 templum
820 3391 902 3458 fugit,
927 3393 998 3448 unde
1015 3411 1084 3448 eum·
1093 3395 1238 3463 imperator

63 3501 129 3553 paco
147 3500 207 3538 cum
217 3482 354 3537 Auaribus
372 3484 469 3537 soluta.
674 3482 777 3537 frustra
795 3486 934 3539 extrahere
952 3487 1053 3540 nititur.

97 3581 129 3630 42
164 3576 348 3630 Romanorum
365 3576 467 3645 proelia
485 3592 545 3629 cunr
563 3575 624 3630 filiis
711 3581 743 3629 50
779 3576 946 3631 Theodosius
970 3594 987 3632 a
1010 3587 1087 3648 patre
1105 3581 1237 3637 Mauricio

64 3668 193 3731 Chaiani,
223 3669 357 3721 Auarihus
391 3669 500 3722 tandem
532 3668 625 3737 pulsis,
676 3669 757 3737 uirgis
768 3685 869 3723 caesus.
898 3670 993 3724 seditio
1011 3673 1038 3725 in
1055 3674 1160 3728 urbeet
1173 3691 1237 3729 corr·

64 3760 177 3829 filiisque
190 3761 302 3814 Chaiani
318 3762 434 3814 necatis:
454 3768 481 3814 et
497 3761 626 3829 insignior
676 3761 746 3815 uicia
755 3763 847 3830 populi
864 3763 994 3818 aduersus
1003 3765 1173 3829 Mauricium,
1192 3768 1237 3836 qui

64 3853 173 3921 iusuper
202 3852 236 3905 de
259 3852 378 3906 Chaiano
409 3853 531 3906 uictoria.
565 3853 624 3907 Pri·
676 3861 758 3907 noctu
776 3870 837 3907 cum
855 3871 939 3910 uxore
956 3857 1070 3926 filiisque
1086 3859 1177 3928 frigam
1195 3876 1238 3913 ar-

64 3961 135 4001 scus.
163 3945 319 3999 transmisso
343 3961 421 3998 amno
439 3945 517 3999 Tisso
542 3946 625 3998 multa
676 3947 746 4014 ripit.
765 3947 945 4001 Theodosium
954 3949 1038 4003 filium
1056 3950 1091 4003 ad
1101 3951 1239 4007 Chosroen

64 4038 241 4091 harbarorum
259 4037 331 4090 milia
349 4037 444 4090 caedit.
511 4074 518 4095 .
676 4038 757 4091 mittit
775 4039 934 4094 collatorum
958 4041 1148 4098 beneficiorum
1166 4060 1238 4099 com-

98 4135 130 4184 43
165 4130 296 4200 proelium
321 4129 394 4183 aliud
417 4146 477 4183 cunr
496 4130 625 4195 Chaiano,
676 4131 865 4186 monefaciens.

63 4224 109 4293 qui
127 4224 230 4281 uictus,
257 4220 347 4274 multis
366 4221 509 4277 admodum
528 4224 625 4277 barba·
711 4229 741 4277 51
780 4226 928 4280 Germanus
946 4226 1047 4281 frustra
1064 4228 1239 4284 Prasiuorum

63 4333 154 4370 rorum
184 4315 279 4383 captis.
324 4315 420 4383 legatio
450 4315 563 4370 Chaiani
591 4316 626 4369 ad
678 4317 806 4371 auxilium
824 4318 899 4387 petit,
919 4320 996 4387 quasi
1013 4321 1131 4388 ipsorum
1149 4323 1240 4378 fautor

64 4413 251 4477 imperatorem
269 4406 304 4460 ob
315 4409 482 4475 captiuorum
492 4409 626 4464 remissio·
677 4409 793 4463 iuturus.
828 4411 867 4464 illi
903 4427 959 4466 nou
982 4412 1095 4467 fidentes
1131 4414 1240 4470 Phocao

64 4516 132 4555 nem.
157 4500 290 4554 Mauricio
310 4516 361 4553 nex
378 4500 625 4569 iuturapraediota.
677 4501 779 4556 fauent.
814 4503 921 4558 Phocas
931 4505 1077 4574 imperator
1094 4507 1238 4561 denuncia-

65 4592 134 4645 idem
152 4608 213 4646 cum
223 4592 374 4647 Theodosio
395 4610 444 4648 suo
462 4594 627 4663 lapidatione
678 4600 721 4649 tus
739 4597 766 4648 in
784 4597 884 4664 templo
902 4596 929 4651 S.
948 4598 1075 4652 Iohannis
1090 4600 1239 4669 Baptistae.

65 4685 258 4752 aquibusdam
276 4701 291 4739 e
307 4686 386 4753 plebe
403 4686 477 4740 lacta
500 4688 546 4741 uix
572 4688 626 4742 sal·
712 4692 744 4740 52
779 4688 885 4742 Phocas
903 4689 1044 4744 Leontium
1061 4709 1171 4748 uxorem
1182 4697 1238 4750 Au-

64 4792 115 4829 uus
136 4776 234 4831 euadit.
677 4786 783 4848 gustam
800 4789 920 4837 coronat.
949 4784 1042 4852 populi
1065 4787 1194 4843 tumultus
1213 4796 1239 4843 et
