2834 5394
157 209 219 271 506
418 223 510 271 mam
532 223 606 271 xxu
628 223 701 272 cnr.
724 224 824 271 xxxin
867 224 960 272 nmnr
980 224 1075 273 xxur

157 374 320 441 Germano
348 375 533 460 patriarcha
562 381 593 441 et
622 383 737 441 senatu
763 384 915 462 percepto
942 396 1001 462 per
1028 376 1183 443 eundem
1216 379 1358 462 patriar-

156 485 250 551 cham
273 486 397 570 accepit
425 506 445 549 a
468 486 576 551 Leone
603 485 824 553 indemnitatis
852 487 985 552 uerbum
1015 493 1048 552 et
1077 487 1256 554 ecclesiae
1287 489 1357 554 sine

156 596 397 682 perturbatione
420 595 602 662 seruandae
625 603 657 661 et
679 597 725 662 sio
747 598 777 662 ei
800 597 999 663 committunt
1020 598 1220 681 imperium.
1257 618 1354 684 porro

157 705 361 773 Theodosius
383 724 541 772 unacum
564 706 630 771 filio
652 726 711 772 suo
733 707 841 771 clerici
863 707 938 773 iacti
959 707 1129 773 residuum
1156 708 1258 773 uitae
1274 728 1353 775 suae

155 822 283 902 tempus
305 823 531 899 transegerunt
551 816 586 881 in
613 835 703 901 pace.
748 817 884 884 ueniens
913 818 1038 884 interea
1059 817 1256 886 Masalmas
1279 819 1379 884 Per-5

156 947 285 1013 gamum
308 925 394 991 hanc
415 925 543 992 obsedit
564 932 595 991 et
616 926 819 1010 indulgentia
846 927 900 992 dei
920 947 979 1013 per
1001 927 1206 994 diabolicam
1234 948 1350 1013 opera-

156 1037 276 1102 tionem
306 1037 439 1120 acecpit
484 1056 525 1102 ex
553 1037 739 1120 magisterio
769 1039 889 1123 quippe
918 1038 1004 1122 magi
1032 1037 1211 1104 cuiusdam
1244 1038 1348 1104 addu-

157 1155 240 1213 ctam
262 1146 324 1210 uiri
347 1146 486 1212 ciuitatis
508 1146 595 1213 illius
617 1147 782 1213 mulierem
806 1148 978 1213 incinctam
1002 1149 1133 1231 iamque
1157 1150 1347 1233 parituram

157 1256 337 1323 inciderunt
370 1265 402 1322 et
432 1256 605 1342 adsumpto
637 1258 773 1341 paruulo
804 1258 838 1322 in
872 1259 1009 1324 caccabo
1043 1256 1130 1322 hune
1169 1267 1344 1326 coxerunt

157 1374 254 1453 atque
277 1369 310 1433 in
333 1367 466 1434 huiusce
486 1366 572 1432 modi
601 1366 662 1433 deo
691 1367 884 1434 detestabile
912 1367 1102 1434 sacrificium
1135 1389 1260 1437 omnes
1290 1369 1345 1455 qui
1362 1379 1384 1429 11

158 1480 280 1546 bellare
303 1478 455 1543 uolebant
476 1476 630 1543 dexterae
653 1497 767 1543 manus
790 1497 870 1544 suae
899 1480 1044 1544 manicas
1074 1479 1293 1562 intingebant
1314 1485 1345 1546 et

160 1590 279 1655 idcirco
301 1588 439 1654 inimicis
462 1593 536 1654 eunt
558 1587 678 1652 traditi.

402 1942 548 2007 LIBER
571 1940 847 2010 VICESIMVS
875 1944 1099 2011 TERTIVS

127 2147 143 2211 1
249 2144 344 2211 Anno
365 2145 407 2210 ab
435 2144 656 2212 incarnatione
685 2145 807 2213 domini
836 2147 1122 2232 septingentesimo
1151 2166 1239 2212 nono
1263 2149 1338 2225 uno,

157 2259 373 2324 Romanorum
388 2255 577 2342 prouehitur
591 2257 774 2342 imperator,
797 2258 852 2342 qui
868 2258 983 2342 uiginti
998 2263 1146 2342 quattuor
1160 2257 1339 2343 imperauit
1354 2268 1379 2318 15

159 2369 264 2436 annis.
310 2368 475 2435 Suleiman
508 2386 585 2433 uero
620 2367 687 2433 dux
717 2367 860 2434 Arabum
887 2368 1045 2451 noscitur,
1080 2367 1198 2449 quibus
1230 2369 1338 2436 tribus

158 2481 297 2566 praefuit
318 2479 424 2546 annis.
469 2477 530 2544 hoo
550 2477 661 2563 itaque
684 2499 769 2544 anno
792 2480 859 2544 Leo
881 2479 1042 2563 imperare
1064 2478 1170 2562 coepit
1191 2499 1235 2545 ex
1256 2478 1338 2546 Ger·

159 2590 401 2657 manicensibus
424 2589 604 2670 deriuatus,
627 2608 745 2672 genere
768 2589 885 2674 Syrus,
910 2589 963 2672 qni
987 2608 1007 2652 a
1029 2589 1210 2654 Iustiniano
1233 2590 1338 2675 impe·

159 2707 263 2766 ratore
285 2719 356 2764 cum
379 2699 470 2784 prius
498 2706 648 2783 regnaret
674 2700 866 2766 transfertur
887 2700 921 2764 in
947 2699 1173 2765 Mesembriam
1195 2699 1336 2768 Thrace.

158 2831 253 2897 porro
282 2811 460 2896 posteriore
487 2810 614 2894 imperii
648 2811 697 2875 sui
730 2816 874 2894 tempore
907 2828 978 2874 cum
1012 2809 1136 2874 ueniret
1163 2829 1229 2874 una
1262 2829 1336 2874 oum
1353 2815 1383 2866 2⁰

158 2921 365 3006 Bulgaribue,
388 2920 503 2987 obuius
528 2920 558 2985 ei
580 2919 640 2984 fuit
654 2939 726 2984 cum
741 2920 929 2986 muneribus
951 2920 1058 2984 ouium
1075 2919 1336 3002 quingentarum.

160 3033 307 3115 placatus
329 3036 436 3095 autem
458 3029 658 3096 lastinianus
681 3029 888 3114 Spatharium
911 3030 1057 3115 protinus
1080 3029 1169 3093 illum
1193 3030 1279 3112 iecit,
1304 3039 1338 3098 et

159 3139 273 3204 habuit
293 3140 378 3203 hunc
400 3138 494 3204 sicuti
515 3159 704 3222 germanum
727 3139 875 3205 amioum.
911 3146 1080 3225 praeterea
1101 3139 1226 3204 inuidia
1248 3139 1338 3207 ducti

159 3249 288 3334 quidam
312 3247 520 3313 detraxerunt
541 3249 572 3313 ci
593 3255 757 3332 tamquam
771 3249 941 3335 imperium
964 3250 1139 3336 appetenti.
1169 3269 1239 3314 oum
1257 3271 1337 3317 uero

160 3378 258 3444 super
289 3357 350 3422 hoc
383 3358 528 3440 quaestio
560 3358 663 3441 fieret,
697 3360 786 3425 uelut
818 3360 1056 3427 insimulatores
1089 3359 1212 3425 contusi
1244 3368 1331 3427 sunt.
1351 3376 1382 3426 25

159 3488 239 3536 sane
260 3467 393 3533 huiusce
415 3468 501 3534 modi
531 3489 635 3536 sermo
663 3476 779 3535 extunc
806 3470 837 3535 ei
859 3470 922 3536 dici
950 3471 1056 3556 coepit
1077 3491 1097 3535 a
1119 3470 1236 3536 multis.
1283 3471 1335 3536 Iu·

160 3578 321 3647 stinianus
343 3597 419 3662 ergo
440 3580 517 3645 licet
544 3579 713 3646 manifeste
742 3579 873 3648 laedere
900 3581 985 3647 bunc
1014 3581 1164 3662 noluerit,
1188 3580 1334 3645 taedium

160 3687 290 3774 quidem
313 3688 376 3755 sibi
398 3698 509 3755 eontra
531 3710 604 3756 eum
627 3691 755 3756 inicitur
777 3698 809 3758 et
830 3692 927 3758 mittit
949 3692 1070 3758 eumin
1093 3689 1242 3754 Alaniam
1258 3709 1332 3755 cum

159 3798 306 3886 pecuniis
335 3797 376 3863 ad
405 3799 654 3868 commonendos
684 3800 807 3868 Alanos
839 3802 998 3869 aduersus
1030 3801 1208 3883 Abasgiam
1238 3800 1335 3865 Sara-

159 3909 248 3977 cenis
270 3908 482 3976 retinentibus
503 3917 569 3974 tam
591 3911 770 3996 Abasgiam
805 3932 901 3995 quam
923 3913 1060 3977 Lazioen
1097 3917 1129 3976 et
1156 3910 1334 3975 Hiberiam.
1351 3919 1384 3970 3ο

231 4184 245 4232 'l
264 4183 307 4242 ex]
327 4184 360 4241 st
379 4178 404 4233 D
484 4184 500 4234 9
518 4165 620 4250 allbpto
640 4177 666 4233 1>
753 4184 785 4236 12
802 4179 984 4251 mcbrm'ptum
1002 4179 1104 4238 txrlrc'
1121 4179 1158 4232 hb
1175 4194 1335 4232 xxmmm-

159 4272 466 4336 n1nlib·xx111;r'n1)
555 4279 584 4329 id
601 4272 776 4331 numano
862 4276 893 4327 Π
910 4271 1028 4343 ceputD
1113 4276 1143 4325 18
1162 4271 1293 4325 dnnuatul
1309 4272 1336 4326 I)

160 4371 193 4421 20
211 4366 372 4436 poltenoret
387 4365 414 4421 b
499 4371 530 4422 tl
549 4364 603 4422 unt
951 4346 1009 4422 ²¹1>
1076 4368 1109 4421 26
1127 4371 1199 4434 oepit
1215 4363 1243 4419 D
