2834 5394
50 195 115 259 488
537 209 632 256 amar
654 210 731 257 mr

50 360 165 427 tiore·
186 358 346 426 aduersus
366 380 425 426 eos
446 361 1247 448 stolumtrannittitetpraedimlolrannem

50 490 123 538 curn
151 472 236 537 stolo
262 472 365 556 ipsine
396 471 482 537 bello
508 491 531 536 a
557 484 650 556 portu
678 471 815 558 depellit
841 486 875 538 et
899 476 1055 543 exterius
1079 475 1248 544 hostiliter

50 590 410 651 moraturae
453 580 1244 666 praedietusuerololmnneradltomanisn

50 692 218 780 repedanit
239 692 393 758 maiorem
416 692 565 757 uirtutem
593 692 638 756 ab
665 694 859 776 inperatore
886 695 1043 779 accipere
1064 698 1193 764 uolam
1212 710 1243 763 et

50 804 140 870 uenit
169 823 272 886 usque
298 801 342 868 ud
369 801 499 868 Cretam
526 803 706 888 principem
732 801 890 870 aditurus.
932 807 1107 873 mereim
1129 814 1270 873 antemi

50 932 110 1000 per
131 913 271 979 maiores
291 932 368 979 suos
387 911 431 977 ad
453 913 680 996 imperatorem
699 912 877 979 mendere
896 915 1016 981 nolens
1036 951 1087 962 —
1110 919 1241 1002 optinu-

51 1031 122 1091 erat
142 1023 228 1088 enim
249 1040 307 1086 eos
334 1022 429 1087 timor
455 1031 554 1104 atque
582 1023 792 1089 conlusio-
811 1023 855 1089 ad
881 1024 1057 1091 eonsilium
1081 1046 1166 1094 aem
1187 1049 1240 1094 ne

50 1132 242 1218 quissimum
256 1132 398 1198 eontulit
428 1142 462 1198 et
481 1132 557 1197 buit
577 1132 814 1199 maledixerunt
826 1134 984 1217 eligentes
996 1134 1237 1221 imperatorem

49 1243 257 1329 Apsimarunr
278 1243 494 1326 Drongarium
516 1242 748 1308 citioreomm
769 1243 857 1328 apud
877 1243 1061 1312 curiositas
1082 1247 1236 1313 habitum

50 1352 136 1421 troc
157 1353 324 1420 Tiberium
346 1354 559 1420 nominantes
594 1353 709 1436 Itaque
729 1354 864 1419 leontio
885 1353 973 1437 apud
995 1353 1238 1424 Conatntino-
1252 1365 1276 1414 rt

50 1465 150 1551 polin
179 1465 285 1548 posito
312 1472 345 1530 et
365 1464 557 1530 Neoresium
584 1472 710 1548 portum
738 1464 933 1529 emundante
962 1464 1107 1533 bubonis
1131 1469 1237 1552 pectis

51 1575 124 1641 urbi
144 1574 289 1640 incubuit
309 1573 396 1639 etin
417 1584 566 1658 quattuor
586 1573 753 1639 mensibus
767 1573 1002 1639 multitudinem
1024 1575 1140 1659 plebis
1163 1597 1237 1643 con·

52 1685 200 1770 sumpsit.
231 1685 320 1750 uenit
342 1692 449 1748 autem
471 1682 662 1748 Absimarus
676 1703 743 1747 una
763 1702 834 1748 eum
849 1685 930 1748 stolo
952 1685 1008 1768 qui
1030 1705 1147 1752 secum
1165 1696 1236 1755 erat

51 1803 85 1861 et
104 1794 262 1880 applicuit
281 1814 322 1859 ex
344 1792 483 1859 aduerso
504 1793 645 1858 ciuitatis
666 1793 701 1858 in
723 1794 834 1878 Speos.

5 1908 15 1958 t
133 1905 195 1969 Per
222 1904 422 1986 aliquantum
450 1922 530 1969 sane
558 1904 713 1988 temporis
740 1903 901 1968 ciuitatem
929 1903 1069 1987 prodere
1099 1906 1275 1972 roteneco

50 2013 186 2079 Leontio
208 2012 348 2096 proditio
369 2012 456 2077 facta
476 2020 527 2078 est
547 2032 605 2096 per
619 2014 817 2096 singularem
832 2035 955 2078 murum
970 2013 1233 2081 Blachernarum

50 2143 72 2188 a
92 2122 293 2209 principibus
315 2121 434 2187 exteris
456 2121 572 2206 quibus
599 2124 709 2190 claues
736 2125 856 2190 terreni
879 2124 960 2188 muri
982 2143 1054 2188 cum
1077 2124 1232 2192 horribili

49 2233 119 2301 iure
140 2231 277 2299 iurando
298 2230 441 2300 creditae
461 2233 597 2299 fuerant
640 2233 696 2300 isti
719 2254 856 2318 namque
885 2255 942 2318 per
964 2232 1104 2300 insidias
1127 2236 1231 2302 tradi-

50 2343 168 2412 derunt
188 2344 309 2410 urbem.
353 2363 448 2427 porro
474 2343 612 2427 ingressi
640 2342 792 2410 clasmum
822 2344 939 2410 milites
968 2344 1089 2408 ciuium
1113 2344 1231 2413 domos

51 2454 298 2522 denudauerunt
327 2455 361 2520 in
387 2453 440 2519 his
470 2452 666 2520 habitantes.
709 2460 744 2518 at
771 2473 849 2518 uero
877 2454 1069 2538 Apsimarus
1096 2454 1232 2522 Leontii
1245 2465 1276 2516 tt

52 2564 180 2649 quidem
203 2585 283 2631 naso
304 2565 406 2630 reciso
434 2564 469 2628 in
497 2563 692 2629 monasterio
721 2564 875 2628 Dalmatii
896 2565 955 2629 sub
985 2563 1134 2630 custodia
1161 2566 1232 2631 lore

52 2675 225 2759 praecepit.
255 2675 419 2760 principes
440 2682 547 2738 autem
569 2683 602 2738 et
622 2673 743 2740 amicos
758 2673 828 2740 eius
850 2682 958 2758 utpote
980 2674 1231 2743 commorientes

52 2783 81 2849 ci
104 2802 216 2849 caesos
243 2793 340 2868 atque
353 2784 602 2867 ,proscriptione
630 2783 801 2849 damnatos
830 2785 927 2848 exilio
950 2785 1117 2867 relegauit
1164 2786 1230 2852 He-

52 2895 248 2977 racliumque
270 2913 459 2978 germanum
481 2895 610 2961 fratrem
634 2914 725 2958 auum
749 2902 782 2958 ut
805 2893 907 2958 uirum
931 2893 1140 2960 uehementer
1161 2895 1230 2962 ido

52 3023 146 3070 neum
179 3005 375 3086 singularem
409 3011 589 3086 praetorem
622 3004 763 3068 omnium
797 3005 990 3070 exteriorum
1028 3008 1228 3088 equestrium
1244 3018 1275 3068 25

51 3112 248 3177 exercituum
280 3120 460 3195 promotum
494 3113 527 3177 in
559 3120 669 3195 partes
697 3112 924 3198 Cappadociae
951 3134 990 3178 ac
1019 3115 1227 3182 Clusurarum

53 3219 233 3287 discurrere
265 3229 439 3304 contraque
472 3221 581 3289 hostes
616 3242 725 3288 curam
762 3243 801 3287 ac
836 3223 1083 3309 dispositionem
1121 3228 1228 3294 lacere

53 3329 149 3397 misit.

135 3443 229 3506 Auno
262 3441 303 3506 ab
334 3441 557 3507 incarnatione
589 3441 712 3507 domini
744 3445 977 3510 sexcentesimo
1014 3447 1228 3528 nonagesimo

53 3551 157 3637 primo
179 3553 372 3618 rlnsrmravs
398 3553 614 3618 Romanorum
642 3553 817 3636 imperator
844 3560 970 3619 creatus
998 3563 1056 3620 est.
1101 3557 1156 3639 qui
1179 3577 1228 3623 se·
1245 3566 1276 3615 co

54 3670 138 3745 ptem
163 3663 289 3728 circiter
311 3662 484 3747 imperauit
505 3663 610 3728 annis.
634 3662 842 3730 tumultuatus
857 3672 908 3731 est
922 3662 1172 3730 Abderaehman
1193 3666 1228 3731 in

53 3771 186 3838 Perside
209 3781 240 3836 ct
262 3771 445 3839 dominatus
467 3773 497 3837 ei
519 3780 706 3856 persecutus
729 3780 779 3840 est
800 3774 843 3837 ab
865 3774 939 3858 ipsa
961 3773 1096 3839 Chaian.

125 4048 216 4119 lrirn
236 4043 301 4120 ltolri
320 4067 348 4119 in
366 4080 419 4120 ror.
439 4063 512 4118 inl)
587 4065 794 4135 Selegeuteill
877 4046 1131 4137 icybyoretorbll
1196 4074 1227 4123 10

53 4138 201 4226 tyrenlo
272 4163 299 4211 ιι
319 4140 433 4212 olbomr
450 4157 476 4211 n
529 4162 558 4211 rs
577 4158 733 4213 murman
799 4162 828 4212 rr
846 4140 993 4211 reontio
1048 4165 1077 4212 m
1096 4127 1182 4214 carri
1201 4162 1228 4216 o

52 4252 85 4302 23
104 4264 136 4316 er;
155 4251 279 4305 celotl}
348 4254 381 4303 ³0
400 4249 551 4304 estonall
619 4255 648 4305 31
668 4249 881 4304 habdarracmen
899 4249 925 4303 I)
1000 4254 1031 4302 32
1050 4266 1058 4303 r
1077 4254 1104 4304 in
1123 4255 1180 4320 rpla
1199 4256 1227 4308 in

52 4355 105 4392 rar.
126 4340 198 4394 inl)
