<?xml version="1.0" encoding="UTF-8"?>
<!DOCTYPE html PUBLIC "-//W3C//DTD XHTML 1.0 Transitional//EN"
    "http://www.w3.org/TR/xhtml1/DTD/xhtml1-transitional.dtd">
<html xmlns="http://www.w3.org/1999/xhtml" xml:lang="en" lang="en">
 <head>
  <title>
</title>
<meta http-equiv="Content-Type" content="text/html;charset=utf-8" />
  <meta name='ocr-system' content='tesseract 3.04.00' />
  <meta name='ocr-capabilities' content='ocr_page ocr_carea ocr_par ocr_line ocrx_word'/>
</head>
<body>
  <div class='ocr_page' id='page_1' title='image "./historiamiscell00sagagoog_0555.png"; bbox 0 0 2834 5394; ppageno 0'>
   <div class='ocr_carea' id='block_1_1' title="bbox 543 720 1254 780">
    <p class='ocr_par' dir='ltr' id='par_1_1' title="bbox 543 720 1254 780">
     <span class='ocr_line' id='line_1_1' title="bbox 543 720 1254 780; baseline -0.001 0"><span class='ocrx_word' id='word_1_1' title='bbox 543 732 616 780; x_wconf 76' lang='lat' dir='ltr'>our.</span> <span class='ocrx_word' id='word_1_2' title='bbox 639 731 820 779; x_wconf 73' lang='lat' dir='ltr'>unu-xxv</span> <span class='ocrx_word' id='word_1_3' title='bbox 1196 720 1254 779; x_wconf 85' lang='grc'>541</span> 
     </span>
    </p>
   </div>
   <div class='ocr_carea' id='block_1_2' title="bbox 32 884 1369 4277">
    <p class='ocr_par' dir='ltr' id='par_1_2' title="bbox 86 884 1259 1300">
     <span class='ocr_line' id='line_1_2' title="bbox 86 884 1257 972; baseline 0.003 -22"><span class='ocrx_word' id='word_1_4' title='bbox 86 887 120 951; x_wconf 88' lang='lat' dir='ltr'>in</span> <span class='ocrx_word' id='word_1_5' title='bbox 142 886 264 972; x_wconf 89' lang='lat' dir='ltr'>palatio</span> <span class='ocrx_word' id='word_1_6' title='bbox 286 885 425 968; x_wconf 86' lang='lat' dir='ltr'>Hieriac,</span> <span class='ocrx_word' id='word_1_7' title='bbox 456 904 588 967; x_wconf 91' lang='lat' dir='ltr'>quorum</span> <span class='ocrx_word' id='word_1_8' title='bbox 612 884 708 969; x_wconf 90' lang='lat' dir='ltr'>primi</span> <span class='ocrx_word' id='word_1_9' title='bbox 731 892 822 949; x_wconf 89' lang='lat' dir='ltr'>erant</span> <span class='ocrx_word' id='word_1_10' title='bbox 844 884 1035 968; x_wconf 84' lang='lat' dir='ltr'>Ephescnus</span> <span class='ocrx_word' id='word_1_11' title='bbox 1057 885 1143 951; x_wconf 90' lang='lat' dir='ltr'>filius</span> <span class='ocrx_word' id='word_1_12' title='bbox 1165 886 1257 953; x_wconf 79' lang='lat' dir='ltr'>Absi-</span> 
     </span>
     <span class='ocr_line' id='line_1_3' title="bbox 86 993 1258 1080; baseline 0.002 -20"><span class='ocrx_word' id='word_1_13' title='bbox 86 996 168 1060; x_wconf 88' lang='lat' dir='ltr'>mari</span> <span class='ocrx_word' id='word_1_14' title='bbox 191 1004 222 1061; x_wconf 90' lang='lat' dir='ltr'>ct</span> <span class='ocrx_word' id='word_1_15' title='bbox 243 995 395 1063; x_wconf 83' lang='lat' dir='ltr'>Pastillos</span> <span class='ocrx_word' id='word_1_16' title='bbox 418 996 602 1080; x_wconf 87' lang='lat' dir='ltr'>Pergensis,</span> <span class='ocrx_word' id='word_1_17' title='bbox 639 995 694 1078; x_wconf 88' lang='lat' dir='ltr'>qui</span> <span class='ocrx_word' id='word_1_18' title='bbox 721 993 808 1079; x_wconf 88' lang='lat' dir='ltr'>apud</span> <span class='ocrx_word' id='word_1_19' title='bbox 837 1014 872 1059; x_wconf 87' lang='lat' dir='ltr'>se</span> <span class='ocrx_word' id='word_1_20' title='bbox 900 1014 985 1076; x_wconf 84' lang='lat' dir='ltr'>quae</span> <span class='ocrx_word' id='word_1_21' title='bbox 1007 995 1069 1059; x_wconf 90' lang='lat' dir='ltr'>sibi</span> <span class='ocrx_word' id='word_1_22' title='bbox 1090 996 1161 1061; x_wconf 89' lang='lat' dir='ltr'>uisa</span> <span class='ocrx_word' id='word_1_23' title='bbox 1184 1005 1258 1062; x_wconf 93' lang='lat' dir='ltr'>sunt</span> 
     </span>
     <span class='ocr_line' id='line_1_4' title="bbox 86 1104 1255 1190; baseline 0 -19"><span class='ocrx_word' id='word_1_24' title='bbox 86 1105 345 1189; x_wconf 81' lang='lat' dir='ltr'>dogmatizarunt</span> <span class='ocrx_word' id='word_1_25' title='bbox 372 1107 461 1170; x_wconf 92' lang='lat' dir='ltr'>nullo</span> <span class='ocrx_word' id='word_1_26' title='bbox 490 1111 663 1190; x_wconf 83' lang='lat' dir='ltr'><strong>praesente</strong></span> <span class='ocrx_word' id='word_1_27' title='bbox 692 1125 732 1171; x_wconf 84' lang='lat' dir='ltr'>cx</span> <span class='ocrx_word' id='word_1_28' title='bbox 761 1104 927 1171; x_wconf 79' lang='lat' dir='ltr'>catholicis</span> <span class='ocrx_word' id='word_1_29' title='bbox 956 1105 1087 1172; x_wconf 89' lang='lat' dir='ltr'>sedibus</span> <span class='ocrx_word' id='word_1_30' title='bbox 1109 1108 1255 1172; x_wconf 89' lang='lat' dir='ltr'>Romana</span> 
     </span>
     <span class='ocr_line' id='line_1_5' title="bbox 86 1215 1259 1300; baseline -0.001 -16"><span class='ocrx_word' id='word_1_31' title='bbox 86 1219 208 1284; x_wconf 88' lang='lat' dir='ltr'>scilicet</span> <span class='ocrx_word' id='word_1_32' title='bbox 240 1218 293 1282; x_wconf 94' lang='lat' dir='ltr'>uel</span> <span class='ocrx_word' id='word_1_33' title='bbox 320 1215 522 1281; x_wconf 86' lang='lat' dir='ltr'>Antiochena</span> <span class='ocrx_word' id='word_1_34' title='bbox 553 1215 776 1281; x_wconf 82' lang='lat' dir='ltr'>Alexandrina</span> <span class='ocrx_word' id='word_1_35' title='bbox 811 1215 879 1281; x_wconf 91' lang='lat' dir='ltr'>siue</span> <span class='ocrx_word' id='word_1_36' title='bbox 902 1215 1205 1300; x_wconf 85' lang='lat' dir='ltr'>Hierosolymitana‚</span> <span class='ocrx_word' id='word_1_37' title='bbox 1238 1239 1259 1283; x_wconf 92' lang='lat' dir='ltr'>a</span> 
     </span>
    </p>

    <p class='ocr_par' dir='ltr' id='par_1_3' title="bbox 53 1325 1320 1856">
     <span class='ocr_line' id='line_1_6' title="bbox 53 1325 1257 1413; baseline -0.001 -20"><span class='ocrx_word' id='word_1_38' title='bbox 53 1336 199 1413; x_wconf 76' lang='lat' dir='ltr'>aquarto</span> <span class='ocrx_word' id='word_1_39' title='bbox 234 1326 307 1394; x_wconf 87' lang='lat' dir='ltr'>idus</span> <span class='ocrx_word' id='word_1_40' title='bbox 332 1326 528 1393; x_wconf 84' lang='lat' dir='ltr'>Februarias</span> <span class='ocrx_word' id='word_1_41' title='bbox 561 1326 753 1409; x_wconf 78' lang='lat' dir='ltr'>incipientes</span> <span class='ocrx_word' id='word_1_42' title='bbox 788 1325 1043 1410; x_wconf 89' lang='lat' dir='ltr'>perduraucrnnt</span> <span class='ocrx_word' id='word_1_43' title='bbox 1079 1347 1181 1411; x_wconf 90' lang='lat' dir='ltr'>usque</span> <span class='ocrx_word' id='word_1_44' title='bbox 1215 1327 1257 1392; x_wconf 92' lang='lat' dir='ltr'>ad</span> 
     </span>
     <span class='ocr_line' id='line_1_7' title="bbox 87 1435 1256 1521; baseline -0.003 -15"><span class='ocrx_word' id='word_1_45' title='bbox 87 1448 177 1506; x_wconf 80' lang='lat' dir='ltr'>sexto</span> <span class='ocrx_word' id='word_1_46' title='bbox 199 1438 272 1504; x_wconf 92' lang='lat' dir='ltr'>idus</span> <span class='ocrx_word' id='word_1_47' title='bbox 293 1438 456 1521; x_wconf 80' lang='lat' dir='ltr'>Augustas</span> <span class='ocrx_word' id='word_1_48' title='bbox 479 1436 624 1502; x_wconf 88' lang='lat' dir='ltr'>eiusdem</span> <span class='ocrx_word' id='word_1_49' title='bbox 648 1436 804 1520; x_wconf 89' lang='lat' dir='ltr'>septimas</span> <span class='ocrx_word' id='word_1_50' title='bbox 825 1435 1021 1520; x_wconf 82' lang='lat' dir='ltr'>indictionis,</span> <span class='ocrx_word' id='word_1_51' title='bbox 1051 1438 1199 1521; x_wconf 89' lang='lat' dir='ltr'>quicum</span> <span class='ocrx_word' id='word_1_52' title='bbox 1223 1437 1256 1502; x_wconf 94' lang='lat' dir='ltr'>in</span> 
     </span>
     <span class='ocr_line' id='line_1_8' title="bbox 84 1544 1257 1631; baseline 0.001 -19"><span class='ocrx_word' id='word_1_53' title='bbox 84 1548 283 1614; x_wconf 89' lang='lat' dir='ltr'>Blachernas</span> <span class='ocrx_word' id='word_1_54' title='bbox 314 1547 366 1614; x_wconf 88' lang='lat' dir='ltr'>dei</span> <span class='ocrx_word' id='word_1_55' title='bbox 395 1546 566 1631; x_wconf 81' lang='lat' dir='ltr'>genetricis</span> <span class='ocrx_word' id='word_1_56' title='bbox 595 1544 706 1611; x_wconf 90' lang='lat' dir='ltr'>hostes</span> <span class='ocrx_word' id='word_1_57' title='bbox 733 1547 968 1628; x_wconf 88' lang='lat' dir='ltr'>conuenissent,</span> <span class='ocrx_word' id='word_1_58' title='bbox 1005 1547 1152 1613; x_wconf 90' lang='lat' dir='ltr'>ascendit</span> <span class='ocrx_word' id='word_1_59' title='bbox 1174 1547 1257 1613; x_wconf 86' lang='lat' dir='ltr'>Con·</span> 
     </span>
     <span class='ocr_line' id='line_1_9' title="bbox 85 1654 1257 1741; baseline -0.002 -16"><span class='ocrx_word' id='word_1_60' title='bbox 85 1659 247 1725; x_wconf 88' lang='lat' dir='ltr'>stantinus</span> <span class='ocrx_word' id='word_1_61' title='bbox 276 1659 451 1741; x_wconf 89' lang='lat' dir='ltr'>imperator</span> <span class='ocrx_word' id='word_1_62' title='bbox 478 1657 512 1722; x_wconf 91' lang='lat' dir='ltr'>in</span> <span class='ocrx_word' id='word_1_63' title='bbox 540 1657 710 1721; x_wconf 81' lang='lat' dir='ltr'>ambonem</span> <span class='ocrx_word' id='word_1_64' title='bbox 739 1662 853 1722; x_wconf 89' lang='lat' dir='ltr'>tenens</span> <span class='ocrx_word' id='word_1_65' title='bbox 877 1654 1124 1723; x_wconf 86' lang='lat' dir='ltr'>Constantinum</span> <span class='ocrx_word' id='word_1_66' title='bbox 1147 1678 1257 1723; x_wconf 90' lang='lat' dir='ltr'>mona·</span> 
     </span>
     <span class='ocr_line' id='line_1_10' title="bbox 85 1767 1320 1856; baseline 0.001 -23"><span class='ocrx_word' id='word_1_67' title='bbox 85 1770 180 1834; x_wconf 90' lang='lat' dir='ltr'>chum</span> <span class='ocrx_word' id='word_1_68' title='bbox 217 1769 272 1851; x_wconf 92' lang='lat' dir='ltr'>qui</span> <span class='ocrx_word' id='word_1_69' title='bbox 301 1769 361 1833; x_wconf 84' lang='lat' dir='ltr'>tuit</span> <span class='ocrx_word' id='word_1_70' title='bbox 383 1767 472 1853; x_wconf 78' lang='lat' dir='ltr'>Sylci</span> <span class='ocrx_word' id='word_1_71' title='bbox 501 1767 672 1852; x_wconf 85' lang='lat' dir='ltr'>episcopus</span> <span class='ocrx_word' id='word_1_72' title='bbox 701 1774 732 1831; x_wconf 92' lang='lat' dir='ltr'>et</span> <span class='ocrx_word' id='word_1_73' title='bbox 761 1787 832 1830; x_wconf 89' lang='lat' dir='ltr'>cum</span> <span class='ocrx_word' id='word_1_74' title='bbox 865 1775 990 1833; x_wconf 86' lang='lat' dir='ltr'>orasset</span> <span class='ocrx_word' id='word_1_75' title='bbox 1025 1788 1105 1834; x_wconf 90' lang='lat' dir='ltr'>uoce</span> <span class='ocrx_word' id='word_1_76' title='bbox 1138 1789 1258 1853; x_wconf 86' lang='lat' dir='ltr'>magna</span> <span class='ocrx_word' id='word_1_77' title='bbox 1317 1850 1320 1856; x_wconf 25' lang='grc' dir='ltr'>Ι</span> 
     </span>
    </p>

    <p class='ocr_par' dir='ltr' id='par_1_4' title="bbox 41 1876 1258 2403">
     <span class='ocr_line' id='line_1_11' title="bbox 41 1876 1258 1965; baseline 0.001 -21"><span class='ocrx_word' id='word_1_78' title='bbox 41 1897 70 1944; x_wconf 85' lang='lat' dir='ltr'>to</span> <span class='ocrx_word' id='word_1_79' title='bbox 86 1879 308 1965; x_wconf 89' lang='lat' dir='ltr'>pronuntiauit</span> <span class='ocrx_word' id='word_1_80' title='bbox 330 1878 441 1944; x_wconf 90' lang='lat' dir='ltr'>dicens</span> <span class='ocrx_word' id='word_1_81' title='bbox 471 1877 693 1943; x_wconf 84' lang='lat' dir='ltr'>‘Constantino</span> <span class='ocrx_word' id='word_1_82' title='bbox 715 1877 891 1943; x_wconf 89' lang='lat' dir='ltr'>uniuersali</span> <span class='ocrx_word' id='word_1_83' title='bbox 913 1876 1118 1961; x_wconf 88' lang='lat' dir='ltr'>patriarchae</span> <span class='ocrx_word' id='word_1_84' title='bbox 1140 1880 1258 1945; x_wconf 81' lang='lat' dir='ltr'>nrrrltos</span> 
     </span>
     <span class='ocr_line' id='line_1_12' title="bbox 86 1985 1257 2071; baseline -0.001 -17"><span class='ocrx_word' id='word_1_85' title='bbox 86 1991 207 2057; x_wconf 66' lang='lat' dir='ltr'>annos!</span> <span class='ocrx_word' id='word_1_86' title='bbox 252 1996 283 2056; x_wconf 86' lang='lat' dir='ltr'>et</span> <span class='ocrx_word' id='word_1_87' title='bbox 305 1988 382 2054; x_wconf 87' lang='lat' dir='ltr'>dein</span> <span class='ocrx_word' id='word_1_88' title='bbox 403 1987 550 2054; x_wconf 88' lang='lat' dir='ltr'>ascendit</span> <span class='ocrx_word' id='word_1_89' title='bbox 571 1990 746 2071; x_wconf 86' lang='lat' dir='ltr'>imperator</span> <span class='ocrx_word' id='word_1_90' title='bbox 773 2007 844 2050; x_wconf 87' lang='lat' dir='ltr'>cunr</span> <span class='ocrx_word' id='word_1_91' title='bbox 867 1985 1078 2054; x_wconf 85' lang='lat' dir='ltr'>Constantino</span> <span class='ocrx_word' id='word_1_92' title='bbox 1101 1989 1257 2054; x_wconf 89' lang='lat' dir='ltr'>scelerato</span> 
     </span>
     <span class='ocr_line' id='line_1_13' title="bbox 86 2097 1257 2183; baseline -0.001 -19"><span class='ocrx_word' id='word_1_93' title='bbox 86 2101 235 2183; x_wconf 85' lang='lat' dir='ltr'>praesule</span> <span class='ocrx_word' id='word_1_94' title='bbox 264 2120 302 2165; x_wconf 91' lang='lat' dir='ltr'>ac</span> <span class='ocrx_word' id='word_1_95' title='bbox 332 2099 465 2182; x_wconf 90' lang='lat' dir='ltr'>reliquis</span> <span class='ocrx_word' id='word_1_96' title='bbox 496 2098 657 2181; x_wconf 89' lang='lat' dir='ltr'>episcopis</span> <span class='ocrx_word' id='word_1_97' title='bbox 688 2097 791 2161; x_wconf 82' lang='lat' dir='ltr'>forum</span> <span class='ocrx_word' id='word_1_98' title='bbox 818 2103 851 2162; x_wconf 91' lang='lat' dir='ltr'>et</span> <span class='ocrx_word' id='word_1_99' title='bbox 871 2099 1134 2164; x_wconf 84' lang='lat' dir='ltr'>exclamaucrunt</span> <span class='ocrx_word' id='word_1_100' title='bbox 1155 2099 1257 2163; x_wconf 91' lang='lat' dir='ltr'>diuul-</span> 
     </span>
     <span class='ocr_line' id='line_1_14' title="bbox 84 2207 1257 2293; baseline 0.002 -19"><span class='ocrx_word' id='word_1_101' title='bbox 84 2218 200 2293; x_wconf 91' lang='lat' dir='ltr'>gantcs</span> <span class='ocrx_word' id='word_1_102' title='bbox 234 2231 324 2276; x_wconf 90' lang='lat' dir='ltr'>snam</span> <span class='ocrx_word' id='word_1_103' title='bbox 358 2209 554 2274; x_wconf 84' lang='lat' dir='ltr'>cacodoxam</span> <span class='ocrx_word' id='word_1_104' title='bbox 587 2207 738 2273; x_wconf 86' lang='lat' dir='ltr'>haeresin</span> <span class='ocrx_word' id='word_1_105' title='bbox 767 2209 801 2272; x_wconf 91' lang='lat' dir='ltr'>in</span> <span class='ocrx_word' id='word_1_106' title='bbox 830 2216 1004 2293; x_wconf 86' lang='lat' dir='ltr'>conspectu</span> <span class='ocrx_word' id='word_1_107' title='bbox 1032 2209 1130 2275; x_wconf 87' lang='lat' dir='ltr'>totius</span> <span class='ocrx_word' id='word_1_108' title='bbox 1152 2209 1257 2293; x_wconf 86' lang='lat' dir='ltr'>plebis</span> 
     </span>
     <span class='ocr_line' id='line_1_15' title="bbox 85 2318 1258 2403; baseline -0.002 -17"><span class='ocrx_word' id='word_1_109' title='bbox 85 2320 399 2386; x_wconf 87' lang='lat' dir='ltr'>anathematizantes</span> <span class='ocrx_word' id='word_1_110' title='bbox 415 2318 612 2385; x_wconf 86' lang='lat' dir='ltr'>Germanum</span> <span class='ocrx_word' id='word_1_111' title='bbox 634 2318 872 2384; x_wconf 87' lang='lat' dir='ltr'>sanctissimum</span> <span class='ocrx_word' id='word_1_112' title='bbox 894 2318 1112 2403; x_wconf 90' lang='lat' dir='ltr'>patriarcham</span> <span class='ocrx_word' id='word_1_113' title='bbox 1135 2326 1167 2385; x_wconf 87' lang='lat' dir='ltr'>ct</span> <span class='ocrx_word' id='word_1_114' title='bbox 1182 2320 1258 2386; x_wconf 82' lang='lat' dir='ltr'>Gre-</span> 
     </span>
    </p>

    <p class='ocr_par' dir='ltr' id='par_1_5' title="bbox 38 2427 1257 2623">
     <span class='ocr_line' id='line_1_16' title="bbox 38 2427 1257 2515; baseline 0 -19"><span class='ocrx_word' id='word_1_115' title='bbox 38 2442 67 2489; x_wconf 81' lang='lat'>15</span> <span class='ocrx_word' id='word_1_116' title='bbox 84 2432 209 2515; x_wconf 89' lang='lat' dir='ltr'>gorirun</span> <span class='ocrx_word' id='word_1_117' title='bbox 232 2431 386 2515; x_wconf 82' lang='lat' dir='ltr'>Cyprium</span> <span class='ocrx_word' id='word_1_118' title='bbox 415 2437 446 2495; x_wconf 90' lang='lat' dir='ltr'>ct</span> <span class='ocrx_word' id='word_1_119' title='bbox 467 2429 643 2493; x_wconf 88' lang='lat' dir='ltr'>Iohannem</span> <span class='ocrx_word' id='word_1_120' title='bbox 668 2427 874 2512; x_wconf 66' lang='lat' dir='ltr'>chrysoroan</span> <span class='ocrx_word' id='word_1_121' title='bbox 897 2429 1137 2496; x_wconf 89' lang='lat' dir='ltr'>Damasccnum</span> <span class='ocrx_word' id='word_1_122' title='bbox 1159 2448 1257 2513; x_wconf 87' lang='lat' dir='ltr'>nepo·</span> 
     </span>
     <span class='ocr_line' id='line_1_17' title="bbox 84 2539 1052 2623; baseline 0 -17"><span class='ocrx_word' id='word_1_123' title='bbox 84 2549 147 2607; x_wconf 89' lang='lat' dir='ltr'>tem</span> <span class='ocrx_word' id='word_1_124' title='bbox 170 2543 311 2623; x_wconf 86' lang='lat' dir='ltr'>llansur,</span> <span class='ocrx_word' id='word_1_125' title='bbox 334 2541 421 2606; x_wconf 88' lang='lat' dir='ltr'>uiros</span> <span class='ocrx_word' id='word_1_126' title='bbox 444 2546 572 2605; x_wconf 90' lang='lat' dir='ltr'>sanctos</span> <span class='ocrx_word' id='word_1_127' title='bbox 597 2545 629 2603; x_wconf 91' lang='lat' dir='ltr'>ct</span> <span class='ocrx_word' id='word_1_128' title='bbox 650 2539 846 2605; x_wconf 89' lang='lat' dir='ltr'>reuerendos</span> <span class='ocrx_word' id='word_1_129' title='bbox 870 2539 1052 2623; x_wconf 86' lang='lat' dir='ltr'>magistros.</span> 
     </span>
    </p>

    <p class='ocr_par' dir='ltr' id='par_1_6' title="bbox 84 2645 1369 2953">
     <span class='ocr_line' id='line_1_18' title="bbox 169 2645 1369 2732; baseline -0.004 -16"><span class='ocrx_word' id='word_1_130' title='bbox 169 2652 263 2716; x_wconf 81' lang='lat' dir='ltr'>Anno</span> <span class='ocrx_word' id='word_1_131' title='bbox 288 2670 361 2715; x_wconf 87' lang='lat' dir='ltr'>uero</span> <span class='ocrx_word' id='word_1_132' title='bbox 385 2648 511 2731; x_wconf 90' lang='lat' dir='ltr'>imperii</span> <span class='ocrx_word' id='word_1_133' title='bbox 534 2647 736 2715; x_wconf 81' lang='lat' dir='ltr'>Constantini</span> <span class='ocrx_word' id='word_1_134' title='bbox 760 2658 872 2732; x_wconf 83' lang='lat' dir='ltr'>quarto</span> <span class='ocrx_word' id='word_1_135' title='bbox 895 2650 1019 2715; x_wconf 92' lang='lat' dir='ltr'>decimo</span> <span class='ocrx_word' id='word_1_136' title='bbox 1033 2648 1250 2729; x_wconf 88' lang='lat' dir='ltr'>Muhammad‚</span> <span class='ocrx_word' id='word_1_137' title='bbox 1273 2645 1369 2712; x_wconf 85' lang='lat' dir='ltr'>XXV</span> 
     </span>
     <span class='ocr_line' id='line_1_19' title="bbox 84 2758 1256 2845; baseline -0.003 -17"><span class='ocrx_word' id='word_1_138' title='bbox 84 2762 138 2845; x_wconf 88' lang='lat' dir='ltr'>qui</span> <span class='ocrx_word' id='word_1_139' title='bbox 154 2761 331 2839; x_wconf 57' lang='lat' dir='ltr'>rhhubalas,</span> <span class='ocrx_word' id='word_1_140' title='bbox 354 2766 499 2824; x_wconf 87' lang='lat' dir='ltr'>mortuus</span> <span class='ocrx_word' id='word_1_141' title='bbox 514 2765 563 2824; x_wconf 90' lang='lat' dir='ltr'>cst</span> <span class='ocrx_word' id='word_1_142' title='bbox 584 2778 655 2822; x_wconf 87' lang='lat' dir='ltr'>cunr</span> <span class='ocrx_word' id='word_1_143' title='bbox 679 2758 820 2841; x_wconf 87' lang='lat' dir='ltr'>quinque</span> <span class='ocrx_word' id='word_1_144' title='bbox 835 2760 1030 2843; x_wconf 84' lang='lat' dir='ltr'>praefuisset</span> <span class='ocrx_word' id='word_1_145' title='bbox 1045 2761 1150 2826; x_wconf 88' lang='lat' dir='ltr'>annis.</span> <span class='ocrx_word' id='word_1_146' title='bbox 1173 2766 1256 2824; x_wconf 88' lang='lat' dir='ltr'>erat-</span> 
     </span>
     <span class='ocr_line' id='line_1_20' title="bbox 84 2866 1254 2953; baseline 0 -20"><span class='ocrx_word' id='word_1_147' title='bbox 84 2890 146 2953; x_wconf 88' lang='lat' dir='ltr'>que</span> <span class='ocrx_word' id='word_1_148' title='bbox 161 2869 342 2934; x_wconf 77' lang='lat' dir='ltr'>Hahtlallas</span> <span class='ocrx_word' id='word_1_149' title='bbox 365 2870 462 2933; x_wconf 87' lang='lat' dir='ltr'>irater</span> <span class='ocrx_word' id='word_1_150' title='bbox 484 2868 553 2933; x_wconf 89' lang='lat' dir='ltr'>cius</span> <span class='ocrx_word' id='word_1_151' title='bbox 576 2868 609 2931; x_wconf 93' lang='lat' dir='ltr'>in</span> <span class='ocrx_word' id='word_1_152' title='bbox 625 2866 741 2930; x_wconf 88' lang='lat' dir='ltr'>hlacha</span> <span class='ocrx_word' id='word_1_153' title='bbox 762 2868 831 2931; x_wconf 92' lang='lat' dir='ltr'>loco</span> <span class='ocrx_word' id='word_1_154' title='bbox 854 2867 1079 2952; x_wconf 89' lang='lat' dir='ltr'>blasphemiae</span> <span class='ocrx_word' id='word_1_155' title='bbox 1101 2870 1254 2952; x_wconf 88' lang='lat' dir='ltr'>ipsorum.</span> 
     </span>
    </p>

    <p class='ocr_par' dir='ltr' id='par_1_7' title="bbox 32 2975 1258 4277">
     <span class='ocr_line' id='line_1_21' title="bbox 35 2975 1256 3061; baseline 0.002 -19"><span class='ocrx_word' id='word_1_156' title='bbox 35 2994 67 3042; x_wconf 76' lang='lat' dir='ltr'>no</span> <span class='ocrx_word' id='word_1_157' title='bbox 85 2979 195 3045; x_wconf 88' lang='lat' dir='ltr'>scribit</span> <span class='ocrx_word' id='word_1_158' title='bbox 217 3000 292 3061; x_wconf 89' lang='lat' dir='ltr'>ergo</span> <span class='ocrx_word' id='word_1_159' title='bbox 315 2978 357 3042; x_wconf 72' lang='lat' dir='ltr'>all</span> <span class='ocrx_word' id='word_1_160' title='bbox 379 2977 570 3055; x_wconf 89' lang='lat' dir='ltr'>Hamuslim,</span> <span class='ocrx_word' id='word_1_161' title='bbox 594 2975 648 3059; x_wconf 88' lang='lat' dir='ltr'>qui</span> <span class='ocrx_word' id='word_1_162' title='bbox 677 2984 747 3041; x_wconf 90' lang='lat' dir='ltr'>crat</span> <span class='ocrx_word' id='word_1_163' title='bbox 768 2977 802 3040; x_wconf 92' lang='lat' dir='ltr'>in</span> <span class='ocrx_word' id='word_1_164' title='bbox 824 2976 974 3060; x_wconf 89' lang='lat' dir='ltr'>Perside,</span> <span class='ocrx_word' id='word_1_165' title='bbox 998 2979 1256 3044; x_wconf 90' lang='lat' dir='ltr'>conseruandum</span> 
     </span>
     <span class='ocr_line' id='line_1_22' title="bbox 84 3086 1256 3174; baseline -0.001 -19"><span class='ocrx_word' id='word_1_166' title='bbox 84 3091 147 3155; x_wconf 89' lang='lat' dir='ltr'>sihi</span> <span class='ocrx_word' id='word_1_167' title='bbox 169 3091 273 3154; x_wconf 92' lang='lat' dir='ltr'>locum</span> <span class='ocrx_word' id='word_1_168' title='bbox 296 3088 496 3172; x_wconf 90' lang='lat' dir='ltr'>principatus</span> <span class='ocrx_word' id='word_1_169' title='bbox 518 3086 611 3152; x_wconf 89' lang='lat' dir='ltr'>sicuti</span> <span class='ocrx_word' id='word_1_170' title='bbox 639 3093 724 3151; x_wconf 84' lang='lat' dir='ltr'>sorte</span> <span class='ocrx_word' id='word_1_171' title='bbox 753 3087 816 3152; x_wconf 89' lang='lat' dir='ltr'>sibi</span> <span class='ocrx_word' id='word_1_172' title='bbox 843 3087 947 3153; x_wconf 88' lang='lat' dir='ltr'>iuerat</span> <span class='ocrx_word' id='word_1_173' title='bbox 975 3088 1156 3174; x_wconf 88' lang='lat' dir='ltr'>deputatus.</span> <span class='ocrx_word' id='word_1_174' title='bbox 1201 3089 1256 3172; x_wconf 89' lang='lat' dir='ltr'>qni</span> 
     </span>
     <span class='ocr_line' id='line_1_23' title="bbox 83 3196 1256 3266; baseline -0.001 -1"><span class='ocrx_word' id='word_1_175' title='bbox 83 3221 154 3266; x_wconf 85' lang='lat' dir='ltr'>curu</span> <span class='ocrx_word' id='word_1_176' title='bbox 187 3200 355 3266; x_wconf 84' lang='lat' dir='ltr'>didicisset</span> <span class='ocrx_word' id='word_1_177' title='bbox 388 3197 584 3263; x_wconf 84' lang='lat' dir='ltr'>Habdallanr</span> <span class='ocrx_word' id='word_1_178' title='bbox 615 3196 717 3260; x_wconf 89' lang='lat' dir='ltr'>filium</span> <span class='ocrx_word' id='word_1_179' title='bbox 739 3196 848 3261; x_wconf 88' lang='lat' dir='ltr'>Halinr</span> <span class='ocrx_word' id='word_1_180' title='bbox 881 3196 1012 3263; x_wconf 80' lang='lat' dir='ltr'>tratrem</span> <span class='ocrx_word' id='word_1_181' title='bbox 1044 3219 1121 3265; x_wconf 90' lang='lat' dir='ltr'>uero</span> <span class='ocrx_word' id='word_1_182' title='bbox 1154 3200 1256 3266; x_wconf 86' lang='lat' dir='ltr'>Salim</span> 
     </span>
     <span class='ocr_line' id='line_1_24' title="bbox 83 3307 1257 3399; baseline -0.002 -22"><span class='ocrx_word' id='word_1_183' title='bbox 83 3333 241 3378; x_wconf 90' lang='lat' dir='ltr'>summum</span> <span class='ocrx_word' id='word_1_184' title='bbox 264 3317 443 3395; x_wconf 87' lang='lat' dir='ltr'>praetorem</span> <span class='ocrx_word' id='word_1_185' title='bbox 466 3308 582 3399; x_wconf 57' lang='lat' dir='ltr'>Syriae</span> <span class='ocrx_word' id='word_1_186' title='bbox 604 3307 819 3391; x_wconf 88' lang='lat' dir='ltr'>principatum</span> <span class='ocrx_word' id='word_1_187' title='bbox 842 3307 904 3373; x_wconf 89' lang='lat' dir='ltr'>sibi</span> <span class='ocrx_word' id='word_1_188' title='bbox 927 3309 1130 3374; x_wconf 87' lang='lat' dir='ltr'>affectantem</span> <span class='ocrx_word' id='word_1_189' title='bbox 1152 3317 1184 3375; x_wconf 90' lang='lat' dir='ltr'>ct</span> <span class='ocrx_word' id='word_1_190' title='bbox 1205 3330 1257 3376; x_wconf 90' lang='lat' dir='ltr'>ue-</span> 
     </span>
     <span class='ocr_line' id='line_1_25' title="bbox 83 3415 1258 3503; baseline -0.002 -16"><span class='ocrx_word' id='word_1_191' title='bbox 83 3424 224 3487; x_wconf 90' lang='lat' dir='ltr'>nientem</span> <span class='ocrx_word' id='word_1_192' title='bbox 257 3420 299 3484; x_wconf 86' lang='lat' dir='ltr'>ad</span> <span class='ocrx_word' id='word_1_193' title='bbox 332 3418 540 3503; x_wconf 87' lang='lat' dir='ltr'>optinendam</span> <span class='ocrx_word' id='word_1_194' title='bbox 563 3415 728 3482; x_wconf 87' lang='lat' dir='ltr'>Persidem</span> <span class='ocrx_word' id='word_1_195' title='bbox 760 3417 1051 3503; x_wconf 88' lang='lat' dir='ltr'>aduersantcmque</span> <span class='ocrx_word' id='word_1_196' title='bbox 1082 3421 1191 3487; x_wconf 90' lang='lat' dir='ltr'>Persis</span> <span class='ocrx_word' id='word_1_197' title='bbox 1225 3426 1258 3486; x_wconf 91' lang='lat' dir='ltr'>ct</span> 
     </span>
     <span class='ocr_line' id='line_1_26' title="bbox 36 3526 1256 3614; baseline -0.002 -17"><span class='ocrx_word' id='word_1_198' title='bbox 36 3543 66 3589; x_wconf 75' lang='lat'>‘25</span> <span class='ocrx_word' id='word_1_199' title='bbox 83 3533 246 3597; x_wconf 79' lang='lat' dir='ltr'>fauentem</span> <span class='ocrx_word' id='word_1_200' title='bbox 268 3531 319 3597; x_wconf 85' lang='lat' dir='ltr'>his</span> <span class='ocrx_word' id='word_1_201' title='bbox 342 3531 397 3614; x_wconf 87' lang='lat' dir='ltr'>qni</span> <span class='ocrx_word' id='word_1_202' title='bbox 420 3535 514 3594; x_wconf 90' lang='lat' dir='ltr'>eraut</span> <span class='ocrx_word' id='word_1_203' title='bbox 535 3527 650 3611; x_wconf 86' lang='lat' dir='ltr'>Syriae</span> <span class='ocrx_word' id='word_1_204' title='bbox 674 3526 793 3611; x_wconf 88' lang='lat' dir='ltr'>quique</span> <span class='ocrx_word' id='word_1_205' title='bbox 821 3529 1063 3596; x_wconf 81' lang='lat' dir='ltr'>auxiliabantur</span> <span class='ocrx_word' id='word_1_206' title='bbox 1092 3531 1123 3597; x_wconf 90' lang='lat' dir='ltr'>ei</span> <span class='ocrx_word' id='word_1_207' title='bbox 1152 3532 1256 3596; x_wconf 92' lang='lat' dir='ltr'>conci-</span> 
     </span>
     <span class='ocr_line' id='line_1_27' title="bbox 83 3636 1256 3722; baseline 0.001 -15"><span class='ocrx_word' id='word_1_208' title='bbox 83 3644 160 3708; x_wconf 89' lang='lat' dir='ltr'>tatis</span> <span class='ocrx_word' id='word_1_209' title='bbox 183 3640 375 3707; x_wconf 81' lang='lat' dir='ltr'>exercitibus</span> <span class='ocrx_word' id='word_1_210' title='bbox 399 3639 466 3705; x_wconf 89' lang='lat' dir='ltr'>suis</span> <span class='ocrx_word' id='word_1_211' title='bbox 489 3636 675 3720; x_wconf 81' lang='lat' dir='ltr'>aggreditur</span> <span class='ocrx_word' id='word_1_212' title='bbox 697 3657 770 3702; x_wconf 90' lang='lat' dir='ltr'>eum</span> <span class='ocrx_word' id='word_1_213' title='bbox 793 3638 881 3722; x_wconf 90' lang='lat' dir='ltr'>apud</span> <span class='ocrx_word' id='word_1_214' title='bbox 902 3641 1032 3707; x_wconf 85' lang='lat' dir='ltr'>Nisibin</span> <span class='ocrx_word' id='word_1_215' title='bbox 1055 3649 1088 3708; x_wconf 89' lang='lat' dir='ltr'>et</span> <span class='ocrx_word' id='word_1_216' title='bbox 1110 3641 1195 3706; x_wconf 88' lang='lat' dir='ltr'>uicto</span> <span class='ocrx_word' id='word_1_217' title='bbox 1218 3661 1256 3708; x_wconf 91' lang='lat' dir='ltr'>eo</span> 
     </span>
     <span class='ocr_line' id='line_1_28' title="bbox 83 3748 1257 3835; baseline 0.001 -18"><span class='ocrx_word' id='word_1_218' title='bbox 83 3751 264 3817; x_wconf 89' lang='lat' dir='ltr'>Hamuslim</span> <span class='ocrx_word' id='word_1_219' title='bbox 287 3752 403 3815; x_wconf 91' lang='lat' dir='ltr'>multos</span> <span class='ocrx_word' id='word_1_220' title='bbox 424 3748 569 3833; x_wconf 88' lang='lat' dir='ltr'>peremit.</span> <span class='ocrx_word' id='word_1_221' title='bbox 601 3755 694 3815; x_wconf 84' lang='lat' dir='ltr'>erant</span> <span class='ocrx_word' id='word_1_222' title='bbox 716 3748 801 3813; x_wconf 86' lang='lat' dir='ltr'>enirn</span> <span class='ocrx_word' id='word_1_223' title='bbox 824 3751 934 3835; x_wconf 88' lang='lat' dir='ltr'>plures</span> <span class='ocrx_word' id='word_1_224' title='bbox 957 3772 998 3817; x_wconf 84' lang='lat' dir='ltr'>cx</span> <span class='ocrx_word' id='word_1_225' title='bbox 1019 3752 1070 3819; x_wconf 91' lang='lat' dir='ltr'>his</span> <span class='ocrx_word' id='word_1_226' title='bbox 1093 3753 1202 3819; x_wconf 83' lang='lat' dir='ltr'>Sclaui</span> <span class='ocrx_word' id='word_1_227' title='bbox 1224 3760 1257 3819; x_wconf 90' lang='lat' dir='ltr'>et</span> 
     </span>
     <span class='ocr_line' id='line_1_29' title="bbox 83 3858 1256 3947; baseline 0.002 -20"><span class='ocrx_word' id='word_1_228' title='bbox 83 3862 286 3927; x_wconf 82' lang='lat' dir='ltr'>Antiochcni.</span> <span class='ocrx_word' id='word_1_229' title='bbox 331 3867 382 3926; x_wconf 88' lang='lat' dir='ltr'>ast</span> <span class='ocrx_word' id='word_1_230' title='bbox 396 3858 577 3924; x_wconf 88' lang='lat' dir='ltr'>Hahdallas</span> <span class='ocrx_word' id='word_1_231' title='bbox 600 3858 687 3925; x_wconf 90' lang='lat' dir='ltr'>solus</span> <span class='ocrx_word' id='word_1_232' title='bbox 711 3860 822 3925; x_wconf 89' lang='lat' dir='ltr'>saluus</span> <span class='ocrx_word' id='word_1_233' title='bbox 846 3881 1016 3928; x_wconf 88' lang='lat' dir='ltr'>remanens</span> <span class='ocrx_word' id='word_1_234' title='bbox 1039 3870 1112 3947; x_wconf 91' lang='lat' dir='ltr'>post</span> <span class='ocrx_word' id='word_1_235' title='bbox 1135 3883 1256 3947; x_wconf 90' lang='lat' dir='ltr'>paucos</span> 
     </span>
     <span class='ocr_line' id='line_1_30' title="bbox 84 3968 1257 4057; baseline 0.001 -20"><span class='ocrx_word' id='word_1_236' title='bbox 84 3973 155 4038; x_wconf 90' lang='lat' dir='ltr'>dies</span> <span class='ocrx_word' id='word_1_237' title='bbox 178 3972 271 4057; x_wconf 88' lang='lat' dir='ltr'>petiit</span> <span class='ocrx_word' id='word_1_238' title='bbox 293 3971 425 4036; x_wconf 89' lang='lat' dir='ltr'>uerbum</span> <span class='ocrx_word' id='word_1_239' title='bbox 449 3970 596 4054; x_wconf 87' lang='lat' dir='ltr'>accipere</span> <span class='ocrx_word' id='word_1_240' title='bbox 619 3968 660 4032; x_wconf 91' lang='lat' dir='ltr'>ab</span> <span class='ocrx_word' id='word_1_241' title='bbox 683 3970 785 4034; x_wconf 90' lang='lat' dir='ltr'>altero</span> <span class='ocrx_word' id='word_1_242' title='bbox 807 3970 972 4036; x_wconf 88' lang='lat' dir='ltr'>Hahdalla</span> <span class='ocrx_word' id='word_1_243' title='bbox 993 3973 1091 4038; x_wconf 85' lang='lat' dir='ltr'>fratre</span> <span class='ocrx_word' id='word_1_244' title='bbox 1113 3973 1257 4038; x_wconf 91' lang='lat' dir='ltr'>hluham-</span> 
     </span>
     <span class='ocr_line' id='line_1_31' title="bbox 32 4079 1257 4166; baseline 0 -19"><span class='ocrx_word' id='word_1_245' title='bbox 32 4093 65 4140; x_wconf 59' lang='grc' dir='ltr'>31Ι</span> <span class='ocrx_word' id='word_1_246' title='bbox 83 4083 159 4148; x_wconf 89' lang='lat' dir='ltr'>mad</span> <span class='ocrx_word' id='word_1_247' title='bbox 182 4082 333 4147; x_wconf 87' lang='lat' dir='ltr'>ueniente</span> <span class='ocrx_word' id='word_1_248' title='bbox 355 4079 460 4146; x_wconf 88' lang='lat' dir='ltr'>studio</span> <span class='ocrx_word' id='word_1_249' title='bbox 483 4081 582 4144; x_wconf 93' lang='lat' dir='ltr'>multo</span> <span class='ocrx_word' id='word_1_250' title='bbox 605 4079 639 4144; x_wconf 91' lang='lat' dir='ltr'>in</span> <span class='ocrx_word' id='word_1_251' title='bbox 661 4079 827 4146; x_wconf 90' lang='lat' dir='ltr'>Persidem</span> <span class='ocrx_word' id='word_1_252' title='bbox 850 4100 871 4143; x_wconf 88' lang='lat' dir='ltr'>a</span> <span class='ocrx_word' id='word_1_253' title='bbox 891 4081 1034 4163; x_wconf 88' lang='lat' dir='ltr'>hlaccha,</span> <span class='ocrx_word' id='word_1_254' title='bbox 1059 4103 1121 4166; x_wconf 91' lang='lat' dir='ltr'>quo</span> <span class='ocrx_word' id='word_1_255' title='bbox 1144 4082 1178 4147; x_wconf 91' lang='lat' dir='ltr'>in</span> <span class='ocrx_word' id='word_1_256' title='bbox 1201 4081 1257 4147; x_wconf 87' lang='lat' dir='ltr'>do·</span> 
     </span>
     <span class='ocr_line' id='line_1_32' title="bbox 83 4187 1256 4277; baseline 0 -18"><span class='ocrx_word' id='word_1_257' title='bbox 83 4194 234 4260; x_wconf 86' lang='lat' dir='ltr'>muncula</span> <span class='ocrx_word' id='word_1_258' title='bbox 255 4190 434 4277; x_wconf 85' lang='lat' dir='ltr'>putrefacta</span> <span class='ocrx_word' id='word_1_259' title='bbox 449 4196 572 4255; x_wconf 88' lang='lat' dir='ltr'>retruso</span> <span class='ocrx_word' id='word_1_260' title='bbox 588 4187 713 4253; x_wconf 84' lang='lat' dir='ltr'>effodiri</span> <span class='ocrx_word' id='word_1_261' title='bbox 729 4188 939 4256; x_wconf 84' lang='lat' dir='ltr'>fundamenta</span> <span class='ocrx_word' id='word_1_262' title='bbox 952 4192 1156 4276; x_wconf 87' lang='lat' dir='ltr'>praecipiens</span> <span class='ocrx_word' id='word_1_263' title='bbox 1172 4193 1256 4259; x_wconf 94' lang='lat' dir='ltr'>hunc</span> 
     </span>
    </p>
   </div>
   <div class='ocr_carea' id='block_1_3' title="bbox 82 4490 1258 4940">
    <p class='ocr_par' dir='ltr' id='par_1_8' title="bbox 82 4490 1258 4940">
     <span class='ocr_line' id='line_1_33' title="bbox 156 4490 1254 4567; baseline -0.001 -16"><span class='ocrx_word' id='word_1_264' title='bbox 156 4506 163 4551; x_wconf 92' lang='lat' dir='ltr'>l</span> <span class='ocrx_word' id='word_1_265' title='bbox 185 4499 285 4567; x_wconf 81' lang='lat' dir='ltr'>pumat</span> <span class='ocrx_word' id='word_1_266' title='bbox 303 4496 326 4549; x_wconf 83' lang='lat' dir='ltr'>b</span> <span class='ocrx_word' id='word_1_267' title='bbox 396 4498 410 4546; x_wconf 82' lang='lat'><strong>3</strong></span> <span class='ocrx_word' id='word_1_268' title='bbox 430 4493 504 4547; x_wconf 89' lang='lat' dir='ltr'>nollu</span> <span class='ocrx_word' id='word_1_269' title='bbox 521 4509 591 4546; x_wconf 86' lang='lat' dir='ltr'>corr.</span> <span class='ocrx_word' id='word_1_270' title='bbox 611 4492 638 4544; x_wconf 82' lang='lat' dir='ltr'>ia</span> <span class='ocrx_word' id='word_1_271' title='bbox 658 4490 730 4545; x_wconf 92' lang='lat' dir='ltr'>nollo</span> <span class='ocrx_word' id='word_1_272' title='bbox 749 4494 777 4546; x_wconf 81' lang='lat' dir='ltr'>ia</span> <span class='ocrx_word' id='word_1_273' title='bbox 797 4491 822 4546; x_wconf 81' lang='lat' dir='ltr'>b</span> <span class='ocrx_word' id='word_1_274' title='bbox 890 4495 1129 4550; x_wconf 79' lang='lat' dir='ltr'>lanthrcceual)</span> <span class='ocrx_word' id='word_1_275' title='bbox 1198 4496 1254 4550; x_wconf 86' lang='lat' dir='ltr'>hrr-</span> 
     </span>
     <span class='ocr_line' id='line_1_34' title="bbox 82 4570 1256 4655; baseline -0.002 -10"><span class='ocrx_word' id='word_1_276' title='bbox 82 4579 228 4646; x_wconf 62' lang='lat' dir='ltr'>mr‘tanaI)</span> <span class='ocrx_word' id='word_1_277' title='bbox 314 4595 329 4643; x_wconf 84' lang='lat'><strong>6</strong></span> <span class='ocrx_word' id='word_1_278' title='bbox 347 4587 374 4641; x_wconf 87' lang='lat' dir='ltr'>id</span> <span class='ocrx_word' id='word_1_279' title='bbox 392 4570 445 4655; x_wconf 80' lang='lat' dir='ltr'>au&#39;g</span> <span class='ocrx_word' id='word_1_280' title='bbox 465 4585 487 4639; x_wconf 85' lang='lat' dir='ltr'><em>D</em></span> <span class='ocrx_word' id='word_1_281' title='bbox 573 4588 588 4637; x_wconf 88' lang='grc'>9</span> <span class='ocrx_word' id='word_1_282' title='bbox 607 4583 630 4636; x_wconf 74' lang='lat' dir='ltr'>de</span> <span class='ocrx_word' id='word_1_283' title='bbox 647 4601 696 4637; x_wconf 82' lang='lat' dir='ltr'>cra.</span> <span class='ocrx_word' id='word_1_284' title='bbox 720 4584 745 4638; x_wconf 87' lang='lat' dir='ltr'>I)</span> <span class='ocrx_word' id='word_1_285' title='bbox 829 4591 858 4639; x_wconf 83' lang='lat' dir='ltr'>tc</span> <span class='ocrx_word' id='word_1_286' title='bbox 877 4587 1040 4641; x_wconf 79' lang='lat' dir='ltr'>constantim</span> <span class='ocrx_word' id='word_1_287' title='bbox 1058 4589 1256 4644; x_wconf 81' lang='lat' dir='ltr'>unrucrtahil)</span> 
     </span>
     <span class='ocr_line' id='line_1_35' title="bbox 87 4656 1256 4754; baseline 0 -16"><span class='ocrx_word' id='word_1_288' title='bbox 87 4690 115 4740; x_wconf 83' lang='lat'>13</span> <span class='ocrx_word' id='word_1_289' title='bbox 134 4683 281 4739; x_wconf 80' lang='lat' dir='ltr'>herelrn&#39;rl)</span> <span class='ocrx_word' id='word_1_290' title='bbox 335 4687 365 4736; x_wconf 78' lang='lat' dir='ltr'>tl</span> <span class='ocrx_word' id='word_1_291' title='bbox 375 4675 654 4750; x_wconf 82' lang='lat' dir='ltr'>patriarchamom.1)</span> <span class='ocrx_word' id='word_1_292' title='bbox 704 4656 813 4747; x_wconf 84' lang='lat' dir='ltr'>georgrh</span> <span class='ocrx_word' id='word_1_293' title='bbox 840 4658 967 4751; x_wconf 75' lang='lat' dir='ltr'>cypth</span> <span class='ocrx_word' id='word_1_294' title='bbox 1029 4688 1058 4737; x_wconf 80' lang='lat'>15</span> <span class='ocrx_word' id='word_1_295' title='bbox 1078 4662 1256 4754; x_wconf 70' lang='lat' dir='ltr'>chrysorhll</span> 
     </span>
     <span class='ocr_line' id='line_1_36' title="bbox 83 4755 1258 4831; baseline 0 -1"><span class='ocrx_word' id='word_1_296' title='bbox 83 4781 115 4830; x_wconf 75' lang='grc'>’18</span> <span class='ocrx_word' id='word_1_297' title='bbox 134 4776 307 4831; x_wconf 84' lang='lat' dir='ltr'>abulabasI)</span> <span class='ocrx_word' id='word_1_298' title='bbox 412 4779 443 4828; x_wconf 81' lang='lat' dir='ltr'>tc</span> <span class='ocrx_word' id='word_1_299' title='bbox 462 4767 618 4826; x_wconf 77' lang='lat' dir='ltr'>mecchol)</span> <span class='ocrx_word' id='word_1_300' title='bbox 722 4777 755 4826; x_wconf 78' lang='lat'>20</span> <span class='ocrx_word' id='word_1_301' title='bbox 773 4774 942 4829; x_wconf 80' lang='lat' dir='ltr'>amulhml)</span> <span class='ocrx_word' id='word_1_302' title='bbox 1043 4780 1074 4829; x_wconf 79' lang='lat'>22</span> <span class='ocrx_word' id='word_1_303' title='bbox 1102 4792 1167 4830; x_wconf 86' lang='lat' dir='ltr'>uero</span> <span class='ocrx_word' id='word_1_304' title='bbox 1185 4755 1258 4830; x_wconf 78' lang='lat' dir='ltr'>alil)</span> 
     </span>
     <span class='ocr_line' id='line_1_37' title="bbox 82 4846 1256 4940; baseline -0.002 -15"><span class='ocrx_word' id='word_1_305' title='bbox 82 4876 116 4925; x_wconf 82' lang='lat'>26</span> <span class='ocrx_word' id='word_1_306' title='bbox 134 4869 285 4924; x_wconf 79' lang='lat' dir='ltr'>mtzrbrnl)</span> <span class='ocrx_word' id='word_1_307' title='bbox 336 4873 368 4923; x_wconf 74' lang='lat'>27</span> <span class='ocrx_word' id='word_1_308' title='bbox 387 4846 561 4937; x_wconf 71' lang='lat' dir='ltr'>abulmulh&#39;D</span> <span class='ocrx_word' id='word_1_309' title='bbox 613 4865 715 4928; x_wconf 82' lang='lat' dir='ltr'>eratI)</span> <span class='ocrx_word' id='word_1_310' title='bbox 767 4871 800 4921; x_wconf 81' lang='lat'>³0</span> <span class='ocrx_word' id='word_1_311' title='bbox 818 4868 965 4923; x_wconf 79' lang='lat' dir='ltr'>machcal)</span> <span class='ocrx_word' id='word_1_312' title='bbox 1020 4875 1049 4925; x_wconf 85' lang='grc'>31</span> <span class='ocrx_word' id='word_1_313' title='bbox 1071 4867 1256 4940; x_wconf 82' lang='lat' dir='ltr'>putrefacth</span> 
     </span>
    </p>
   </div>
   <div class='ocr_carea' id='block_1_4' title="bbox 0 0 1422 5394">
    <p class='ocr_par' dir='ltr' id='par_1_9' title="bbox 0 0 1422 5394">
     <span class='ocr_line' id='line_1_38' title="bbox 0 0 1422 5394; baseline 0 0"><span class='ocrx_word' id='word_1_314' title='bbox 0 0 1422 5394; x_wconf 95' lang='lat' dir='ltr'> </span> 
     </span>
    </p>
   </div>
  </div>
 </body>
</html>
