2834 5394
10 39 1003 389 —s

519 675 592 723 cun.
615 674 741 722 run-vr
1151 656 1207 719 111

10 840 12 851 '
78 826 131 895 atis
150 835 249 894 actum
276 833 339 893 est.
382 826 474 892 multi
502 827 588 892 eirea
615 827 781 893 Saufeium
810 832 843 892 et
871 823 1078 892 Saturninum
1111 822 1209 889 caesi.

75 938 227 1004 Saturninus
257 937 369 1023 palam
395 936 565 1003 clamitans
593 936 730 1002 Marium
762 943 924 1001 auctorem
959 952 1032 1000 esse
1067 932 1210 997 omnium

73 1047 233 1114 mlitionnm
255 1067 388 1114 suarum
409 1053 606 1114 contestatus
621 1054 679 1113 est.
710 1066 781 1110 eum
803 1053 910 1110 autem
931 1046 1002 1129 ipse
1017 1041 1210 1110 Saturninus

72 1158 238 1225 rtSauieius
260 1164 294 1223 et
313 1156 478 1223 Labienus
500 1164 634 1241 cogente
655 1156 757 1221 Mario
779 1156 957 1221 incuriam
979 1150 1209 1234 confugissent,

53 1274 109 1353 iper
123 1268 238 1352 equites
259 1268 424 1333 Romanos
445 1267 586 1333 effractis
608 1267 730 1332 loribus
752 1267 848 1332 occisi
872 1270 955 1331 sunt.
987 1263 1090 1329 Gaius
1112 1262 1210 1328 Glau-

10 1400 13 1473 ᾗ
70 1382 104 1443 tis
122 1385 275 1445 extractus
303 1377 439 1444 edomo
461 1376 588 1441 Claudii
620 1376 797 1443 trucidatus
819 1383 878 1442 est.
921 1375 1039 1441 Furius
1061 1372 1210 1440 tribunus

10 1480 13 1593 l
68 1487 128 1572 plebi
158 1488 245 1554 bona
272 1487 414 1553 omnium
442 1486 640 1571 publicanda
675 1486 827 1552 decreuit.
872 1485 1005 1551 Gnaeus
1036 1483 1210 1549 Dolabella

68 1595 198 1664 Saturnini
223 1598 324 1663 irater
350 1614 409 1682 per
434 1596 537 1662 lorum
565 1596 750 1662 holitorium
779 1595 905 1679 lugiens
933 1614 1005 1660 cnm
1026 1594 1125 1658 Lucio
1148 1594 1209 1659 Ge·

67 1709 134 1789 genio
152 1707 339 1773 interfectus
359 1713 417 1772 est.
461 1707 571 1790 itaque
592 1706 775 1772 auctoribus
798 1712 908 1770 tantae
937 1702 1107 1771 seditionis
1128 1702 1208 1769 ocei-

43 1816 99 1883 ten
112 1818 196 1902 quies
223 1816 344 1902 populo
366 1816 434 1881 init.
477 1823 553 1881 tune
574 1814 654 1881 Cato
683 1823 780 1899 atque
808 1814 980 1898 Pompeius
1009 1811 1208 1895 rogationem

68 1924 95 1992 de
109 1927 203 1993 reditu
223 1926 345 1993 Metelli
365 1925 528 1991 Numidici
565 1927 662 1992 totius
686 1926 774 1992 urbis
802 1924 923 2008 gaudio
954 1921 1207 2008 promulgarunt.

68 2056 125 2118 qnae
142 2057 182 2103 ne
201 2036 412 2123 perficeretur
427 2036 523 2101 Marii
544 2036 687 2102 consulis
710 2042 742 2101 et
761 2035 852 2099 Furii
880 2034 1000 2098 tribuni
1029 2030 1136 2115 plebis
1163 2029 1209 2095 fa·

67 2145 195 2213 rtionibus
217 2147 428 2212 intercessum
441 2151 500 2212 est.
524 2146 663 2211 Rutilius
686 2164 814 2228 quoque
836 2144 886 2207 uir
904 2141 1131 2225 integerrimus
1153 2139 1208 2204 ad·

66 2254 168 2320 aridei
200 2264 298 2339 atque
318 2255 522 2321 innocentiae
544 2256 727 2321 constantia
753 2275 830 2320 usus
853 2260 903 2318 est
930 2260 965 2317 ut
992 2251 1045 2316 die
1073 2250 1136 2316 eibi
1165 2249 1207 2313 ab

38 2364 274 2431 ammonens
295 2363 382 2428 dieta
403 2383 506 2448 usque
528 2364 570 2430 ad
592 2365 805 2447 cognitionem
834 2382 940 2445 neque
961 2361 1113 2445 capillum
1136 2359 1208 2423 bar-

10 2482 12 2511 ⁵
63 2471 151 2539 tenue
170 2474 337 2540 demiserit
361 2492 466 2555 neque
496 2473 629 2539 sordida
656 2480 746 2539 ueste
774 2473 929 2538 humiliue
958 2470 1071 2535 habitu
1094 2468 1207 2536 suffra·

61 2590 163 2664 ratores
190 2583 387 2667 conciliarit,
424 2583 571 2650 inimicos
602 2584 820 2668 permulserit,
850 2581 972 2647 iudices
1009 2579 1205 2663 temperarit,

60 2695 210 2761 outonem
241 2713 367 2778 quoque
399 2714 420 2759 a
446 2700 596 2778 praetore
618 2713 804 2757 concessam
828 2692 929 2756 nihilo
952 2689 1205 2756 summissiorem

58 2820 132 2882 qnam
152 2805 294 2870 animum
316 2803 480 2884 babuerit,
510 2822 581 2868 cunr
609 2802 752 2867 euidenti
773 2801 1015 2885 obpugnaretur
1046 2796 1207 2862 calumnia

24 2915 240 2998 carpinione
262 2915 416 2978 bonorum
440 2914 581 2978 omnium
604 2914 672 2978 iure
694 2909 914 2976 absolucnrlus
936 2901 1207 2993 putaretur-,per-

56 3021 121 3087 iurio
140 3024 278 3089 iudicum
302 3023 535 3090 condemnatus
558 3029 616 3089 eet.
649 3022 703 3103 qui
727 3022 898 3104 Stuprnam
921 3019 1135 3101 commigrans
1156 3016 1207 3081 lit-

55 3138 173 3198 terarum
195 3131 313 3200 studiis
333 3134 476 3199 intentus
498 3129 693 3212 consenuit.)

120 3243 211 3308 Anno
241 3242 284 3306 ab
317 3243 396 3308 urbe
418 3242 547 3307 condita
574 3241 809 3307 sexcentesimo
832 3239 1099 3323 ‹priuquagesimo
1121 3257 1206 3301 nono
1227 3232 1272 3298 VI

52 3348 133 3417 Serto
152 3353 233 3418 Iulio
256 3351 397 3419 Caesare
420 3360 451 3418 et
472 3351 571 3416 Lucio
594 3352 714 3416 Marcio
742 3351 893 3433 Philippo
916 3348 1099 3413 consulibus
1134 3366 1206 3410 eum

16 3471 136 3546 teprope
162 3463 227 3527 alia
256 3460 398 3545 (omnia)
430 3463 518 3527 bella
546 3469 711 3527 cessarent
744 3458 923 3542 <intestinis
952 3458 1057 3523 causis
1087 3456 1207 3524 sociale

51 3568 153 3635 bellum
181 3578 281 3636 totam
310 3572 481 3636 commouit
507 3569 663 3654 Italiam.)
707 3571 761 3653 qui
797 3590 867 3633 eum
896 3568 991 3633 annis
1024 3567 1205 3632 numerosis

49 3677 101 3743 iam
127 3681 246 3766 populo
272 3682 417 3745 Romano
445 3680 641 3760 oboedirent,
677 3686 741 3744 tum
769 3680 948 3744 libertatem
982 3677 1045 3744 sibi
1068 3696 1205 3759 aequam

48 3806 177 3857 asserere
205 3798 388 3875 coeperunt.
432 3791 648 3875 perniciosum
681 3789 853 3854 admodum
888 3787 949 3852 hoc
981 3788 1100 3852 bellom
1138 3785 1205 3848 luit.

46 3898 170 3967 Rutilius
193 3901 306 3967 consul
328 3902 362 3965 iu
385 3920 423 3965 eo
445 3900 570 3966 occisus
593 3907 650 3980 est,
675 3899 797 3983 Caepio
819 3899 937 3964 nobilis
960 3896 1108 3976 iuuenis,
1131 3895 1205 3958 Por·

12 4008 105 4075 daus
125 4008 204 4076 Cato
225 4011 310 4077 alius
331 4011 453 4077 consul.
483 4009 581 4077 duces
603 4016 710 4076 autem
732 4009 889 4075 aduersus
910 4010 1073 4073 Romanos
1096 4004 1206 4069 Pieeu·

108 4234 285 4290 ll'sufendD
354 4238 490 4304 8g;gsmo
506 4235 533 4290 1)
605 4237 701 4288 18-19
719 4233 800 4288 nrhrlo
821 4235 875 4287 sum
892 4233 980 4286 milior
998 4234 1066 4300 equit
1084 4230 1109 4285 Il
1128 4232 1206 4287 tium·

49 4326 148 4382 mmore
164 4326 200 4387 P)
269 4330 300 4380 21
320 4327 500 4397 zmyrnamll
585 4331 617 4380 nt
636 4327 718 4381 Sexto
735 4327 798 4381 rulro
818 4327 908 4394 celare
926 4324 949 4378 dr
965 4325 1168 4379 lucro-marco·
1200 4324 1204 4389 Ι

49 4416 152 4489 phuppo
175 4419 330 4476 eonl'nlrbul
341 4446 347 4457 ·
367 4419 444 4475 denno
468 4435 520 4488 πῃ
544 4425 548 4489 1
570 4434 640 4474 anno
666 4421 700 4474 ab
726 4420 794 4472 urbe
818 4418 925 4472 condrta
945 4418 969 4471 B
1090 4416 1163 4467 sexta
1180 4413 1206 4467 Ι)

49 4512 118 4566 litt
132 4515 167 4584 ()
190 4513 230 4570 D:
246 4530 274 4568 m
291 4513 366 4568 ntaha
382 4513 481 4583 gramll
492 4514 584 4566 lunum
601 4512 699 4566 bellum
717 4512 837 4581 picentes
850 4512 937 4563 marin
949 4536 954 4544 ·
964 4510 1114 4579 pelrgmque
1129 4511 1133 4577 ¹,
1148 4523 1205 4561 mo·

49 4616 131 4660 rduut
148 4606 175 4661 B
276 4610 309 4661 26
327 4610 387 4660 tnta
404 4605 430 4659 D
496 4604 619 4659 ntalral)
705 4610 736 4658 27
755 4603 896 4672 obedirent
913 4602 939 4656 D
1024 4607 1056 4655 28
1077 4606 1206 4670 ceperunt

48 4701 203 4763 mmmcmm
220 4698 374 4754 ammodum
392 4697 418 4751 I)
520 4701 552 4751 29
571 4712 663 4766 coepto
676 4696 702 4750 B
805 4703 837 4751 30
856 4696 937 4751 duces
953 4703 1042 4750 autem
1058 4727 1088 4734 -
1112 4699 1169 4759 112,
1189 4697 1203 4746 2

49 4789 163 4848 cluentrul
177 4793 255 4849 alunt
269 4809 321 4848 om.
338 4791 366 4846 D
383 4789 427 4851 (Pl
