2834 5394
215 249 275 313 178
720 264 813 312 mear
834 264 885 313 vu

212 419 277 485 nisi
300 416 360 484 sub
382 424 527 482 extrema
548 421 713 483 senectute
734 415 872 500 Augusti
894 416 1046 500 pulsante
1066 415 1318 483 Atheniensium
1339 435 1385 483 se·

212 527 335 594 ditione
357 535 389 592 et
409 529 571 592 Dacorum
594 526 806 592 commotione
829 533 1010 611 patuerunt

64 635 189 703 XVIIII
296 639 424 705 Cleusis
447 637 545 721 igitur
559 637 629 702 Iani
650 638 752 722 portis
774 657 841 701 rem
864 637 1036 721 publicam,
1059 656 1156 721 quam
1179 636 1266 702 bello
1288 656 1384 721 quae-

211 751 320 833 sIerat,
348 768 429 835 pace
451 748 573 814 nutrire
596 755 628 813 et
649 747 847 831 amplificare
869 747 1003 814 studens
1032 748 1121 831 leges
1143 747 1301 831 plurimas
1324 756 1384 813 sta-

211 862 281 942 tuit,
318 880 376 945 per
404 878 485 943 quas
515 857 690 923 humanum
719 878 823 942 genus
852 858 956 923 libera
984 858 1169 924 reuerentia
1189 857 1382 941 disciplinae

211 991 333 1037 morem
368 975 504 1053 gereret.
548 967 669 1033 domini
706 969 958 1054 appellationem
994 975 1030 1033 ut
1065 968 1160 1034 homo
1197 966 1381 1033 declinauit.

211 1100 286 1148 narn
309 1101 381 1145 cum
403 1099 441 1145 eo
464 1086 630 1162 spectante
658 1079 751 1145 ludos
780 1079 1021 1163 pronuntiatum
1049 1087 1136 1145 esset
1162 1079 1196 1143 in
1227 1079 1325 1143 mimo
1355 1078 1382 1141 ‘o

210 1190 375 1255 dominum
397 1210 535 1273 aequum
549 1196 581 1254 et
595 1190 713 1254 bonum
722 1190 737 1254 t‘
781 1189 990 1272 uniuersique
1005 1189 1100 1273 quasi
1115 1188 1157 1255 de
1171 1189 1246 1273 ipso
1261 1187 1378 1253 dictum

212 1306 299 1379 esset
320 1300 520 1365 exsultanter
542 1299 821 1384 approbauisscnt‚
851 1307 883 1365 et
904 1302 1011 1365 statim
1034 1298 1165 1383 quidem
1189 1319 1288 1365 manu
1316 1299 1390 1364 uul—

211 1415 309 1493 tuque
331 1410 500 1476 indecoras
523 1409 727 1475 adulationes
750 1410 906 1494 repressit
936 1416 968 1475 et
995 1412 1029 1476 in
1058 1410 1206 1494 sequenti
1235 1409 1290 1474 die
1311 1429 1389 1493 gra·

210 1520 345 1587 uissimo
367 1520 521 1606 corripuit
541 1520 654 1600 edicto,
684 1519 911 1603 dominumque
939 1539 974 1586 se
1002 1519 1138 1605 posthac
1160 1519 1321 1606 appellari
1343 1538 1395 1584 ne

210 1631 364 1698 aliberis
393 1631 523 1716 quidem
551 1637 608 1695 aut
635 1629 806 1714 nepotibus
836 1631 903 1696 suis
932 1631 984 1696 uel
1014 1631 1099 1697 serio
1126 1631 1180 1696 uel
1208 1631 1279 1695 ioco
1312 1651 1396 1714 pas—

210 1762 265 1809 sus
288 1749 346 1808 est.

295 1852 400 1917 Huius
422 1851 619 1936 temporibus
641 1852 762 1916 Romae
784 1850 950 1934 sapientes
978 1851 1125 1934 insignes
1154 1857 1248 1915 erant
1269 1850 1386 1934 Vergi-

209 1962 272 2027 lius
304 1962 439 2026 Flaccus
469 1961 631 2027 Salustius
665 1960 778 2025 Liuius
807 1960 998 2028 Hortensius
1026 1961 1198 2027 Terentius
1226 1959 1411 2026 Horatiust

210 2069 438 2135 Athenodorus
461 2071 634 2135 Tarsensis
658 2078 690 2135 et
710 2069 800 2136 Sotio
822 2069 1073 2137 Alexandrinus.

293 2180 384 2246 Idem
406 2199 483 2245 uero
505 2180 671 2263 Augustus
693 2179 929 2246 habitatoribus
954 2181 1120 2246 Romanae
1141 2180 1232 2248 urbis
1254 2200 1315 2266 per
1335 2182 1374 2246 la·

211 2291 278 2357 cies
301 2290 512 2357 dinumeratis
545 2291 669 2356 inuenit
697 2291 839 2355 uirorum
869 2290 1084 2356 habitantium
1117 2291 1151 2356 in
1185 2310 1226 2356 ea
1259 2293 1375 2357 centies

208 2401 317 2467 tricies
339 2408 371 2466 et
393 2402 491 2467 semel
513 2402 605 2466 milia
626 2402 759 2485 triginta
781 2408 915 2486 septem.
947 2399 953 2407 '

292 2513 394 2594 Igitur
414 2532 453 2577 co
476 2519 619 2597 tempore
641 2511 674 2577 id
697 2520 747 2578 est
766 2511 1015 2595 quadragesimo
1030 2510 1170 2577 secundo
1186 2510 1317 2597 imperii
1331 2512 1411 2578 suia

207 2643 308 2703 anno,
338 2642 401 2705 quo
423 2623 642 2689 firmissimam
665 2622 933 2705 uerissimamque
963 2640 1076 2706 pacem
1098 2619 1304 2687 ordinatione
1325 2621 1374 2687 dei

208 2733 330 2798 Caesar
352 2733 539 2817 composuit,
568 2740 664 2798 natus
687 2739 736 2798 est
758 2731 915 2814 Christus,
944 2732 1034 2798 cuius
1063 2731 1217 2798 aduentui
1246 2752 1313 2816 pax
1335 2733 1376 2797 Ia·

207 2846 329 2908 mulata
359 2849 416 2908 est..
462 2844 496 2907 in
524 2843 614 2908 cuius
646 2849 716 2906 ortu
745 2841 951 2908 audientibus
980 2842 1164 2908 hominibus
1193 2844 1373 2909 exultantes

208 2957 315 3039 angeli
338 2957 484 3021 cecinere
513 2953 626 3036 ‘gloria
655 2953 688 3017 in
711 2952 849 3018 excelsis
871 2951 932 3017 deo
960 2960 992 3017 et
1023 2953 1056 3017 in
1079 2960 1167 3018 terra
1189 2972 1255 3036 pax
1277 2952 1376 3018 homi·

206 3065 302 3131 nibus
324 3065 429 3130 bonae
450 3063 642 3129 uoluntatis'.
1393 3067 1411 3117 2¹

126 3182 191 3247 xx
297 3176 390 3239 Anno
413 3173 454 3237 ab
478 3172 556 3238 urbe
584 3173 713 3237 condita
741 3172 1027 3256 septingentesimo
1055 3171 1260 3254 sexagesimo
1290 3179 1378 3256 quat-

207 3282 383 3348 tuordecim
414 3283 502 3348 uicos
531 3281 601 3348 cius
629 3283 784 3347 incertum
813 3281 900 3348 unde
929 3300 1126 3364 consurgens
1154 3280 1286 3348 flamma
1307 3301 1379 3347 eon-

209 3393 355 3478 sumpsit.
400 3411 459 3457 nec
482 3411 642 3475 uunquam,
666 3401 701 3456 ut
722 3393 768 3457 ait
788 3392 912 3474 Limus,
935 3391 1056 3456 maiore
1077 3390 1228 3456 incendio
1250 3398 1380 3458 nasuta

207 3510 257 3570 est
279 3501 361 3568 adeo
384 3510 419 3568 ut
441 3511 515 3587 post
537 3503 659 3586 aliquot
681 3523 783 3568 annos
806 3501 928 3568 Caesar
950 3501 1115 3584 Augustus
1137 3499 1180 3564 ad
1202 3503 1377 3586 reparatio·

206 3632 278 3680 nem
302 3632 421 3697 eorum,
446 3633 530 3698 quae
553 3620 629 3679 tune
651 3621 766 3679 exusta
787 3620 888 3691 erant,
911 3631 1062 3694 magnam
1085 3610 1149 3675 uim
1163 3611 1322 3694 pecuniae
1337 3624 1411 3677 era

205 3726 331 3790 aerario
355 3724 483 3808 publico
506 3723 641 3807 largitus
665 3724 715 3790 sit.

206 3954 508 3963 ———-———·

274 4116 452 4187 tpullatel)
519 4115 693 4185 tplurimas]
711 4115 852 4184 pnmarl)
920 4115 1185 4185 ttappbabrlientD
1256 4122 1285 4170 11
1305 4117 1376 4186 polt-

204 4210 253 4264 hee
271 4210 298 4264 Ι)
392 4215 420 4264 tt
438 4208 601 4278 uirgrbuID
707 4214 735 4261 15
755 4208 1010 4263 Libius-onenbur
1026 4208 1053 4262 D
1121 4207 1376 4264 Oranus-Mar-

205 4300 446 4357 leul·ctl1troD
552 4305 581 4354 18
609 4302 709 4355 centres
732 4301 823 4355 trrcrel
845 4301 868 4354 dt
896 4302 973 4356 lemel
1001 4300 1154 4369 Pithoeusrs
1172 4305 1252 4358 centri
1265 4308 1378 4373 triginta

204 4392 326 4447 bunum
343 4394 369 4447 Ι)
437 4399 470 4448 16
489 4393 682 4463 renascitur-D
750 4399 781 4449 nt
801 4394 910 4449 mcuiD
962 4396 1097 4464 conlupbt
1113 4397 1139 4447 1>
1207 4399 1241 4450 28
1256 4396 1377 4451 lrbrusD
