2834 5394
521 779 593 826 cua.
616 777 846 826 xxm-uxum
1202 761 1263 822 547

175 929 297 995 Eodem
325 949 452 1014 quoque
476 949 561 994 anno
583 950 604 995 ι
625 929 777 996 kalendis
805 930 996 997 Octobribus
1028 931 1147 996 factum
1179 935 1230 995 est
1251 925 1351 992 XXX
1414 934 1417 981 1

89 1042 165 1122 gelu
181 1061 332 1124 magnum
347 1047 379 1104 et
394 1039 632 1107 amarissimum
653 1061 718 1105 non
735 1040 837 1106 solum
858 1040 893 1105 in
914 1046 1002 1105 terra
1023 1046 1134 1106 nostra
1155 1058 1266 1103 uerum

89 1153 186 1217 etiarn
220 1152 254 1216 in
282 1150 405 1217 oriente
439 1157 471 1215 ct
498 1151 596 1215 multo
630 1151 734 1233 magis
764 1152 797 1215 in
826 1150 1082 1236 septemtrionali
1109 1155 1202 1235 parte
1232 1158 1267 1213 ut

90 1264 225 1347 pelagus
255 1261 344 1345 ponti
372 1279 475 1345 usque
504 1259 545 1325 ad
573 1267 700 1325 centum
733 1260 873 1326 miliaria
906 1280 985 1344 prae
1011 1259 1128 1343 glaciei
1161 1259 1266 1341 rigore

58 1375 124 1438 oin
146 1370 265 1457 lapidis
289 1370 441 1435 duritiam
470 1369 565 1435 fuerit
592 1390 721 1436 uersum
751 1370 875 1437 habens
905 1370 1028 1436 cubitos
1050 1390 1071 1435 a
1094 1368 1265 1453 superficie

90 1485 124 1547 in
147 1481 338 1566 profundum
359 1480 493 1563 triginta
514 1480 638 1547 cunctis
653 1481 804 1545 nimirum
819 1480 1004 1563 regionibus
1020 1480 1062 1544 ab
1077 1480 1151 1565 ipsa
1164 1478 1265 1562 Lycia

90 1613 191 1677 usque
213 1591 256 1656 ad
278 1591 464 1655 Danubium
487 1597 519 1654 et
541 1590 653 1674 Ouplre
675 1590 807 1655 fluuium
822 1590 978 1657 Danastii
1000 1609 1127 1674 quoque
1150 1597 1182 1654 et
1196 1589 1263 1653 Da·

90 1703 185 1785 napri
206 1708 302 1785 alque
324 1701 504 1785 Neci-opela
525 1720 586 1765 nec
607 1720 672 1765 non
695 1707 726 1765 et
753 1700 895 1783 reliquas
923 1700 1012 1785 ripas
1041 1707 1073 1765 et
1099 1697 1265 1783 usquead

90 1812 316 1877 llcsembrianr
339 1817 371 1876 et
392 1810 533 1874 Mediam
555 1811 701 1875 similiter
729 1810 936 1893 patientibus,
965 1829 1099 1893 cumque
1128 1809 1261 1873 huiusce
1327 1841 1330 1847 ·

46 1921 179 1986 semodi
201 1922 276 2003 gelu
297 1920 372 1986 niue
395 1920 509 1986 fuisset
536 1929 736 2005 coopertum,
767 1941 864 2005 super
892 1920 974 1985 alios
1002 1918 1116 2002 uiginti
1138 1916 1262 1982 cubitos

91 2033 193 2096 creuit
213 2030 260 2095 ita
282 2036 316 2095 ut
338 2050 426 2095 mare
448 2029 560 2095 aridae
582 2031 832 2096 conformaretur
862 2036 893 2095 et
921 2029 1058 2113 pedibus
1088 2029 1263 2092 calcaretur

91 2142 125 2205 in
153 2139 321 2225 superficie
349 2139 465 2223 glaciei
494 2160 515 2203 ι
536 2140 697 2206 Chanaria
725 2148 757 2206 et
783 2139 937 2223 Bulgaria
964 2138 1042 2223 quin
1070 2145 1102 2204 et
1130 2137 1262 2220 reliquis

89 2250 313 2317 adiacentibus
336 2249 522 2316 nationibus
544 2257 609 2315 tarn
632 2251 673 2317 ab
696 2250 880 2317 hominibus
903 2270 999 2332 quam
1021 2249 1063 2313 ab
1081 2247 1263 2333 agrestibus

92 2368 123 2426 ct
145 2362 374 2427 mansuefactis
396 2360 624 2427 animantibus.

44 2485 73 2533 15
173 2471 350 2536 Februario
378 2491 454 2537 uero
483 2490 593 2537 mense
615 2471 718 2555 ipsius
740 2469 902 2538 secundae
923 2469 1106 2535 indictionis
1128 2467 1261 2534 huiusce
1288 2465 1387 2532 XXX

89 2580 176 2645 modi
197 2583 272 2663 gelu
294 2601 353 2666 per
375 2581 551 2647 iussionem
574 2580 627 2647 dei
648 2581 682 2646 in
705 2582 822 2646 multas
845 2599 883 2644 ac
897 2579 1045 2647 diuersas
1067 2580 1101 2644 in
1124 2577 1265 2663 speciem

91 2691 245 2755 montium
281 2691 382 2755 lactas
414 2691 614 2758 concisiones
648 2691 754 2757 diuiso
782 2690 844 2756 hae
872 2710 951 2775 prae
979 2690 1012 2754 ui
1041 2696 1208 2754 uentorum
1231 2688 1265 2752 in

92 2800 319 2884 Daphnusiam
341 2806 373 2864 et
394 2800 515 2864 Hieron
537 2800 772 2867 descendentes
793 2801 901 2864 taliter
922 2818 981 2882 per
1003 2805 1174 2880 angustum
1195 2816 1267 2881 per·

91 2917 249 2973 uenerunt
280 2908 321 2973 ad
356 2908 467 2973 urbem
499 2916 530 2974 et
562 2930 665 2992 usque
692 2908 735 2974 ad
764 2907 992 2994 Propontidem
1022 2915 1054 2972 ct
1081 2907 1206 2972 insulas
1234 2911 1266 2970 et

42 3030 74 3080 ro
91 3017 241 3101 Abydum
274 3038 384 3084 omnes
416 3019 592 3084 maritimos
620 3025 707 3084 toros
736 3037 774 3082 ac
803 3018 891 3102 ripas
920 3018 1096 3102 replentes,
1131 3034 1266 3099 quarum

91 3127 242 3192 uidelicet
274 3128 491 3194 concisionum
524 3129 721 3213 inspectores
762 3135 795 3192 et
826 3147 885 3191 nos
917 3126 981 3210 ipsi
1017 3126 1179 3192 extitimus
1212 3122 1266 3190 de-

91 3237 281 3304 scendentes
305 3259 402 3323 super
424 3259 521 3303 unam
544 3258 653 3303 carum
675 3258 746 3302 cum
769 3236 961 3322 quibusdam
984 3255 1111 3321 qnoque
1132 3235 1267 3319 triginta

92 3349 275 3414 coaetaneis
298 3348 417 3414 nostris
441 3356 472 3414 ct
494 3369 592 3433 super
612 3349 702 3413 illam
725 3349 878 3413 iocantes.
922 3346 1063 3411 babebat
1094 3353 1201 3410 autem
1233 3351 1265 3409 et

93 3458 248 3522 animalia
281 3458 475 3543 campestria
504 3474 535 3524 et
564 3467 732 3525 mansueta
766 3465 900 3522 mortua.
945 3455 1048 3521 omnis
1085 3455 1171 3520 enim
1201 3454 1269 3538 qui-

43 3584 75 3631 ⁴25
94 3585 230 3650 cumque
253 3569 352 3634 uellet
380 3588 400 3631 a
422 3569 596 3653 Sophianis
628 3589 730 3653 usque
758 3567 801 3633 ιιι
833 3567 943 3632 urbem
972 3572 1005 3631 et
1033 3585 1055 3630 a
1076 3563 1269 3648 Chrysopoli

93 3697 196 3760 usquc
219 3678 261 3742 ad
285 3686 430 3744 sanctum
452 3679 591 3743 illamam
623 3687 654 3744 et
677 3679 719 3744 ad
741 3698 783 3744 ea
804 3697 887 3761 quae
909 3676 1058 3741 dicuntur
1080 3674 1188 3740 Galati
1211 3695 1269 3760 per

92 3787 219 3851 aridam
243 3788 312 3853 sine
334 3788 550 3871 prohibitione
573 3790 738 3872 pergebat.
784 3794 816 3854 et
845 3807 910 3851 uua
940 3784 1069 3871 quidem
1092 3805 1132 3850 ex
1154 3786 1203 3852 eis
1226 3783 1267 3850 ad

91 3897 286 3983 Acropoleos
316 3900 436 3963 scalam
466 3898 615 3984 disrupta
651 3898 800 3964 contriuit
821 3917 907 3980 eam,
939 3897 1005 3960 alia
1027 3914 1104 3959 uero
1126 3894 1267 3977 ingentis

92 4008 184 4073 molis
208 4007 250 4072 ad
273 4027 397 4072 murum
429 4009 543 4075 collisa
577 4009 662 4074 hunc
690 4029 808 4092 rnagno
831 4007 973 4091 impulsu
1003 4005 1164 4069 concussit
1185 4002 1268 4068 adeo

44 4137 74 4185 so
93 4131 126 4185 ut
149 4118 318 4184 interiores
342 4137 468 4202 quoque
490 4118 604 4185 domus
627 4119 695 4185 salo
719 4116 1060 4200 conpartielparcntur.

178 4232 276 4294 Porro
309 4229 343 4293 in
377 4229 440 4293 tria
473 4228 621 4313 disrupta
649 4228 748 4293 cinxit
770 4226 881 4291 urbem
904 4245 925 4290 ι
945 4223 1118 4307 Manganis
1141 4223 1263 4290 scilicet
1275 4226 1374 4292 XXX

163 4515 257 4570 llrlD
308 4512 719 4583 2magnusdsamarrssrmus1)
771 4509 925 4565 38oom.D
977 4509 1062 4577 mogus
1077 4514 1105 4562 et
1124 4486 1264 4577 septe'tno-

93 4608 146 4661 nali
165 4613 240 4676 parte
258 4608 368 4677 pelagus
376 4607 403 4660 Ι)
452 4606 550 4660 ‹lmrlra
567 4611 620 4658 trra
637 4605 726 4674 preD
787 4601 931 4671 51³an
982 4600 1051 4656 acl)
1102 4597 1268 4655 olrcchall

93 4707 107 4752 l
120 4700 242 4768 danalprr
261 4699 385 4770 quoq-D
433 4705 462 4754 lc
479 4705 573 4767 uiginti
593 4695 721 4751 ἄπιθ’
776 4700 805 4750 12
825 4692 983 4764 nulgarral)
1038 4698 1067 4748 18
1085 4672 1267 4764 dapnusdtD

93 4800 125 4847 ‘lo
144 4780 225 4847 abrdd
242 4793 268 4846 l)
353 4798 382 4847 21
403 4793 575 4848 descedentes
592 4790 618 4844 P
693 4795 725 4843 25
745 4769 938 4860 chrysopolis)
1016 4792 1047 4842 28
1067 4783 1265 4856 acropolenlI)

94 4894 126 4943 28
146 4894 171 4940 et
190 4891 218 4938 31
240 4885 363 4954 dirrupta
380 4885 407 4941 D

954 4985 1012 5035 ³5*
