2834 5394
569 52 582 79 0
631 54 639 73 ἱ

600 120 607 129 ι
620 86 634 117 '¹'

575 150 585 175 'n

545 698 618 747 car.
641 698 814 747 vrnr-xrrr
1204 683 1266 748 493

92 854 164 920 sine
186 849 334 918 custodia
356 857 388 916 et
409 851 497 917 omni
520 851 704 936 suspicione
726 859 833 917 castra
855 849 968 916 metari
990 852 1165 936 praecepit.
1209 872 1267 936 po·

92 963 168 1047 palo
191 969 299 1026 autem
322 960 404 1027 sicut
426 961 542 1028 onibus
564 980 622 1046 per
650 980 782 1046 campos
804 958 846 1025 ad
862 959 1034 1045 legendum
1050 961 1178 1026 foenum
1202 960 1267 1029 dis·

93 1091 189 1157 perso
211 1069 362 1136 uiderunt
383 1071 603 1156 exploratores
625 1071 801 1155 Belgarum
823 1089 941 1136 uanam
963 1071 1179 1136 Romanorum
1202 1069 1267 1138 dis·

93 1181 295 1266 positionem,
311 1188 344 1246 et
364 1181 544 1246 ecaoemati
559 1188 595 1246 ut
608 1182 697 1248 ferae
712 1181 819 1248 subito
834 1181 998 1247 irruerunt
1012 1186 1044 1247 et
1058 1180 1267 1248 uehementer

59 1310 76 1358 a
94 1298 362 1377 consumpserunt
382 1291 570 1357 Romaieum
599 1291 684 1357 ouile
717 1292 849 1357 multam
878 1292 1034 1376 praedam
1057 1298 1090 1357 et
1112 1311 1213 1376 equos
1234 1298 1267 1358 et

94 1422 186 1467 arma
206 1401 348 1486 exceptis
369 1401 421 1467 his
444 1403 499 1486 qui
521 1401 679 1487 perempti
708 1407 783 1467 sunt
804 1401 1009 1487 accipientes.
1053 1422 1148 1486 porro
1170 1402 1268 1470 Iusti·

94 1513 211 1577 cianus
241 1531 311 1577 eum
339 1511 382 1576 ad
412 1517 552 1579 castrum
580 1512 718 1595 fugisset
745 1531 816 1577 cum
838 1511 891 1578 his
914 1511 967 1596 qui
990 1519 1179 1594 euaserant,
1209 1531 1270 1597 por

93 1631 159 1687 tres
188 1621 258 1688 dies
286 1628 398 1707 portas
427 1623 555 1689 clausas
585 1628 619 1689 et
646 1622 814 1689 obseratas
840 1622 953 1687 tenuit.
996 1622 1175 1706 uidensque
1196 1622 1270 1688 Bul·

97 1752 210 1816 garum
233 1733 511 1817 perseuerantiam
539 1733 611 1818 ipse
638 1732 762 1818 primus
791 1732 865 1816 equi
896 1732 945 1798 sui
973 1752 1094 1800 neruos
1122 1732 1270 1801 incidens
1292 1801 1295 1808 ,

51 1857 81 1905 ro
97 1862 209 1909 omnes
225 1841 257 1908 id
274 1843 379 1928 ipsum
395 1843 501 1909 tacere
515 1843 619 1910 iussit.
650 1843 749 1909 armis
764 1849 872 1908 autem
886 1841 1010 1909 bellicis
1031 1862 1131 1927 supra
1144 1863 1270 1908 murum

97 1953 212 2036 positis
235 1959 330 2018 noctu
354 1953 387 2018 in
409 1953 549 2039 scaphas
571 1951 752 2020 ascendens
773 1954 912 2019 latenter
934 1952 1122 2037 enauigauit
1143 1958 1175 2018 et
1196 1972 1268 2019 cum

96 2063 282 2130 confusione
305 2064 453 2147 peruenit
474 2061 516 2128 ad
539 2062 659 2128 urbem.

179 2174 273 2237 Anno
295 2173 424 2258 imperii
446 2172 616 2240 Iustiniani
640 2180 753 2257 quarto
775 2172 951 2239 exercitum
972 2173 1073 2238 mouit
1092 2173 1269 2240 Masalmas
1290 2157 1358 2225 ΧῙῙ

97 2281 253 2349 aduersus
281 2285 430 2368 Tyanam
459 2290 590 2369 propter
617 2283 874 2367 indignationem
909 2284 1068 2350 exercitus
1102 2303 1168 2349 una
1200 2303 1272 2349 oum

51 2392 240 2458 ratiocinia
261 2413 319 2477 per
334 2394 549 2459 Marinianum
572 2394 671 2460 occisi
693 2400 727 2459 et
740 2394 826 2459 hanc
847 2392 1033 2461 obsidentes
1049 2392 1274 2460 biemauerunt

96 2501 225 2567 ibidem.
269 2503 311 2568 ad
340 2524 420 2588 quos
449 2503 545 2569 mittit
572 2504 747 2589 imperator
775 2503 857 2570 duos
878 2511 1044 2587 praetores
1066 2504 1272 2570 Theodorum

96 2611 303 2677 Carteruoam
326 2621 357 2679 et
379 2613 657 2699 Theophylactum
680 2614 816 2680 Saliban
838 2632 910 2678 cum
933 2615 1076 2681 exercitu
1098 2621 1130 2681 et
1152 2614 1273 2699 agresti

96 2724 216 2806 populo
239 2724 390 2788 rusticam
412 2741 543 2809 operam
566 2721 680 2788 daturo
703 2722 745 2786 ad
761 2723 946 2788 bellandum
970 2743 1027 2790 eos
1049 2731 1081 2789 et
1102 2725 1273 2806 insequen-

97 2830 183 2894 dum.
227 2832 290 2915 ipsi
318 2851 396 2896 uero
424 2830 467 2897 ad
496 2832 733 2897 contentionem
763 2833 797 2896 in
826 2834 1014 2897 alterutrum
1044 2835 1212 2899 uenientes
1242 2839 1274 2899 et

49 2957 81 3007 20
99 2939 279 3005 inordinate
306 2942 339 3005 in
371 2960 427 3008 eos
458 2941 623 3024 congressi
657 2942 766 3007 statim
796 2947 964 3007 ceduntur
991 2949 1024 3008 et
1052 2943 1153 3008 multa
1183 2943 1274 3007 milia

99 3050 263 3133 perierunt
285 3057 317 3115 et
339 3051 458 3135 captiui
481 3049 568 3115 ducti
591 3058 665 3117 sunt
687 3052 788 3116 multi.
827 3057 861 3117 at
887 3051 936 3116 illi
959 3051 1089 3119 sarcina
1110 3071 1220 3118 eorum
1242 3059 1274 3119 et

98 3161 182 3226 escis
204 3162 345 3245 acceptis
368 3160 566 3228 obsederunt
587 3180 651 3246 quo
674 3181 776 3245 usque
797 3161 960 3227 ciuitatem
981 3169 1145 3248 ceperunt.
1188 3162 1273 3229 defo

97 3276 208 3335 cerant
229 3270 314 3335 enim
338 3272 403 3338 illis
426 3290 520 3336 escae
542 3290 581 3335 ac
603 3290 661 3355 per
683 3271 745 3336 boc
768 3272 924 3337 recessuri
947 3277 1049 3337 erant.
1094 3292 1188 3357 porro
1211 3273 1273 3338 uiri

97 3382 287 3463 Tyanonses
309 3380 361 3447 his
383 3379 464 3448 uisis
492 3379 654 3466 desperati
683 3388 874 3466 acceperunt
896 3381 1029 3447 uerbum
1051 3382 1274 3452 indemnitatis

50 3506 81 3556 aa
100 3510 179 3555 suae
202 3500 235 3555 et
257 3491 404 3556 exierunt
425 3490 468 3555 ad
490 3509 546 3557 eos
575 3497 608 3556 et
629 3491 784 3557 derelicta
810 3499 861 3557 est
882 3491 998 3558 ciuitas
1021 3491 1150 3559 deserta
1170 3513 1273 3578 usqne

100 3600 133 3664 in
160 3607 364 3685 praesentem
393 3600 488 3666 diem.
533 3621 644 3667 uerum
680 3601 726 3666 illi
762 3621 826 3667 non
855 3608 1024 3670 seruantes
1052 3603 1184 3669 uerbum
1213 3604 1273 3671 hos

99 3710 131 3774 in
155 3729 296 3775 eremum
327 3713 438 3777 exules
470 3711 717 3777 transmiserunt
750 3718 781 3776 et
809 3712 925 3780 multos
954 3731 995 3779 ex
1017 3712 1068 3780 his
1091 3734 1203 3781 seruos
1227 3734 1274 3781 rc

100 3821 272 3885 tinuerunt.

185 3932 279 3995 Anno
290 3931 418 4014 imperii
434 3930 604 3996 Iustiniani
621 3930 731 4015 quinto
753 3932 853 3996 mouit
867 3932 1042 3997 exereitum
1056 3931 1146 3997 Abas
1162 3938 1274 3997 contra
1293 3927 1379 3995 XIII

52 4056 84 4106 co
100 4040 291 4104 Romaniam
325 4048 357 4106 et
389 4039 498 4104 moltis
529 4041 563 4104 in
592 4040 812 4123 captiuitatem
844 4039 948 4107 ductis
982 4039 1078 4107 rediit
1106 4048 1138 4106 et
1166 4042 1273 4126 eoepit

100 4148 271 4215 aedificare
293 4150 390 4215 Garis
412 4150 446 4214 in
469 4150 601 4233 regione
622 4150 793 4235 Eupoleos.

185 4261 279 4325 Anno
302 4259 430 4345 imperii
453 4259 624 4326 Iustiniani
653 4267 743 4326 sexto
774 4262 873 4324 mouit
895 4260 1011 4326 Vtham
1041 4261 1200 4328 aduersus
1222 4260 1273 4327 ci-

99 4369 207 4435 liciam
231 4378 262 4435 et
285 4371 385 4434 muita
407 4376 514 4436 eastra
536 4369 634 4434 uerbo
657 4372 790 4455 aceepit.
834 4370 994 4455 proditam
1024 4379 1130 4437 autem
1153 4377 1204 4438 est
1224 4372 1273 4439 eis

169 4644 327 4702 ticenoD
379 4651 445 4702 cet
469 4644 660 4714 8uulgaru1)
713 4651 742 4700 14
761 4613 920 4717 panarii)
1049 4654 1079 4703 tt>
1107 4648 1275 4705 maurmal)

104 4743 133 4792 re
161 4717 344 4807 theophilacti
362 4739 388 4793 b
457 4743 489 4793 ao
508 4738 596 4793 datm
613 4755 666 4794 om.
684 4739 711 4794 c
762 4744 794 4794 aa
813 4740 993 4796 cerastae
1053 4746 1085 4797 nr
1104 4743 1277 4814 tymnnmret

103 4831 127 4886 D
197 4836 227 4885 ²7
253 4815 407 4888 beremdD
475 4837 507 4887 29
525 4833 668 4888 rusticiano
686 4832 720 4888 c
754 4838 787 4888 30
805 4833 921 4904 ceprtD
972 4838 1004 4890 ³³
1028 4813 1093 4891 cut&
1126 4834 1215 4892 tested
1248 4834 1275 4891 D
