2834 5394
541 679 615 728 cnr.
637 681 796 731 xsu-xvr
1202 671 1264 732 495

177 831 358 898 Audierunt
386 832 466 900 haec
495 834 550 920 qui
579 844 672 902 erant
699 855 740 901 ex
768 836 883 903 eastris
906 836 971 902 illis
995 843 1026 900 et
1048 854 1122 903 sese
1144 836 1265 903 mnuie·
1286 838 1347 903 XV

93 950 168 1010 runt
188 944 353 1025 coactique
375 952 488 1010 contra
509 946 735 1031 imperatorem
765 965 881 1032 sapere
904 946 1060 1012 miserunt
1081 946 1125 1011 ad
1147 944 1265 1011 chaia-

92 1076 169 1120 num
192 1055 224 1119 in
241 1054 432 1120 chazariam
455 1063 602 1140 petentes
623 1058 776 1141 populum
796 1056 839 1122 ad
854 1056 1031 1123 custodiam
1049 1055 1108 1122 sui.
1153 1075 1265 1122 uerum

93 1167 177 1231 inter
198 1165 280 1230 baec
302 1165 436 1250 erigitur
457 1172 490 1232 et
510 1167 623 1234 Helias
646 1168 839 1253 spatharius
867 1173 900 1233 et
920 1166 1090 1233 Bardanes
1112 1166 1187 1232 exul
1210 1165 1265 1248 qui

62 1284 168 1341 otum
191 1277 295 1341 iuerat
316 1297 337 1340 a
360 1276 559 1361 cephalonia
586 1283 756 1344 reuocatus
785 1284 918 1362 eratque
945 1297 1016 1342 eum
1045 1278 1150 1344 classe
1177 1275 1264 1360 apud

94 1385 301 1453 chersonem.
345 1407 440 1471 porro
473 1388 647 1472 imperator
679 1388 731 1455 bis
764 1388 900 1472 cognitis
933 1388 1022 1455 misit
1053 1407 1124 1452 enm
1154 1385 1265 1469 paucis

92 1496 302 1562 dromonibus
324 1496 497 1580 Georgium
528 1499 696 1582 patricium
724 1505 935 1582 cognomento
964 1499 1080 1583 Syrum
1109 1504 1142 1564 et
1169 1515 1264 1580 gene·

92 1610 194 1672 ralem
215 1607 410 1691 logothetam
434 1615 466 1673 et
480 1608 658 1674 Iohannem
674 1611 869 1694 praelectum
886 1615 982 1694 atque
997 1605 1262 1693 christophorum

93 1717 298 1784 turmarchen
320 1717 591 1785 Thracesensium
614 1738 685 1784 eum
713 1720 864 1786 trecentis
893 1719 1027 1785 armatis
1055 1717 1187 1784 tradens
1216 1716 1291 1806 eis·

47 1832 77 1881 ¹⁰
94 1827 265 1894 'ludunum
288 1848 326 1892 ac
341 1828 496 1894 Zohelum
518 1829 572 1912 qui
595 1829 750 1895 deberent
765 1830 921 1896 chersoni
945 1829 1072 1895 restitui
1088 1826 1264 1894 secundum

94 1937 179 2022 quod
202 1945 298 2004 antea
320 1938 440 2019 iuerat,
470 1937 512 2003 ad
536 1939 693 2005 rationem
716 1939 915 2005 reddendam
938 1938 1084 2005 chaiano
1107 1958 1165 2023 per
1186 1955 1264 2021 apo-

94 2049 262 2115 crisarium
285 2048 513 2132 ducendosque
536 2048 578 2113 ad
601 2068 636 2115 se
658 2049 786 2115 Heliam
809 2057 905 2134 atque
927 2048 1121 2114 Bardanem.
1147 2046 1263 2130 quibus

93 2158 365 2224 transmeantibus
388 2159 420 2222 in
437 2157 634 2225 chersonem
657 2159 709 2225 his
724 2159 935 2225 chersonitae
956 2159 1112 2224 rationem
1128 2155 1263 2223 reddere

95 2268 261 2352 dedignati
285 2275 371 2350 sunt,
395 2269 428 2333 in
452 2268 625 2334 crastinum
656 2289 732 2334 uero
762 2270 849 2335 solos
870 2269 930 2335 bos
952 2269 1040 2336 ciues
1061 2266 1187 2351 ingredi
1210 2286 1263 2331 ex-

48 2388 76 2436 15
93 2379 212 2445 hortati
235 2385 346 2464 portas
368 2380 551 2444 clauserunt
574 2390 606 2445 et
627 2382 812 2463 generalem
835 2379 964 2464 quidem
988 2377 1183 2463 logothetam
1199 2399 1264 2442 una

93 2510 163 2555 cum
188 2491 348 2575 praelecto
369 2488 479 2572 gladio
502 2488 710 2555 trucidarunt.
755 2489 927 2555 'ludunum
950 2509 1028 2556 uero
1049 2507 1121 2554 cum
1142 2488 1263 2553 Zohelo

94 2608 124 2665 et
152 2601 216 2664 iam
245 2599 329 2663 dicto
358 2599 543 2664 turmarcha
573 2619 731 2665 unacum
755 2600 907 2665 trecentis
929 2599 1085 2666 militibus
1107 2597 1263 2663 chazaris

94 2710 294 2774 tradiderunt
316 2720 347 2772 et
362 2709 404 2772 ad
419 2707 598 2773 chaiannm
615 2710 740 2774 mittere
756 2717 958 2775 curauerunt.
1003 2708 1140 2773 'l'uduno
1156 2714 1262 2774 autern

93 2820 126 2882 in
151 2819 264 2882 itinere
286 2825 409 2882 mortuo
425 2816 563 2882 chazari
587 2819 620 2883 in
644 2819 879 2903 susceptionem
902 2819 972 2886 eius
995 2818 1180 2885 occiderunt
1201 2826 1264 2881 tur-

45 2934 76 2982 20
95 2927 246 2992 marchen
274 2948 339 2991 una
366 2946 435 2991 cum
466 2929 616 2994 trecentis
644 2928 808 2994 militibus.
853 2936 928 2994 tunc
955 2929 988 2994 hi
1011 2929 1066 3012 qui
1089 2926 1263 2993 Chersonis

93 3045 186 3103 erant
208 3044 449 3120 ceterorumque
471 3045 648 3104 castrorum
671 3039 848 3104 Iustiniano
871 3038 1000 3120 quidem
1030 3039 1118 3103 mala
1148 3037 1263 3122 impre-

92 3148 262 3229 caticum,
298 3146 495 3211 Bardanium
525 3167 601 3213 uero
624 3147 839 3233 Philippicum
869 3150 923 3233 qui
951 3149 1016 3214 illic
1039 3149 1143 3215 iuerat
1164 3148 1261 3214 exilio

92 3259 255 3340 relegatus
277 3257 373 3322 etiam
398 3264 431 3322 ut
453 3258 678 3342 imperatorem
701 3258 853 3325 laudibus
876 3260 1066 3325 extulerunt.

177 3367 236 3432 His
265 3369 437 3451 compertis
467 3366 664 3435 lastinianus
693 3379 725 3432 et
753 3370 951 3454 peramplius
986 3369 1153 3436 insaniens
1176 3369 1259 3434 filios
1281 3364 1357 3429 XVI

44 3482 75 3532 75
93 3475 222 3560 quidem
245 3477 360 3541 Heliae
383 3477 547 3561 Spatharii
571 3480 603 3543 in
626 3480 739 3545 matris
763 3479 836 3544 sinu
858 3480 1003 3563 peremit.
1049 3479 1133 3544 bane
1154 3485 1260 3544 autom

91 3586 197 3669 coegit
218 3588 369 3668 coniungi
392 3588 520 3672 proprio
542 3608 644 3671 coquo
667 3591 722 3670 qui
751 3596 821 3654 erat
849 3609 968 3672 genere
990 3589 1100 3656 lndus.
1151 3589 1262 3673 sicque

91 3697 156 3760 alio
179 3697 309 3778 nauigio
333 3704 512 3762 constructo
535 3700 680 3763 hlaurum
704 3700 872 3783 patricium
895 3701 1012 3767 Besum
1037 3699 1146 3782 dirigit
1166 3700 1264 3764 tradi·

91 3807 133 3872 tis
156 3806 185 3870 ei
208 3806 250 3870 ad
273 3806 437 3871 ciuitatum
459 3810 731 3893 expugnationem
755 3810 914 3875 machinis
936 3816 969 3874 et
990 3810 1090 3874 ariete
1112 3809 1262 3892 omnique

90 3916 133 3981 ad
156 3915 245 3982 urbis
266 3916 490 3982 exterminium
512 3919 722 3984 instrumento
751 3920 911 3984 mandans
933 3919 980 3983 illi
1003 3939 1110 3984 muros
1133 3917 1262 4000 quidem

42 4034 73 4086 ³0
91 4024 266 4091 chersonis
299 4046 489 4110 omnemque
524 4027 633 4092 urbem
668 4027 710 4093 ad
740 4036 857 4093 terram
886 4033 1106 4113 prosternere,
1139 4028 1261 4093 nullam

90 4154 165 4199 uero
188 4136 329 4200 animam
352 4155 393 4201 ex
415 4138 488 4221 ipsa
511 4137 675 4202 uiuificare
703 4137 888 4222 crebrisque
919 4157 1003 4222 quae
1038 4145 1262 4221 satagerentur

156 4447 171 4496 3
204 4406 355 4509 gezarrdl)
407 4444 516 4530 belplh
534 4445 560 4499 b
611 4425 798 4498 dcerlondll
865 4424 1032 4513 tpathrrcrb
1064 4442 1090 4498 Ι)
1158 4448 1260 4513 8xpo-

87 4511 192 4589 forie
261 4537 528 4591 tithracehenhuD
595 4542 625 4591 10
643 4519 720 4592 zoelli
739 4535 765 4589 b
816 4537 960 4591 certomll
1033 4541 1060 4590 12
1077 4516 1260 4592 bardamirc

90 4632 120 4680 13
140 4597 292 4684 cerioan)
344 4631 474 4684 cerlonrte
491 4630 517 4684 l)
605 4635 635 4684 16
653 4630 774 4684 zoelol)
863 4635 890 4682 tl
909 4629 1094 4684 turmaebaD
1166 4634 1196 4685 ra
1212 4646 1259 4699 ga-

87 4737 143 4773 zem
161 4719 187 4775 b
255 4723 413 4777 turmaeben
432 4723 457 4777 b
549 4728 581 4777 ld
605 4729 632 4778 et
655 4729 688 4776 30
706 4722 863 4777 cerlomlD
955 4727 986 4776 25
1006 4724 1113 4792 spatam
1134 4722 1158 4777 b
1226 4727 1259 4778 26

88 4829 154 4868 coco
174 4812 199 4867 D
268 4819 298 4869 31
319 4832 388 4885 quae
405 4823 591 4885 satagerentur
610 4817 755 4873 Gratmas:
773 4833 822 4886 que
841 4818 1026 4886 [cogerentur
1044 4815 1097 4871 ΒΡ
