2834 5394
178 247 239 309 446
677 261 768 309 uram
790 261 837 307 xx

177 422 286 479 mento
308 412 422 479 Boibal
451 413 504 477 ubi
535 420 566 478 et
593 412 840 498 hippodromum
863 414 1093 485 aedificauerat
1114 419 1172 486 sed
1201 429 1235 487 et
1269 421 1360 489 istud

175 525 265 591 casui
291 522 389 590 dedit.

23 635 221 705 XXXVIIII
250 634 335 701 Sanc
357 632 489 719 quidam
511 633 744 718 Armeniorum,
773 636 920 721 quicum
943 638 1052 705 Persis
1073 638 1227 723 aderant,
1258 662 1360 709 uene-

176 753 251 811 runt
273 745 315 811 ad
331 747 556 830 imperatorem
572 753 666 811 noctu
681 745 826 814 dieentes
849 747 1021 815 ‘Chosroes
1036 768 1107 814 cum
1122 749 1356 836 elephantibus

177 865 209 922 et
223 856 363 922 exercitu
380 876 437 921 suo
460 855 602 939 quinque
623 856 754 924 milibus
777 865 888 923 eontra
906 860 1062 942 palatium
1079 881 1171 927 suum
1192 863 1354 939 uocabulo
1370 875 1387 924 5

175 966 359 1049 Dastagerd
382 967 415 1030 in
438 966 508 1030 loco
536 976 720 1050 nuncupato
747 968 923 1034 Barasrath
948 977 1214 1038 castrametatus
1238 979 1288 1040 est
1321 981 1354 1039 et

176 1076 341 1142 mandauit
362 1081 462 1141 totum
485 1077 561 1141 illue
583 1078 756 1143 exercitum
779 1080 952 1145 conuenire
973 1088 1007 1146 ut
1029 1080 1187 1148 aduersus
1210 1088 1243 1148 te
1260 1103 1354 1168 proc

175 1188 280 1252 lietur.
325 1196 374 1253 cst
403 1188 489 1253 enim
523 1188 588 1252 illie
616 1195 648 1252 et
680 1188 798 1254 fluuius
820 1189 978 1255 meatibus
1001 1210 1131 1275 carens,
1161 1193 1215 1274 qui
1246 1201 1350 1259 artum

174 1304 304 1383 pontem
327 1296 480 1363 habetet
502 1299 669 1381 angustias
691 1318 771 1381 prae
794 1297 1048 1368 habitationibus
1070 1303 1188 1369 multas
1209 1322 1350 1368 necnon

175 1414 206 1473 ct
229 1408 337 1474 foetidi
361 1409 432 1474 riui.
476 1409 651 1492 imperator
680 1428 756 1493 crgo
786 1410 920 1476 consilio
951 1430 1020 1475 eum
1045 1412 1246 1495 principibus
1269 1414 1349 1479 inito
1366 1422 1397 1472 to

174 1525 207 1585 et
229 1521 388 1585 exereitus
417 1518 501 1585 sedit
529 1520 562 1584 in
590 1519 711 1604 palatio
733 1520 863 1585 Ber-hal.
908 1522 1050 1605 repperit
1082 1522 1203 1608 quippe
1224 1524 1258 1589 in
1283 1545 1348 1590 una

175 1650 215 1697 ex
236 1630 412 1714 porticibus
436 1632 602 1715 saginatas
632 1649 711 1695 aues
737 1636 899 1697 trecentas
928 1638 960 1697 et
988 1633 1021 1696 in
1051 1633 1116 1698 alia
1143 1634 1270 1717 porticu
1298 1653 1349 1700 ca-

174 1760 271 1826 preas
294 1743 461 1824 saginatas
483 1741 694 1824 quingentas,
725 1761 819 1825 porro
849 1742 880 1806 in
910 1742 977 1807 alia
1006 1744 1173 1826 saginatos
1207 1764 1349 1829 onagros

173 1864 308 1924 eentum.
353 1871 457 1935 eaque
485 1853 604 1934 populo
632 1858 746 1916 cuncta
775 1850 908 1916 donauit
937 1859 969 1916 et
995 1853 1154 1920 kalendas
1176 1855 1348 1920 Ianuarias

174 1966 241 2031 illic
262 1965 415 2030 iecerunt.
446 1961 585 2044 donique
607 1961 749 2028 inuentis
771 1961 886 2027 ouibus
908 1969 940 2027 ct
961 1964 1069 2047 porcis
1087 1972 1117 2029 et
1133 1965 1247 2047 bubus,
1272 1985 1348 2049 quo·
1368 1971 1395 2021 ¹⁵

174 2097 244 2141 rum
266 2094 332 2139 uon
355 2080 423 2138 erat
445 2090 612 2152 nutrieras,
641 2071 799 2154 requieuit
826 2074 964 2157 populus
986 2073 1156 2140 uniuersus
1178 2077 1350 2157 epulantes

176 2193 208 2253 et
229 2184 445 2269 glorificantes
468 2182 573 2248 deum.

17 2288 153 2355 XXXX
255 2296 429 2362 Praeterea
444 2292 686 2376 comprehensis
701 2292 753 2359 his
777 2294 830 2377 qui
846 2296 910 2360 ista
924 2294 1141 2368 conterebant,
1165 2293 1348 2360 didicerunt

175 2408 217 2473 ab
239 2407 303 2473 illis
324 2403 478 2490 liquidius
501 2402 585 2488 quod
610 2401 770 2470 Chosroes
800 2424 821 2468 a
842 2404 998 2470 uicesima
1021 2407 1115 2470 tertia
1137 2403 1190 2468 die
1212 2405 1346 2470 Deccm-

172 2518 235 2583 brii
258 2518 379 2583 mensis
403 2524 563 2600 conrpcrto
587 2514 672 2599 quod
687 2516 860 2597 imperator
874 2515 1045 2581 transisset
1060 2522 1189 2599 pontem
1206 2517 1345 2598 Tornae,
1363 2526 1399 2577 ru

172 2627 338 2692 confestim
352 2633 456 2692 motus
471 2626 566 2692 luerit
580 2624 621 2690 de
635 2626 767 2710 palatio,
784 2623 950 2708 quoderat
965 2626 997 2689 iu
1010 2623 1256 2708 Damastagerd,
1273 2647 1346 2692 cum

170 2756 290 2820 magna
312 2735 552 2818 Ctesiphontem
582 2736 744 2801 celeritate
772 2735 945 2818 petiturus,
975 2737 1100 2802 onustis
1128 2755 1168 2800 ex
1196 2736 1345 2803 omnibus

171 2846 317 2929 pecuniis
346 2866 426 2929 quas
449 2845 590 2910 habebat
613 2846 644 2910 iu
667 2845 788 2930 palatio
818 2853 884 2910 tam
913 2846 1140 2931 elephantibus
1170 2866 1264 2929 quam
1295 2864 1345 2910 ca·

170 2957 264 3024 melis
286 2964 382 3041 atque
405 2955 604 3022 burdonibus
626 2956 796 3021 ministerii
820 2957 878 3039 aui,
903 2958 1048 3023 scribens
1070 2967 1100 3021 et
1123 2956 1242 3040 populo
1256 2955 1344 3021 Rha-

172 3068 235 3132 nati
267 3073 301 3131 ut
331 3066 576 3150 ingrederentur
605 3064 690 3130 idem
722 3066 877 3150 palatium
907 3075 939 3132 et
969 3068 1150 3152 principum
1173 3067 1287 3132 domus
1310 3075 1342 3132 et
1360 3075 1397 3125 25

173 3175 324 3259 quicquid
354 3178 387 3240 in
410 3176 462 3241 his
485 3176 684 3242 inueniretur
707 3178 878 3244 auferrent.
922 3179 1032 3263 itaque
1054 3179 1227 3260 imperator
1250 3175 1342 3240 dimi-

172 3285 260 3350 dium
283 3287 411 3370 quidem
444 3285 617 3351 exercitum
639 3286 727 3353 misit.
749 3286 790 3352 ad
813 3287 1059 3372 Damastagerd,
1091 3290 1161 3373 ipse
1185 3306 1262 3352 uero
1284 3305 1343 3369 per

171 3397 267 3462 aliam
293 3397 378 3462 uiam
401 3396 482 3461 abiit
503 3396 544 3460 ad
568 3395 656 3461 aliud
679 3398 843 3480 palatium,
867 3398 951 3481 quod
974 3398 1261 3482 cognominabatur
1282 3397 1344 3459 Be

173 3507 314 3573 hdaraeh
345 3516 376 3574 et
398 3507 450 3574 bis
472 3507 573 3573 ruinis
596 3514 626 3569 ct
649 3505 714 3591 igni
738 3507 865 3572 tra-ditia
894 3510 1017 3590 gratias
1041 3516 1173 3592 egerrrnt
1196 3507 1256 3573 deo
1286 3511 1341 3593 qui

182 3716 393 3725 mmm-...-
405 3714 433 3720 --
452 3715 473 3722 -

242 3851 250 3896 1
279 3845 374 3899 herbar
397 3851 426 3898 ut
452 3845 505 3900 uid.
526 3845 568 3907 Dt
594 3846 693 3900 Bochai
712 3848 874 3900 Arrastasias
959 3833 1124 3915 yppodromri
1142 3845 1168 3899 D
1253 3844 1343 3898 tilla-

168 3938 274 3991 rat'roth
294 3937 333 3997 P,
357 3939 504 3993 Parasroth
532 3937 744 4009 Boapmaiomo
829 3937 1030 4009 nuncupatall
1132 3938 1294 4007 ilrrplretur
1312 3936 1338 3990 D

172 4036 201 4084 10
227 4030 304 4099 fetida
334 4032 368 4096 Ι),
397 4032 494 4086 demde
520 4032 556 4085 ibi
584 4031 647 4085 add.
675 4032 886 4104 Boaqorsimms
996 4037 1024 4085 tl
1052 4031 1151 4085 Beebal
1180 4030 1342 4084 Arrastasius

173 4127 202 4177 22
220 4125 355 4178 trecentos
374 4125 397 4179 ll
466 4124 563 4179 alroI)
668 4130 697 4179 13
716 4125 875 4194 quingentos
892 4125 925 4179 Ιν
995 4127 1108 4193 onagros
1124 4124 1158 4179 Il¹
1246 4128 1275 4176 tt
1294 4137 1339 4176 ea·

169 4221 229 4285 que]
254 4233 305 4287 quo
332 4217 392 4272 al)
451 4223 483 4271 20
501 4217 641 4272 tranum&
660 4218 693 4271 IJ‘
750 4223 781 4272 22
801 4206 977 4289 ctylrphonltd
996 4218 1021 4272 Il
1090 4224 1122 4273 23
1141 4234 1176 4271 rm
1194 4216 1295 4287 palatro
1314 4215 1342 4270 J>

170 4311 202 4359 tl
220 4310 358 4364 ministerii
376 4312 553 4366 dirasduras:
572 4311 682 4367 mrmltn
701 4309 755 4366 ru>
847 4315 880 4365 28
897 4309 1056 4367 Babdaraclr
1077 4312 1104 4366 P
1118 4322 1143 4368 rt
1161 4311 1345 4365 slrrortasius:

167 4400 365 4461 beddaraclrl)
