2834 5394
662 54 669 65 .
731 40 741 61 V

10 39 1020 327 -Ι

524 678 597 726 err.
621 678 840 726 xxx-xxxrrr
1205 666 1267 729 385

92 830 202 897 satori.
231 830 286 915 qui
308 850 344 896 sc
365 830 523 915 paenituit
546 838 579 895 et
600 829 802 897 descendens
825 830 868 895 ud
889 850 961 896 enm
984 830 1016 896 in
1039 830 1200 897 stabulum
1221 831 1268 898 iu·

84 939 202 1007 ·troluit
223 939 330 1007 subito
352 959 425 1004 cum
446 941 630 1024 praeposito
652 940 925 1006 cubiculariorum.
958 941 1138 1007 Baduarius
1158 949 1267 1009 autem

94 1050 167 1117 uiso
188 1049 486 1136 imperatore-fugit
507 1071 527 1115 a
549 1050 618 1115 loco
642 1051 675 1115 irr
697 1051 802 1114 locum
830 1069 888 1133 per
909 1051 1076 1136 superiora
1099 1053 1267 1135 praesepis

93 1178 173 1245 prae
194 1160 309 1226 timore
330 1160 542 1244 imperatoris.
574 1166 607 1224 at
628 1160 801 1244 imperator
823 1161 983 1225 clamabat
1005 1161 1133 1226 ‘adiuro
1156 1168 1187 1228 te
1209 1181 1269 1245 per·

61 1268 190 1336 adeum
213 1271 312 1336 irater
335 1270 376 1334 mi
400 1276 552 1354 exspecta
574 1269 644 1334 me!
676 1278 801 1335 etcum
824 1272 1044 1351 concurrisset,
1071 1272 1173 1336 tenuit
1193 1291 1266 1338 euru

94 1386 127 1447 et
149 1382 352 1464 amplexatus
374 1378 578 1446 deosculatus
601 1385 651 1444 est
672 1379 761 1444 illurn
784 1380 895 1447 (licens
920 1380 1066 1467 ‘peccaui
1089 1382 1146 1447 tibi
1169 1382 1267 1447 trater

92 1491 137 1555 mi
160 1490 218 1557 sed
241 1490 369 1573 suscipe
397 1510 448 1555 me
476 1497 511 1554 ut
541 1490 670 1554 fratrom
693 1496 781 1554 tuum
810 1491 947 1575 primum
976 1500 1009 1557 et
1028 1492 1263 1577 imperatorem.

92 1620 134 1666 ex
155 1600 315 1665 diabolica
343 1600 429 1664 enim
456 1601 643 1682 operatione
672 1600 746 1664 noui
775 1601 860 1684 quod
889 1602 1005 1666 factum
1028 1603 1070 1667 sit
1091 1601 1169 1666 hoc!
1212 1601 1266 1686 qui

91 1709 210 1776 oceidit
230 1710 272 1775 ad
297 1709 398 1794 pedes
420 1710 490 1775 eius
513 1718 544 1775 et
565 1709 647 1776 flens
669 1710 714 1773 ait
738 1708 909 1776 ‘veraciter
930 1711 1059 1777 domine
1074 1718 1265 1802 potestatem

43 1828 76 1876 ¹0
92 1820 206 1889 babes.
236 1839 347 1885 uemm
371 1827 477 1885 tamen
500 1821 534 1885 in
557 1820 743 1905 praeseutia
763 1827 894 1885 serratus
923 1819 1108 1886 deformasti
1138 1840 1264 1886 seruum

92 1941 193 2013 tuum,
209 1928 304 1995 modo
319 1930 448 1995 domine
468 1929 521 1996 his
536 1930 691 1996 rationem
708 1927 814 1995 redde'
830 1937 861 1994 et
876 1929 1068 2007 ostendebat
1082 1930 1112 1995 ei
1128 1931 1265 2013 †equos.

92 2048 127 2105 at
155 2059 232 2105 ucro
260 2040 435 2124 imperator
463 2041 589 2124 rogauit
625 2060 696 2106 eum
734 2059 840 2104 secum
870 2039 1065 2105 manducare
1093 2045 1124 2105 et
1156 2038 1267 2124 pacili-

93 2150 155 2215 eati
178 2157 261 2216 sunt.

177 2259 299 2325 Eodem
323 2280 398 2323 uero
426 2280 511 2324 anno
541 2260 657 2323 lactum
680 2265 730 2324 est
751 2259 870 2323 bellum
894 2259 979 2323 eirea
1001 2258 1184 2342 Sargathon
1207 2259 1267 2323 Ro

45 2374 74 2423 ¹⁵
93 2389 259 2434 manomm
283 2376 378 2453 atque
400 2370 569 2435 Persarum
591 2390 743 2452 maguum
766 2376 798 2434 et
820 2369 965 2434 uicerunt
986 2368 1132 2433 Romani.

176 2480 270 2545 Nouo
292 2499 377 2544 auno
400 2480 524 2564 imperii
546 2480 662 2546 Iustini
684 2479 857 2546 Hormisda
884 2500 942 2545 rex
964 2480 1133 2545 Persarum
1156 2474 1400 2542 Arda-XXXll

92 2609 209 2655 manen
232 2589 344 2654 ducem
371 2591 543 2654 Persarum
566 2589 719 2654 ordinans
748 2591 836 2656 misit
864 2589 1028 2673 regionem
1050 2591 1265 2654 Romanorum

92 2699 282 2785 depopulari
305 2700 358 2782 qui
381 2699 504 2784 pracda
525 2699 625 2762 multa
647 2705 742 2783 capta
764 2718 912 2766 reuersus
928 2705 986 2764 est.
1017 2719 1080 2782 qrro
1102 2702 1265 2782 comporto

92 2809 233 2876 Iustinus
261 2816 484 2875 consternatus
512 2809 596 2872 mole
625 2808 816 2874 calamitatis
849 2809 934 2893 capti
964 2828 1079 2875 seusus
1100 2808 1266 2890 langorem

42 2927 77 2978 2⁰
93 2920 226 2984 incurrit
248 2927 279 2986 et
300 2927 429 3004 pactum
452 2919 557 2982 tacere
579 2918 658 3002 petit
680 2916 872 2984 Hormisdae
902 2917 956 3000 qui
984 2916 1053 2982 fieri
1087 2937 1172 2982 anno
1194 2936 1267 2980 con·

92 3030 203 3096 sensit.
246 3030 389 3095 Iustinus
410 3030 585 3112 imperator
607 3027 771 3091 Tiberium
793 3028 940 3092 comitem
963 3028 1180 3092 excubitorum
1204 3026 1266 3093 sibi

93 3138 193 3204 filium
215 3140 337 3205 taciens
360 3138 533 3204 Caesarem
561 3137 738 3222 appellauit
766 3143 798 3203 ct
825 3156 1044 3203 consessorem
1074 3158 1165 3203 suum
1195 3156 1267 3201 con-

92 3250 195 3315 stituit
215 3256 281 3313 tarn
310 3250 343 3314 in
372 3247 605 3332 lrippodromiis
641 3268 736 3331 quam
766 3248 799 3312 in
828 3247 941 3313 diebus
964 3247 1153 3329 insignibus.
1198 3251 1268 3310 erat

92 3366 201 3426 autem
224 3360 397 3444 imperator
420 3357 555 3440 pedibus
583 3365 696 3442 eaptus
724 3377 762 3423 ae
790 3376 847 3441 per
876 3358 936 3421 lroc
964 3355 1067 3438 magis
1096 3356 1129 3420 in
1151 3354 1267 3419 lentulo

43 3480 76 3530 25
92 3469 212 3536 iacens.

176 3578 353 3644 Vndeeimo
383 3578 508 3662 imperii
539 3578 586 3644 sui
617 3598 702 3641 anno
740 3577 917 3643 construxit
945 3576 1086 3642 lustinus
1115 3594 1267 3658 magnum

93 3688 339 3772 aquaeductum
357 3688 503 3753 Valentis
520 3695 551 3752 et
562 3687 699 3770 largitus
714 3694 763 3752 est
780 3686 848 3751 urbi
862 3686 1078 3771 dapsilitatem
1101 3705 1266 3769 aquarum.

178 3798 376 3863 Duodecimn
393 3798 520 3882 imperii
537 3798 586 3863 sui
605 3818 690 3862 anno
705 3797 849 3863 Iustinus
872 3797 1045 3880 imperator
1068 3816 1266 3880 synagogam

95 3908 324 3990 Hebraeorum,
349 3928 430 3992 quae
446 3915 516 3973 erat
528 3907 809 3991 Constantinopoli
824 3909 857 3972 in
873 3906 1109 3990 Chaleopratiis
1125 3905 1266 3969 ablatum

41 4029 76 4079 30
93 4017 136 4082 ab
159 4017 207 4083 eis
229 4019 304 4084 fecit
332 4018 501 4083 ecelesiam
532 4016 681 4082 dominae
705 4024 835 4082 nostrae
858 4023 988 4082 sanctae
1012 4013 1063 4079 dei
1086 4012 1267 4097 genetricis,

93 4147 176 4211 quae
199 4147 336 4211 magnae
366 4128 513 4211 proxima
536 4134 585 4192 est
613 4127 780 4192 eeclesiae.
824 4132 857 4190 at
886 4145 962 4190 uero
985 4126 1159 4209 imperator
1180 4123 1268 4187 intir-

159 4444 321 4495 9ueratrter
339 4440 365 4494 Ι)
455 4444 484 4492 10
503 4437 605 4491 habeut
620 4437 646 4491 Il
697 4426 803 4505 peentra
821 4440 850 4488 ut
868 4435 923 4491 uid.
943 4435 975 4490 θ’
1069 4439 1098 4488 lt
1120 4434 1203 4503 equos
1217 4432 1269 4488 Pu

92 4533 271 4597 alumnatus,
290 4534 385 4588 ‘tectio
403 4534 508 4603 irrepta·
529 4531 677 4596 Gruterus,
697 4528 728 4580 ιὰ
748 4524 834 4598 ἄλογα
854 4527 1030 4600 lbeoplruaes
1099 4531 1132 4581 20
1149 4498 1270 4594 bormide

91 4625 154 4694 ord
171 4625 276 4681 lrerrI)
344 4631 371 4679 ‘tt
394 4623 553 4695 tylbenul)
610 4628 642 4677 23
664 4622 855 4692 lrippodromiis
875 4623 1092 4694 Bouqarsr'uuus,
1111 4620 1271 4677 tractasse

93 4718 266 4788 yppodromrl
292 4719 332 4784 Ι),
361 4717 543 4787 hippodromrl
560 4715 587 4770 P
686 4721 719 4770 ab
737 4716 872 4771 hebreortt
889 4715 916 4771 1)
1001 4713 1227 4783 conitautrnopoll
1245 4714 1271 4769 ll

93 4812 284 4881 elraleopartiis
303 4811 522 4884 Boaqorsr'arrus,
539 4810 711 4876 Anastasius,
729 4809 824 4864 chalco
838 4807 1007 4879 -pretrrtDP
1054 4812 1087 4862 ³0
1104 4808 1271 4877 gemtrrcrtlt
1373 4840 1383 4863 ·.

137 4905 251 4948 liranorrm
267 4917 385 4948 rrrsonuua
1010 4915 1042 4965 25
