3154 5084
537 371 610 420 ore.
634 374 840 422 xvrur-xxn
1230 357 1273 419 35

116 523 244 590 diffidens
255 525 424 588 Romanae
446 525 515 609 spei
538 545 657 591 nouum
680 528 786 593 scelus
808 525 1124 608 ausaRheginenses
1146 543 1270 605 omnes,

116 635 211 718 quibus
233 634 379 701 subsidio
401 643 559 718 praeerat,
582 636 750 719 interfecit,
773 635 929 720 praedam
952 635 1015 702 sibi
1031 653 1158 700 omnem
1174 641 1271 716 atque

115 745 200 828 ipsum
227 744 381 830 oppidum
410 745 598 811 uindicanit.
642 746 704 811 boc
730 746 855 812 lacinus
885 746 969 812 inter
996 751 1062 810 tam
1096 745 1271 811 sceleratos

114 854 271 922 delectares
293 855 494 940 puniendum
516 855 657 922 (lenutio
673 856 797 922 consuli
819 855 943 923 iussum
966 863 1025 922 est.
1056 855 1111 939 qui
1133 853 1270 922 obsessa

90 964 310 1049 tRbeginorum
332 966 413 1031 urbe
435 967 603 1051 captisque
625 966 774 1032 omnibus
803 965 931 1051 ipsein
953 966 1094 1050 reliquos
1116 964 1271 1050 perfugas

114 1081 139 1138 et
157 1076 287 1142 latrones
311 1076 454 1141 exercuit
475 1076 575 1160 digna
597 1077 773 1162 supplicia,
795 1077 959 1144 Romanos
982 1095 1059 1141 uero
1082 1075 1201 1140 milites
1222 1074 1270 1139 in-

114 1192 206 1268 tegrae
227 1185 366 1269 legionis
387 1188 523 1251 Romam
544 1186 651 1267 misit,
686 1186 741 1271 qui
770 1187 880 1271 populi
903 1187 995 1253 iussu
1015 1185 1123 1252 medio
1145 1186 1179 1250 in
1201 1184 1270 1248 loro

114 1295 199 1379 uirgis
219 1297 306 1362 caesi
329 1304 404 1362 sunt
425 1296 595 1381 securique
616 1297 773 1382 percussi.
817 1297 890 1363 nisa
911 1295 975 1362 sibi
997 1302 1046 1362 est
1072 1298 1174 1361 Roma
1196 1301 1271 1359 tunc

114 1406 224 1470 uincere
245 1425 317 1470 eum
340 1405 499 1488 legionem
523 1427 615 1472 suam
638 1407 797 1490 integram
819 1406 950 1487 occidit,
973 1425 1057 1490 quae
1079 1405 1149 1472 sine
1172 1403 1270 1469 dubio

79 1521 100 1569 1⁰
113 1516 184 1580 uicta
203 1516 326 1598 diisset,
349 1517 377 1582 si
400 1536 471 1581 eam
494 1516 605 1582 hostili
627 1518 751 1602 proelio
773 1513 995 1602 perdidisset>

183 1624 262 1690 Gaio
290 1626 440 1690 Fabricio
469 1627 608 1694 Luscino
638 1625 721 1693 Gaio
750 1626 885 1692 Claudio
924 1625 1051 1691 Canius
1083 1624 1270 1691 consulibus

112 1753 184 1800 auno
204 1736 293 1802 urbis
316 1737 466 1803 conditae
488 1737 806 1821 quadringentesimo
822 1737 1027 1821 sexagesimo
1044 1735 1147 1819 primo
1169 1734 1269 1818 legati

111 1845 307 1912 Alexandrini
337 1847 565 1913 aPtolomaeo
588 1847 679 1914 missi
701 1849 835 1913 Romam
865 1867 983 1914 uenere
1012 1853 1045 1912 et
1073 1865 1093 1910 a
1115 1844 1270 1910 Romanis

111 1957 270 2022 amicitiam
293 1975 390 2041 quarn
413 1959 583 2042 petierant,
605 1959 821 2046 optinuerunt,

78 2067 99 2115 ¹⁵
185 2062 292 2147 <Anno
326 2067 368 2131 ab
405 2068 484 2132 urbe
516 2067 646 2134 condita
682 2066 1000 2152 quadringentesimo
1029 2065 1269 2152 septuagesimo

112 2176 203 2257 primo
224 2177 367 2242 obscena
388 2185 421 2242 et
448 2176 521 2242 dira
542 2177 692 2262 prodigia
720 2179 773 2243 uel
795 2178 868 2244 uisa
888 2179 1011 2244 Rornae
1040 2177 1093 2243 uel
1120 2177 1271 2242 nuntiata

112 2293 184 2350 sunt.
226 2286 327 2352 aedes
350 2287 472 2353 Salutis
495 2287 558 2352 ictu
580 2288 725 2354 fulminis
741 2287 908 2364 dissoluta,
931 2307 1008 2372 pars
1031 2287 1113 2351 muri
1136 2286 1195 2353 sub
1218 2305 1269 2350 eo·

112 2392 174 2459 deni
194 2396 263 2461 loco
286 2396 326 2462 de
349 2398 455 2476 eaelo,
478 2405 513 2462 ut
534 2396 659 2480 dicunt,
683 2405 769 2463 tacta
791 2404 849 2464 est.
894 2397 961 2481 lupi
983 2403 1049 2463 tres
1071 2403 1146 2461 ante
1167 2397 1269 2460 lucem

109 2503 236 2588 ingressi
259 2506 371 2571 urbem
394 2525 554 2573 semesum
576 2507 718 2572 cadauer
739 2507 913 2572 intulerunt
941 2525 1154 2590 sparsumque
1176 2524 1273 2569 menr-

75 2612 215 2680 ²⁰bratim
251 2617 287 2682 in
320 2616 389 2681 loro
419 2617 483 2701 ipsi
513 2618 649 2702 strepitu
685 2617 850 2683 bominum
884 2615 1029 2681 exterriti
1063 2615 1271 2698 reliquerunt.

108 2725 185 2806 apud
205 2725 369 2792 Formiam
398 2727 508 2792 multis
529 2728 646 2793 ictibus
675 2728 842 2792 fulminum
871 2726 1001 2791 moenia
1033 2724 1174 2808 undique
1206 2744 1273 2788 am-

108 2832 193 2900 busta
214 2845 246 2902 et
267 2836 428 2903 dissoluta
450 2843 533 2903 sunt.
571 2837 659 2922 apud
677 2857 789 2920 agrum
807 2836 964 2902 Calenum
986 2843 1119 2921 repente
1140 2833 1272 2899 flamma

108 2945 199 3012 scisso
235 2945 326 3011 biatu
354 2953 460 3012 terrae
489 2955 633 3012 eructata
663 2947 766 3014 tribus
796 2945 911 3012 diebus
933 2946 1100 3029 tribusque
1122 2943 1270 3009 noctibus

107 3055 284 3122 terribiliter
313 3063 509 3122 exaestuans
544 3057 685 3140 quinque
717 3057 789 3140 agri
817 3057 929 3141 iugera
957 3056 1114 3122 exhausto
1143 3053 1273 3138 penitus

73 3165 192 3229 beneco
215 3166 373 3232 ubertatis
406 3166 440 3231 in
459 3167 601 3232 cinerem
625 3162 780 3232 extorruit
814 3167 860 3232 ita
888 3175 922 3232 nt
949 3187 1014 3232 non
1036 3167 1145 3249 fruges
1168 3164 1271 3230 solum

107 3273 208 3340 sedet
231 3275 364 3342 arbores
386 3295 457 3340 eum
480 3275 554 3342 imis
577 3277 732 3362 stirpibus
755 3277 978 3361 absumpsisse
1000 3276 1165 3341 referatur.

179 3385 337 3470 Sequenti
360 3385 479 3451 abhinc
501 3385 603 3470 anno>
626 3385 744 3464 Quinto
768 3385 894 3452 Gulone
922 3386 1025 3451 Fabio
1051 3386 1177 3450 Pictore
1199 3377 1384 3449 con-XXII
1489 3399 1508 3438 s

105 3493 219 3562 solibus
247 3496 398 3560 Picentes
427 3494 546 3560 bellum
575 3515 784 3561 commouere.
835 3493 999 3578 <consules
1028 3495 1162 3561 Publius
1185 3493 1271 3560 Sem·

104 3605 227 3682 pronius
256 3611 290 3670 et
311 3604 437 3689 Appius
460 3603 615 3672 Claudius
638 3606 811 3672 aduersum
833 3605 981 3672 Picentes
1003 3606 1163 3672 duxerunt
1184 3623 1273 3669 exer-

69 3710 91 3758 a
104 3711 199 3778 ritum.
245 3724 373 3780 etcum
396 3713 537 3781 directae
567 3716 652 3782 intra
683 3717 804 3781 iactum
831 3717 889 3783 teli
918 3724 1052 3799 utraque
1081 3715 1168 3781 acies
1200 3732 1273 3778 con-

163 3849 391 3918 tregrnenielD
443 3853 547 3902 3mter
564 3847 623 3914 BP,
641 3864 669 3901 m
687 3847 771 3920 uttho
823 3847 997 3902 trenuttoll
1048 3846 1271 3916 tregmornrnll

107 3943 130 3988 tu
147 3940 253 4011 sugillet
271 3941 299 3996 Ι)
382 3947 407 3994 tt
430 3940 500 3996 Gaio
519 3946 588 4004 (caro
606 3941 640 4007 V)
659 3941 733 3996 labro
753 3940 837 4005 (fauno
857 3941 923 4008 BV)
950 3942 1051 3996 lucinio.
1070 3955 1130 4008 garo
1151 3945 1220 4004 (caro
1237 3939 1269 4000 l't

103 4031 200 4090 claudio
217 4049 318 4089 canum
337 4033 421 4089 BDV
524 4039 552 4088 tr
572 4034 862 4103 auno-pnmoom.D
930 4049 1044 4088 ceoonru
1061 4049 1148 4103 pruno
1167 4039 1187 4098 (1
1211 4051 1270 4088 cru-

103 4140 161 4180 rum
185 4128 210 4180 V
316 4127 780 4196 rapt010m0013‚pt01emcot⁷
888 4133 918 4182 14
936 4127 1112 4182 obtinuerunt
1135 4126 1162 4181 B
1237 4133 1266 4180 at

105 4233 184 4290 nana
203 4221 231 4276 D
320 4223 353 4274 24
371 4236 388 4288 g
407 4221 434 4274 ia
452 4235 546 4289 iugera
563 4237 633 4276 corr,
649 4237 687 4275 ex
704 4220 800 4276 aial)
881 4219 1050 4274 exhaustal)
1153 4225 1185 4276 26
1204 4227 1266 4274 stur·

105 4311 235 4384 usurpo
324 4313 503 4382 iumplrlleD
612 4317 643 4368 27
663 4319 690 4368 et
711 4320 777 4386 post
794 4313 891 4382 gulone
908 4313 970 4366 add.
990 4313 1016 4367 l)
1117 4312 1191 4368 lauro
1210 4313 1270 4368 BV

106 4407 238 4472 ΜΗ
263 4405 297 4476 <>
320 4405 360 4460 Il:
392 4411 419 4460 et
448 4405 482 4460 ab
506 4407 707 4476 insequentibus
729 4407 883 4461 consulibus
904 4406 998 4474 pnblro
1023 4407 1172 4476 sempronio
1196 4409 1267 4470 tirm-

106 4513 190 4564 promo
210 4499 247 4560 Bt
266 4513 350 4570 appio
370 4499 486 4554 claudio.
505 4505 574 4553 unctu
593 4500 653 4555 lunt
671 4499 729 4555 BV
797 4503 829 4554 28
849 4499 1008 4574 lunpronrul
1023 4499 1050 4554 Ι)

1026 4604 1058 4654 3*
