2834 5394
585 48 603 83 ,l

14 33 1028 367 a

509 725 582 774 car.
604 725 808 774 xxvn-xxx
1188 711 1249 774 483

74 877 127 941 lae
148 877 301 961 populum
324 875 589 944 irrationabiliter
620 878 721 943 uoluit
741 877 982 961 transmigrare.
1027 877 1246 947 characterem

75 987 130 1071 qui
153 987 271 1053 missus
293 986 336 1052 ab
357 986 545 1054 Abimeleeh
575 987 679 1055 luerat
706 1007 778 1053 cum
811 987 937 1053 nouiter
970 989 1061 1055 uisus
1094 994 1181 1054 esset
1218 994 1250 1052 et

76 1117 250 1181 numquam
280 1104 379 1163 antea
407 1097 510 1164 iactus
538 1117 603 1163 non
632 1097 771 1165 admisit.
817 1097 988 1163 multitudo
1016 1101 1094 1164 uero
1117 1096 1249 1182 Cyprio

77 1227 146 1272 rum
170 1207 246 1272 dnm
268 1214 471 1273 transmeare
492 1209 656 1289 niteretur,
685 1209 855 1275 submersa
886 1216 936 1274 est
965 1214 997 1274 et
1026 1227 1067 1274 ex
1093 1209 1251 1291 languore

45 1318 215 1402 operibat.
259 1317 374 1402 reliqui
397 1336 473 1382 uero
495 1318 529 1383 in
552 1317 694 1404 Cyprum
718 1319 840 1385 reuersi
862 1324 945 1385 sunt.
991 1325 1023 1384 et
1051 1316 1170 1383 auditis
1198 1317 1250 1383 his

77 1427 262 1494 Abimelech
294 1427 439 1494 satanice
461 1428 630 1495 simulatus
653 1429 788 1513 rogabat
815 1448 857 1494 ne
885 1449 951 1514 pax
979 1429 1156 1494 solueretur
1192 1425 1250 1492 sed

78 1541 257 1624 susciperet
278 1548 440 1603 monetam
464 1559 566 1620 suam,
590 1559 660 1605 cum
684 1540 809 1606 Arabes
831 1559 896 1605 non
919 1539 1121 1623 susciperent
1134 1537 1251 1601 Roma·

77 1669 190 1714 norum
213 1649 404 1716 incisionem
426 1649 461 1713 in
484 1649 551 1716 suis
574 1650 723 1716 nummis.
768 1670 880 1716 uerum
902 1647 978 1714 dato
1008 1648 1152 1733 pondere
1180 1646 1252 1711 auri

78 1760 150 1844 puri
173 1760 220 1824 ait
242 1759 373 1824 ‘nullum
396 1759 551 1825 Romanis
574 1759 727 1825 damnum
749 1760 905 1825 efficietur
932 1777 973 1824 ex
1002 1777 1040 1823 ec
1063 1755 1149 1842 quod
1171 1758 1272 1834 ara·¹

33 1882 63 1931 ιο
79 1869 137 1934 bes
159 1888 245 1934 noua
267 1868 439 1935 cuderent?
483 1876 516 1934 at
537 1869 592 1934 ille
613 1890 741 1955 precem
765 1889 805 1935 ex
826 1869 940 1934 timore
969 1867 1144 1932 arbitratus
1176 1865 1252 1931 effe·

79 1986 161 2043 ctam
185 1998 250 2043 non
270 1979 443 2063 perpendit
464 1978 550 2064 quod
571 1980 712 2046 studium
735 2000 844 2046 eorum
866 1985 952 2045 esset
972 1985 1007 2043 ul
1020 1976 1250 2042 Mardaitarum

79 2089 182 2154 solum
206 2097 421 2173 compesceret
443 2090 580 2174 primum
602 2090 748 2156 incursus
771 2097 803 2155 et
824 2091 871 2155 ita
892 2107 951 2174 per
965 2087 1131 2172 putatiuae
1153 2086 1249 2150 ratio

79 2199 132 2264 nis
154 2199 316 2264 obtentum
339 2219 451 2283 pacem
474 2200 675 2266 dissoluerat.
720 2199 805 2285 quod
827 2183 859 2265 et
881 2199 1074 2264 factumest.
1118 2203 1151 2263 et
1165 2194 1252 2260 misit

79 2307 265 2373 Abimeleeh
288 2307 331 2374 ad
353 2309 590 2375 aedificandum
612 2312 767 2395 templum
790 2310 927 2374 Machan
950 2315 982 2374 et
1003 2308 1105 2373 uoluit
1125 2306 1252 2373 auferre

35 2429 63 2478 15
80 2419 244 2485 columnas
267 2427 398 2484 sauctae
421 2419 650 2488 Getbsemanis
673 2429 705 2486 et
725 2427 919 2504 rogauerunt
941 2439 1013 2485 eum
1030 2418 1162 2502 Sergius
1184 2416 1252 2500 qui·

80 2528 153 2593 dam
178 2529 228 2594 uir
250 2528 547 2612 christianissimus,
572 2531 626 2615 qui
649 2539 718 2597 erat
746 2531 909 2614 generalis
931 2530 1065 2595 Mansur
1085 2526 1251 2611 logotheta

80 2645 112 2703 et
144 2637 241 2703 ualde
274 2639 443 2706 familiaris
476 2639 580 2705 eidem
603 2641 790 2708 Abimelech
824 2648 921 2724 atque
952 2638 1107 2724 patricius
1144 2636 1250 2703 socius

80 2748 151 2814 eius
174 2747 369 2815 Christianis
397 2751 453 2833 qui
481 2757 572 2814 erant
601 2749 634 2814 in
664 2751 851 2818 Palaestina
883 2749 1088 2834 praepositus
1116 2746 1171 2829 qui
1201 2764 1252 2809 eo-

79 2857 329 2940 gnominabatur
352 2857 498 2940 Clausus,
522 2861 723 2944 postulantes
752 2881 793 2927 ne
816 2861 906 2926 fieret
927 2858 989 2922 hoc
1019 2857 1075 2924 sed
1098 2877 1157 2941 per
1179 2875 1253 2938 sup·

32 2981 65 3032 20
82 2966 273 3050 plicationes
296 2988 373 3034 suas
394 2969 605 3053 persuaderet
626 2971 805 3036 Iustiniano
829 2967 976 3034 mittendi
999 2966 1062 3034 sibi
1085 2967 1168 3032 alias
1191 2984 1251 3047 pro

83 3076 141 3141 eis.
187 3076 272 3160 quod
294 3083 326 3142 et
348 3077 465 3143 laetum
488 3087 547 3146 est.

164 3188 259 3251 Anno
282 3188 408 3273 imperii
431 3190 480 3255 sui
504 3191 641 3275 septimo
663 3191 863 3256 lastinianus
886 3188 1024 3272 elegite
1047 3185 1173 3252 Selauis
1196 3184 1252 3265 qui
1273 3176 1374 3244 XXX

81 3317 116 3363 se
148 3296 279 3362 iubente
313 3299 533 3382 migrauerant
565 3300 683 3367 milites
716 3301 849 3384 triginta
878 3299 969 3363 milia
996 3304 1029 3361 et
1050 3294 1183 3361 armatis
1206 3294 1254 3360 eis

81 3407 321 3489 cognominauit
341 3409 415 3475 illos
437 3410 591 3494 populum
614 3411 845 3494 acceptabilem
874 3408 1116 3493 principemque
1144 3405 1179 3469 in
1207 3405 1254 3468 eis

32 3527 64 3577 25
82 3517 241 3581 Nebuluru
264 3518 395 3582 nomine
419 3519 536 3584 statuit.
581 3520 660 3587 fisus
683 3527 788 3585 autern
811 3520 844 3584 in
867 3519 932 3585 illis
948 3517 1077 3602 scripsit
1092 3514 1254 3581 Arabibus

82 3646 145 3704 non
184 3646 218 3692 sc
256 3647 501 3712 permansurum
531 3631 565 3695 in
594 3650 673 3716 pace
703 3651 787 3714 quae
816 3630 934 3714 scripto
964 3633 1166 3693 conuenerat.
1222 3632 1258 3709 et

81 3735 252 3820 adsumpto
285 3739 404 3821 populo
438 3739 628 3824 acceptabili
663 3747 694 3804 et
730 3740 852 3806 cunctis
890 3739 1093 3820 equestribus
1130 3735 1253 3800 militiis

80 3844 160 3909 abiit
182 3845 417 3931 sebastopolim
434 3849 638 3914 maritimam.
682 3849 807 3915 Arabes
829 3856 935 3915 autem
958 3848 1200 3914 dissimulantes
1223 3851 1255 3909 et

80 3974 194 4039 pacem
223 3956 348 4053 soluere
377 3958 508 4024 minime
535 3966 755 4044 proponentes
792 3958 851 4024 sed
879 3958 1086 4043 imperatorio
1115 3974 1253 4021 excessu

32 4074 64 4123 30
82 4071 178 4147 atque
202 4067 352 4148 procacia
373 4065 434 4131 hoc
456 4069 575 4151 agendi
598 4068 784 4133 uiolentiam
806 4068 968 4153 patientes
990 4065 1107 4131 armati
1128 4071 1160 4130 et
1190 4064 1254 4147 ipsi

82 4175 215 4239 ueniunt
238 4176 474 4261 Sebastopolim
498 4184 714 4262 protestantes
736 4198 779 4243 nc
800 4178 976 4263 imperator
998 4196 1080 4260 quae
1103 4175 1137 4239 in
1152 4175 1254 4238 uicem

82 4354 383 4362 ——-—-———..

148 4479 423 4533 tetllhabrlrlmelrc
442 4480 468 4534 I)
514 4479 679 4534 3amrlrt1)
730 4464 882 4536 lldmerla
900 4480 926 4534 Ι)
968 4480 1076 4547 langore
1092 4475 1255 4548 periebatI)

81 4585 95 4629 5
136 4552 256 4647 crpriuD
303 4578 402 4627 betll
422 4572 616 4627 habdimelrcl)
675 4578 704 4627 15
722 4574 898 4642 gethsemami
915 4573 1003 4641 scell
1060 4575 1089 4624 19
1107 4569 1211 4625 claulal
1226 4569 1257 4621 πε·

80 4670 168 4740 fallor
186 4670 219 4722 θ’
295 4671 326 4720 22
345 4665 707 4735 rmpemsm·1utnmanm
734 4667 800 4735 rsuit
815 4664 845 4719 rlr
864 4667 973 4733 leptrmo
992 4663 1018 4718 D
1076 4678 1111 4717 ex
1129 4661 1254 4717 elaurll)

82 4769 114 4817 23
133 4764 251 4829 alluente
269 4760 295 4814 Ι)
407 4764 438 4812 27
458 4740 599 4824 aluiptoD
676 4758 918 4827 rb3irrequeltr1b3
943 4755 1135 4811 sarasan
1220 4758 1253 4808 30

87 4864 180 4925 pcatra
198 4854 224 4908 Ι)

995 4955 1050 5006 ³1*
