3206 5058
314 286 376 349 634
711 295 819 346 nmen
842 295 1082 346 cnrrnvnoavss

222 513 225 520 ¹
346 451 379 502 tt
406 447 499 502 Seueri
516 446 630 502 eruditio
649 451 676 501 et
693 445 783 502 ciuilia
791 445 872 501 111111
922 459 978 500 una
1006 459 1067 500 cum
1093 443 1149 498 illio
1171 435 1304 512 Philippo.
1341 443 1389 497 isti
1410 443 1479 511 primi

310 540 408 598 studia.
444 539 618 595 nouissimum
643 539 742 594 bellum
766 539 794 593 in
811 539 872 594 Bri·
922 539 1114 608 imperatorum
1138 535 1289 590 Christiani
1323 551 1415 590 annus
1432 535 1479 590 llo-

310 635 416 689 tannia:
428 633 538 702 eiusque
547 632 619 702 apud
630 633 784 686 Eboracum
793 646 872 687 mors.
923 643 984 684 mae
1000 629 1127 685 conditae
1144 628 1299 684 millesimus
1325 629 1481 684 celebratae

311 725 359 782 dlii
376 726 429 782 duo
448 739 618 782 successores
635 725 728 780 relicti.
925 722 1005 778 ambo
1022 723 1197 790 imperatores
1214 721 1250 777 ab
1268 722 1391 776 exercitu
1409 722 1481 776 inte-

347 825 379 876 13
414 820 567 874 Antoninus
587 818 727 874 Caracalla
744 817 809 872 XXI
825 815 874 872 im·
924 816 999 872 fecti.
1033 814 1152 883 Philippi
1168 815 1280 869 iunioris
1301 816 1455 871 meteritaa

312 919 430 983 perator.
449 912 521 967 unde
537 911 800 980 itacognominatus.
817 910 874 966 fra·
959 912 993 963 29
1034 906 1135 962 Decius
1175 907 1321 976 imperator
1366 908 1483 962 XXl'HI

310 1012 467 1062 tromsuam
484 1005 580 1062 11111111
598 1005 711 1073 perimit.
734 1004 795 1059 ideo
813 1008 876 1072 post
925 1001 1040 1072 septima
1073 999 1287 1056 Christianorum
1328 1003 1485 1070 persecuto.

314 1099 469 1154 lniurorem
477 1099 578 1168 lapsus.
597 1097 750 1154 Alexander
758 1097 873 1166 Magnus
924 1102 1001 1165 gaeta
1018 1093 1094 1148 Decii
1121 1099 1148 1147 et
1174 1108 1269 1148 mores.
1305 1094 1407 1150 bellum
1433 1111 1486 1149 cum
1537 1159 1538 1164 η

315 1191 444 1261 appellari
470 1191 537 1246 uult
577 1191 777 1246 Antoninianae
800 1190 873 1244 ther·
926 1187 1032 1252 Gothia,
1064 1201 1118 1256 quo
1154 1201 1217 1240 eum
1242 1185 1297 1242 lilio
1323 1201 1378 1242 ano
1406 1187 1486 1256 periit.
1538 1168 1539 1252 1

316 1299 383 1339 mae.
420 1284 477 1339 eius
493 1283 585 1348 libido,
603 1284 649 1354 qui
666 1299 812 1339 nouercam
822 1283 875 1338 aci·
926 1281 1027 1336 Valens
1041 1279 1199 1336 Licinianus
1215 1280 1365 1348 imperator
1382 1281 1488 1335 effectus
1539 1264 1540 1356 1

315 1377 379 1432 licet
407 1392 518 1432 uxorem
552 1377 668 1432 duxerit.
721 1375 878 1432 caracallae
928 1380 956 1428 et
972 1373 1064 1428 statim
1080 1371 1196 1428 occiana.
1540 1360 1541 1436 1

316 1471 447 1526 interitus.
483 1469 586 1541 Opilius
608 1470 746 1526 Mauricus
763 1470 877 1539 impera-
964 1471 997 1521 311
1045 1466 1141 1522 Gallus
1182 1465 1328 1534 imperator
1364 1465 1489 1524 11111111]
1541 1454 1542 1514 1

317 1571 362 1618 tor
378 1563 464 1618 XXII.
484 1579 539 1618 una
556 1579 617 1618 cum
634 1563 690 1618 lilio
700 1561 878 1618 Diadumeno.
930 1575 992 1628 oum
1026 1561 1081 1617 illio
1107 1563 1263 1622 Volusiano.
1324 1565 1490 1621 Hostilianas
1542 1550 1543 1592 1

317 1657 400 1713 breue
416 1658 555 1726 imperium
573 1671 679 1720 eorum,
703 1655 763 1710 dein
787 1669 879 1711 caeso·
930 1653 1079 1724 imperator
1102 1664 1211 1713 creetsm
1244 1674 1309 1714 mox
1339 1657 1490 1728 pestilentie
1543 1646 1544 1674 1

316 1767 376 1806 rum
394 1765 411 1804 a
428 1751 555 1804 militibus
572 1750 636 1804 suis.
931 1747 1009 1816 perit
1043 1749 1208 1806 Aemilianus
1230 1751 1259 1806 in
1280 1751 1387 1807 Moesia
1411 1753 1491 1820 impe·
1544 1740 1545 1764 ¹

352 1847 385 1898 11
411 1843 601 1912 Heliogabalus
618 1843 711 1898 XXIII
727 1844 880 1914 imperator.
931 1846 1008 1896 rator
1030 1841 1149 1898 effectus.
1184 1845 1379 1916 imperatorum
1404 1851 1493 1901 conus
1545 1836 1546 1842 '

318 1935 390 1992 unde
406 1935 565 2006 appellatus.
599 1937 679 1993 bomo
700 1936 807 2007 probris
824 1951 881 1992 om·
934 1947 994 1988 eum
1012 1935 1163 2004 expeditio,
1182 1937 1377 2008 amborumque
1393 1937 1493 1994 caedes.

319 2029 398 2083 nibus
415 2029 608 2098 pollutissImus
634 2036 661 2083 et
683 2029 880 2099 spurcissImua.
933 2027 1086 2095 pestilentia
1094 2031 1194 2098 111111.
1211 2031 1353 2086 Aemiliani
1365 2031 1493 2087 Intentus

319 2122 377 2177 eius
395 2121 491 2177 caedes
509 2127 536 2176 et
553 2123 639 2191 turpis
656 2123 789 2177 interitus.
967 2123 998 2174 ³1
1034 2121 1196 2178 Valerianus
1237 2124 1385 2194 imperator
1421 2121 1493 2178 XXX

355 2219 386 2269 25
422 2215 574 2270 Alexander
598 2214 713 2270 Seuems
736 2215 883 2284 imperator
933 2227 995 2266 cum
1013 2213 1136 2270 Gallieno
1158 2215 1221 2272 filio.
1257 2215 1387 2272 Germani
1415 2232 1494 2286 usque

321 2307 434 2362 XXllII.
469 2308 584 2363 uictoria
607 2308 664 2362 eius
688 2307 721 2362 de
737 2323 798 2377 rege
815 2307 881 2362 Per·
933 2304 968 2360 ad
986 2305 1145 2363 1111111111
1168 2311 1338 2380 perueniunt.
1374 2311 1495 2380 Regillis·

320 2417 419 2458 aarum.
454 2402 585 2456 seueritas
610 2401 638 2455 in
656 2401 796 2471 disciplina
814 2401 882 2456 mili·
933 2414 985 2454 nus
1010 2400 1165 2458 Postumius
1199 2403 1338 2459 Lollianus
1372 2403 1494 2458 Aemilia·

321 2496 374 2550 tari
395 2495 489 2564 ipsius.
526 2495 656 2564 leianue
673 2494 717 2549 10.
754 2493 882 2564 Origenes
934 2509 985 2548 nus
1019 2493 1118 2550 Valens
1150 2497 1285 2552 Aureolus
1325 2497 1441 2552 diuersis
1471 2497 1496 2550 in

321 2589 469 2659 presbyter.
504 2587 639 2643 Mammea
664 2593 749 2642 mater
766 2589 883 2644 Alexan·
935 2587 1086 2656 regionibus
1109 2589 1249 2658 imperium
1266 2591 1408 2660 arripiunt
1444 2591 1494 2644 Go-

323 2681 372 2746 dri,
397 2681 557 2735 Christiana.
594 2681 706 2736 Taurini
729 2681 756 2735 iu
782 2680 885 2735 oriente
935 2680 1043 2735 thorum
1060 2683 1172 2751 irruptio
1191 2689 1218 2736 et
1234 2683 1406 2738 Herulorum.
1446 2683 1495 2736 Va·

323 2773 437 2841 Augusti
454 2773 543 2830 effecti
558 2774 689 2828 interitus.
707 2779 844 2843 arreptum
858 2779 886 2827 et
936 2772 1055 2828 lerianus
1082 2791 1099 2829 a
1126 2774 1230 2844 Sapore
1263 2776 1411 2831 Persarum
1441 2790 1497 2844 rege

323 2868 462 2937 imperium
489 2867 561 2937 apud
585 2867 687 2922 Gallias
704 2882 722 2921 a
739 2867 885 2921 Maximino
937 2869 1045 2937 capitur
1060 2869 1141 2937 inque
1158 2868 1267 2938 ignobili
1286 2870 1418 2924 seudtute
1438 2885 1497 2924 con·

323 2961 523 3030 Alexandrique
540 2959 644 3014 coedes.
662 2960 781 3015 eiusdem
798 2961 884 3030 pietas
938 2961 1061 3016 senescit
1096 2967 1196 3016 octaua
1209 2961 1422 3017 Christianorum
1442 2975 1498 3032 per·

324 3069 387 3123 erga
410 3061 530 3109 mauem.
938 3054 1048 3108 secutio.

358 3150 392 3200 211
426 3145 589 3201 Maximinus
624 3147 770 3216 imperator
801 3145 886 3200 XXV.
972 3150 1005 3200 31
1040 3145 1178 3202 Gallienus
1201 3147 1286 3202 amori
1309 3147 1436 3217 pellitam
1457 3147 1499 3202 de·

324 3238 423 3292 bellum
442 3239 630 3293 Germanicum
655 3238 769 3294 feliciter
795 3240 830 3296 ab
855 3255 887 3294 eo
938 3241 1018 3294 ditus.
1052 3239 1176 3294 iuuenem
1199 3239 1305 3309 quaidem
1331 3257 1392 3296 eum
1418 3240 1500 3296 multa

323 3338 436 3400 gestum.
470 3331 584 3386 saeuitia
601 3332 657 3387 eius
679 3331 707 3386 in
730 3338 822 3388 sontes
846 3333 887 3388 in·
939 3340 1047 3388 strenue
1062 3332 1171 3397 iecisse,
1196 3347 1258 3387 mox
1281 3335 1309 3388 in
1334 3349 1440 3390 omnem
1464 3335 1499 3390 la·

325 3431 476 3495 sontesque.
517 3425 674 3481 interiectus
701 3441 762 3481 cum
787 3426 842 3481 lilio
872 3441 889 3480 a
940 3427 1051 3482 sciuiam
1086 3425 1234 3480 resolutum
1276 3441 1333 3482 rem
1367 3429 1500 3497 publicam

325 3517 462 3574 militibus.
503 3519 653 3588 persecutIo
677 3518 889 3574 Christianorum
940 3535 1048 3589 pessum
1076 3517 1182 3574 dedisse
1211 3525 1431 3590 quantopereque
1456 3537 1500 3576 us·

325 3617 412 3668 sexta.
940 3613 988 3668 riis
1010 3613 1039 3666 in
1055 3612 1122 3666 locis
1147 3611 1287 3682 imperium
1311 3612 1394 3668 fuerit
1419 3615 1501 3669 immi·

361 3711 392 3760 11
429 3705 583 3762 Gordianus
615 3707 760 3776 imperator
790 3705 888 3760 XXVI.
941 3711 1044 3760 nutum.

327 3799 434 3854 Balbini
468 3805 495 3856 et
527 3799 641 3869 Pupieni
673 3799 779 3855 caedes.
830 3799 889 3853 Iani
976 3803 1009 3853 33
1038 3799 1192 3854 Postumius
1209 3799 1237 3853 in
1252 3797 1342 3854 Galba
1359 3817 1503 3870 purpuram

327 3899 422 3962 portae
432 3897 550 3962 apertae.
567 3893 698 3948 Gordiani
713 3893 812 3948 bellum
830 3908 890 3947 oum
942 3892 1024 3946 sumit
1040 3906 1093 3961 quo
1111 3891 1253 3947 Interfecto
1270 3891 1375 3947 Marius
1398 3894 1504 3962 etipse

329 3985 437 4040 Parthis
460 3985 573 4040 feliciter
598 3994 709 4054 gestum.
744 3987 801 4042 eiua
818 4001 891 4040 mors
941 3985 1033 4040 statim
1049 3985 1165 4049 occisus,
1183 3985 1243 4040 exin
1261 3983 1435 4042 Victorianus
1454 4003 1502 4041 nec

328 4078 424 4133 fraude
436 4077 553 4148 Philippi
570 4079 656 4149 praei.
666 4079 794 4148 praetorii
809 4080 891 4134 inter·
942 4079 1000 4148 ipse
1034 4079 1080 4132 diu
1115 4091 1238 4146 regnans.
1281 4077 1345 4132 huic
1376 4081 1506 4135 successit

329 4171 402 4227 iecti.
427 4173 580 4242 sepulcrum
591 4173 728 4227 Gordiani.
755 4173 807 4227 uiri
820 4171 893 4228 docti
944 4172 1076 4227 Tetricus.
1117 4171 1249 4226 Odaenati
1275 4171 1415 4238 praeclare
1431 4179 1505 4242 gesta

330 4271 386 4320 tum
403 4267 532 4336 temporis
548 4265 672 4334 insignes.
944 4265 972 4320 in
998 4265 1108 4320 oriente.
1150 4263 1265 4318 Gallieni
1292 4263 1423 4320 aduersus
1450 4269 1503 4320 An·

363 4363 396 4413 ‘28
430 4359 572 4428 Philippus
603 4359 749 4428 imperator
783 4358 893 4414 XXVII.
944 4359 1046 4414 reolum
1064 4355 1197 4426 expeditio
1215 4363 1242 4411 et
1259 4355 1363 4412 caedes.
