<?xml version="1.0" encoding="UTF-8"?>
<!DOCTYPE html PUBLIC "-//W3C//DTD XHTML 1.0 Transitional//EN"
    "http://www.w3.org/TR/xhtml1/DTD/xhtml1-transitional.dtd">
<html xmlns="http://www.w3.org/1999/xhtml" xml:lang="en" lang="en">
 <head>
  <title>
</title>
<meta http-equiv="Content-Type" content="text/html;charset=utf-8" />
  <meta name='ocr-system' content='tesseract 3.04.00' />
  <meta name='ocr-capabilities' content='ocr_page ocr_carea ocr_par ocr_line ocrx_word'/>
</head>
<body>
  <div class='ocr_page' id='page_1' title='image "./historiamiscell00sagagoog_0489.png"; bbox 0 0 2834 5394; ppageno 0'>
   <div class='ocr_carea' id='block_1_1' title="bbox 10 39 1036 351">
    <p class='ocr_par' dir='ltr' id='par_1_1' title="bbox 10 39 1036 351">
     <span class='ocr_line' id='line_1_1' title="bbox 10 39 1036 351; baseline -0.005 -1"><span class='ocrx_word' id='word_1_1' title='bbox 10 39 1036 351; x_wconf 65' lang='lat' dir='ltr'>u</span> 
     </span>
     <span class='ocr_line' id='line_1_2' title="bbox 598 130 674 197; baseline 0 0"><span class='ocrx_word' id='word_1_2' title='bbox 598 130 674 197; x_wconf 64' lang='lat' dir='ltr'><strong>rr.-</strong></span> 
     </span>
    </p>
   </div>
   <div class='ocr_carea' id='block_1_2' title="bbox 577 714 1280 775">
    <p class='ocr_par' dir='ltr' id='par_1_2' title="bbox 577 714 1280 775">
     <span class='ocr_line' id='line_1_3' title="bbox 577 714 1280 775; baseline 0.009 -6"><span class='ocrx_word' id='word_1_3' title='bbox 577 721 651 770; x_wconf 79' lang='lat' dir='ltr'><strong>csr.</strong></span> <span class='ocrx_word' id='word_1_4' title='bbox 673 722 829 772; x_wconf 86' lang='lat' dir='ltr'><strong>xv-xvn</strong></span> <span class='ocrx_word' id='word_1_5' title='bbox 1217 714 1280 775; x_wconf 80' lang='lat'><strong>475</strong></span> 
     </span>
    </p>
   </div>
   <div class='ocr_carea' id='block_1_3' title="bbox 53 870 1390 4139">
    <p class='ocr_par' dir='ltr' id='par_1_3' title="bbox 58 870 1287 2497">
     <span class='ocr_line' id='line_1_4' title="bbox 105 870 1281 962; baseline 0.008 -25"><span class='ocrx_word' id='word_1_6' title='bbox 105 893 219 937; x_wconf 91' lang='lat' dir='ltr'><strong>norum</strong></span> <span class='ocrx_word' id='word_1_7' title='bbox 241 870 397 938; x_wconf 89' lang='lat' dir='ltr'><strong>diuinitus</strong></span> <span class='ocrx_word' id='word_1_8' title='bbox 418 874 579 939; x_wconf 90' lang='lat' dir='ltr'><strong>muniatur</strong></span> <span class='ocrx_word' id='word_1_9' title='bbox 601 880 633 940; x_wconf 88' lang='lat' dir='ltr'><strong>ot</strong></span> <span class='ocrx_word' id='word_1_10' title='bbox 654 872 764 958; x_wconf 81' lang='lat' dir='ltr'><strong>dirigit</strong></span> <span class='ocrx_word' id='word_1_11' title='bbox 784 875 909 957; x_wconf 87' lang='lat' dir='ltr'><strong>legatos</strong></span> <span class='ocrx_word' id='word_1_12' title='bbox 931 873 974 939; x_wconf 90' lang='lat' dir='ltr'><strong>ad</strong></span> <span class='ocrx_word' id='word_1_13' title='bbox 996 875 1174 962; x_wconf 87' lang='lat' dir='ltr'><strong>principem</strong></span> <span class='ocrx_word' id='word_1_14' title='bbox 1196 877 1281 946; x_wconf 81' lang='lat' dir='ltr'><strong>Gon·</strong></span> 
     </span>
     <span class='ocr_line' id='line_1_5' title="bbox 106 982 1280 1072; baseline 0.007 -24"><span class='ocrx_word' id='word_1_15' title='bbox 106 982 281 1048; x_wconf 81' lang='lat' dir='ltr'><strong>stantinum</strong></span> <span class='ocrx_word' id='word_1_16' title='bbox 302 982 472 1067; x_wconf 90' lang='lat' dir='ltr'><strong>postulans</strong></span> <span class='ocrx_word' id='word_1_17' title='bbox 493 1002 606 1069; x_wconf 84' lang='lat' dir='ltr'><strong>pacem</strong></span> <span class='ocrx_word' id='word_1_18' title='bbox 629 990 661 1050; x_wconf 92' lang='lat' dir='ltr'><strong>et</strong></span> <span class='ocrx_word' id='word_1_19' title='bbox 682 984 846 1069; x_wconf 77' lang='lat' dir='ltr'><strong>pollicitus</strong></span> <span class='ocrx_word' id='word_1_20' title='bbox 867 984 1023 1051; x_wconf 89' lang='lat' dir='ltr'><strong>annualia</strong></span> <span class='ocrx_word' id='word_1_21' title='bbox 1043 1005 1078 1052; x_wconf 87' lang='lat' dir='ltr'><strong>se</strong></span> <span class='ocrx_word' id='word_1_22' title='bbox 1092 987 1280 1072; x_wconf 88' lang='lat' dir='ltr'><strong>imperatori</strong></span> 
     </span>
     <span class='ocr_line' id='line_1_6' title="bbox 105 1093 1279 1182; baseline 0.008 -26"><span class='ocrx_word' id='word_1_23' title='bbox 105 1099 200 1177; x_wconf 89' lang='lat' dir='ltr'><strong>pacta</strong></span> <span class='ocrx_word' id='word_1_24' title='bbox 226 1093 374 1158; x_wconf 86' lang='lat' dir='ltr'><strong>laturum.</strong></span> <span class='ocrx_word' id='word_1_25' title='bbox 418 1099 471 1160; x_wconf 90' lang='lat' dir='ltr'><strong>ast</strong></span> <span class='ocrx_word' id='word_1_26' title='bbox 497 1093 671 1178; x_wconf 90' lang='lat' dir='ltr'><strong>imperator</strong></span> <span class='ocrx_word' id='word_1_27' title='bbox 698 1093 831 1160; x_wconf 89' lang='lat' dir='ltr'><strong>huiusce</strong></span> <span class='ocrx_word' id='word_1_28' title='bbox 858 1093 946 1160; x_wconf 90' lang='lat' dir='ltr'><strong>modi</strong></span> <span class='ocrx_word' id='word_1_29' title='bbox 973 1095 1090 1178; x_wconf 87' lang='lat' dir='ltr'><strong>legatis</strong></span> <span class='ocrx_word' id='word_1_30' title='bbox 1119 1099 1279 1182; x_wconf 75' lang='lat' dir='ltr'><strong>susceptis</strong></span> 
     </span>
     <span class='ocr_line' id='line_1_7' title="bbox 106 1202 1280 1290; baseline 0.008 -24"><span class='ocrx_word' id='word_1_31' title='bbox 106 1220 279 1286; x_wconf 88' lang='lat' dir='ltr'><strong>eorumque</strong></span> <span class='ocrx_word' id='word_1_32' title='bbox 300 1203 455 1287; x_wconf 89' lang='lat' dir='ltr'><strong>petitione</strong></span> <span class='ocrx_word' id='word_1_33' title='bbox 476 1202 590 1270; x_wconf 90' lang='lat' dir='ltr'><strong>audita</strong></span> <span class='ocrx_word' id='word_1_34' title='bbox 610 1202 785 1271; x_wconf 87' lang='lat' dir='ltr'><strong>destinauit</strong></span> <span class='ocrx_word' id='word_1_35' title='bbox 806 1223 877 1269; x_wconf 91' lang='lat' dir='ltr'><strong>cum</strong></span> <span class='ocrx_word' id='word_1_36' title='bbox 899 1205 948 1271; x_wconf 89' lang='lat' dir='ltr'><strong>cis</strong></span> <span class='ocrx_word' id='word_1_37' title='bbox 971 1205 1005 1270; x_wconf 94' lang='lat' dir='ltr'><strong>in</strong></span> <span class='ocrx_word' id='word_1_38' title='bbox 1020 1206 1148 1290; x_wconf 79' lang='lat' dir='ltr'><strong>Syriam</strong></span> <span class='ocrx_word' id='word_1_39' title='bbox 1164 1206 1280 1275; x_wconf 88' lang='lat' dir='ltr'><strong>Iohan-</strong></span> 
     </span>
     <span class='ocr_line' id='line_1_8' title="bbox 71 1313 1280 1401; baseline 0.005 -23"><span class='ocrx_word' id='word_1_40' title='bbox 71 1320 180 1378; x_wconf 69' lang='lat' dir='ltr'><strong>5nem</strong></span> <span class='ocrx_word' id='word_1_41' title='bbox 200 1313 372 1397; x_wconf 88' lang='lat' dir='ltr'><strong>patricium</strong></span> <span class='ocrx_word' id='word_1_42' title='bbox 393 1319 604 1397; x_wconf 89' lang='lat' dir='ltr'><strong>cognomento</strong></span> <span class='ocrx_word' id='word_1_43' title='bbox 619 1313 824 1397; x_wconf 86' lang='lat' dir='ltr'><strong>Pitzigaudiu</strong></span> <span class='ocrx_word' id='word_1_44' title='bbox 846 1321 1009 1398; x_wconf 77' lang='lat' dir='ltr'><strong>tamquam</strong></span> <span class='ocrx_word' id='word_1_45' title='bbox 1030 1315 1183 1400; x_wconf 90' lang='lat' dir='ltr'><strong>antiquae</strong></span> <span class='ocrx_word' id='word_1_46' title='bbox 1204 1337 1280 1401; x_wconf 93' lang='lat' dir='ltr'><strong>pro-</strong></span> 
     </span>
     <span class='ocr_line' id='line_1_9' title="bbox 106 1422 1277 1512; baseline 0.005 -24"><span class='ocrx_word' id='word_1_47' title='bbox 106 1422 219 1507; x_wconf 89' lang='lat' dir='ltr'><strong>sapiae</strong></span> <span class='ocrx_word' id='word_1_48' title='bbox 246 1422 464 1508; x_wconf 86' lang='lat' dir='ltr'><strong>reipublicae</strong></span> <span class='ocrx_word' id='word_1_49' title='bbox 492 1423 596 1488; x_wconf 90' lang='lat' dir='ltr'><strong>uirum</strong></span> <span class='ocrx_word' id='word_1_50' title='bbox 630 1430 662 1489; x_wconf 93' lang='lat' dir='ltr'><strong>et</strong></span> <span class='ocrx_word' id='word_1_51' title='bbox 690 1424 862 1489; x_wconf 91' lang='lat' dir='ltr'><strong>multorum</strong></span> <span class='ocrx_word' id='word_1_52' title='bbox 883 1425 1085 1508; x_wconf 86' lang='lat' dir='ltr'><strong>negotiorum</strong></span> <span class='ocrx_word' id='word_1_53' title='bbox 1108 1435 1277 1512; x_wconf 86' lang='lat' dir='ltr'><strong>expertum</strong></span> 
     </span>
     <span class='ocr_line' id='line_1_10' title="bbox 105 1532 1279 1622; baseline 0.008 -26"><span class='ocrx_word' id='word_1_54' title='bbox 105 1537 202 1616; x_wconf 90' lang='lat' dir='ltr'><strong>atque</strong></span> <span class='ocrx_word' id='word_1_55' title='bbox 223 1551 375 1616; x_wconf 91' lang='lat' dir='ltr'><strong>magnam</strong></span> <span class='ocrx_word' id='word_1_56' title='bbox 397 1540 602 1600; x_wconf 85' lang='lat' dir='ltr'><strong>consecutum</strong></span> <span class='ocrx_word' id='word_1_57' title='bbox 630 1532 834 1618; x_wconf 81' lang='lat' dir='ltr'><strong>prudentiam</strong></span> <span class='ocrx_word' id='word_1_58' title='bbox 863 1532 906 1598; x_wconf 90' lang='lat' dir='ltr'><strong>ad</strong></span> <span class='ocrx_word' id='word_1_59' title='bbox 927 1534 1158 1620; x_wconf 88' lang='lat' dir='ltr'><strong>disputandum</strong></span> <span class='ocrx_word' id='word_1_60' title='bbox 1179 1539 1279 1622; x_wconf 86' lang='lat' dir='ltr'><strong>aptis·</strong></span> 
     </span>
     <span class='ocr_line' id='line_1_11' title="bbox 106 1642 1277 1729; baseline 0.005 -22"><span class='ocrx_word' id='word_1_61' title='bbox 106 1642 189 1707; x_wconf 88' lang='lat' dir='ltr'><strong>sime</strong></span> <span class='ocrx_word' id='word_1_62' title='bbox 210 1661 281 1707; x_wconf 91' lang='lat' dir='ltr'><strong>cum</strong></span> <span class='ocrx_word' id='word_1_63' title='bbox 296 1642 459 1710; x_wconf 82' lang='lat' dir='ltr'><strong>Arabibus</strong></span> <span class='ocrx_word' id='word_1_64' title='bbox 482 1650 515 1709; x_wconf 91' lang='lat' dir='ltr'><strong>et</strong></span> <span class='ocrx_word' id='word_1_65' title='bbox 536 1662 619 1728; x_wconf 89' lang='lat' dir='ltr'><strong>quae</strong></span> <span class='ocrx_word' id='word_1_66' title='bbox 641 1643 732 1728; x_wconf 92' lang='lat' dir='ltr'><strong>pacis</strong></span> <span class='ocrx_word' id='word_1_67' title='bbox 753 1649 828 1709; x_wconf 92' lang='lat' dir='ltr'><strong>sunt</strong></span> <span class='ocrx_word' id='word_1_68' title='bbox 842 1662 982 1709; x_wconf 90' lang='lat' dir='ltr'><strong>consone</strong></span> <span class='ocrx_word' id='word_1_69' title='bbox 999 1646 1277 1729; x_wconf 88' lang='lat' dir='ltr'><strong>praestruendum.</strong></span> 
     </span>
     <span class='ocr_line' id='line_1_12' title="bbox 105 1751 1287 1841; baseline 0.005 -26"><span class='ocrx_word' id='word_1_70' title='bbox 105 1751 255 1834; x_wconf 91' lang='lat' dir='ltr'><strong>quicum</strong></span> <span class='ocrx_word' id='word_1_71' title='bbox 277 1753 423 1820; x_wconf 89' lang='lat' dir='ltr'><strong>uenisset</strong></span> <span class='ocrx_word' id='word_1_72' title='bbox 442 1752 477 1818; x_wconf 93' lang='lat' dir='ltr'><strong>in</strong></span> <span class='ocrx_word' id='word_1_73' title='bbox 500 1753 637 1838; x_wconf 82' lang='lat' dir='ltr'><strong>Syriam,</strong></span> <span class='ocrx_word' id='word_1_74' title='bbox 661 1753 905 1819; x_wconf 87' lang='lat' dir='ltr'><strong>coaceruations</strong></span> <span class='ocrx_word' id='word_1_75' title='bbox 926 1754 1076 1821; x_wconf 87' lang='lat' dir='ltr'><strong>Manhias</strong></span> <span class='ocrx_word' id='word_1_76' title='bbox 1103 1763 1170 1821; x_wconf 90' lang='lat' dir='ltr'><strong>tam</strong></span> <span class='ocrx_word' id='word_1_77' title='bbox 1191 1756 1287 1841; x_wconf 76' lang='lat' dir='ltr'><strong>Ami·¹</strong></span> 
     </span>
     <span class='ocr_line' id='line_1_13' title="bbox 58 1862 1278 1948; baseline 0.006 -23"><span class='ocrx_word' id='word_1_78' title='bbox 58 1869 233 1926; x_wconf 82' lang='lat' dir='ltr'><strong>torcorum</strong></span> <span class='ocrx_word' id='word_1_79' title='bbox 261 1883 358 1947; x_wconf 90' lang='lat' dir='ltr'><strong>quam</strong></span> <span class='ocrx_word' id='word_1_80' title='bbox 385 1862 615 1929; x_wconf 80' lang='lat' dir='ltr'><strong>Ourasinorum</strong></span> <span class='ocrx_word' id='word_1_81' title='bbox 644 1862 758 1928; x_wconf 81' lang='lat' dir='ltr'><strong>effecta</strong></span> <span class='ocrx_word' id='word_1_82' title='bbox 785 1863 926 1948; x_wconf 82' lang='lat' dir='ltr'><strong>suscepit</strong></span> <span class='ocrx_word' id='word_1_83' title='bbox 953 1882 1026 1929; x_wconf 87' lang='lat' dir='ltr'><strong>eum</strong></span> <span class='ocrx_word' id='word_1_84' title='bbox 1055 1882 1126 1929; x_wconf 87' lang='lat' dir='ltr'><strong>cum</strong></span> <span class='ocrx_word' id='word_1_85' title='bbox 1157 1864 1278 1932; x_wconf 87' lang='lat' dir='ltr'><strong>honore</strong></span> 
     </span>
     <span class='ocr_line' id='line_1_14' title="bbox 107 1972 1280 2057; baseline 0.005 -22"><span class='ocrx_word' id='word_1_86' title='bbox 107 1989 233 2055; x_wconf 89' lang='lat' dir='ltr'><strong>magno.</strong></span> <span class='ocrx_word' id='word_1_87' title='bbox 277 1972 387 2039; x_wconf 90' lang='lat' dir='ltr'><strong>multis</strong></span> <span class='ocrx_word' id='word_1_88' title='bbox 408 1990 484 2056; x_wconf 87' lang='lat' dir='ltr'><strong>ergo</strong></span> <span class='ocrx_word' id='word_1_89' title='bbox 506 1973 590 2038; x_wconf 90' lang='lat' dir='ltr'><strong>inter</strong></span> <span class='ocrx_word' id='word_1_90' title='bbox 611 1990 667 2039; x_wconf 90' lang='lat' dir='ltr'><strong>eos</strong></span> <span class='ocrx_word' id='word_1_91' title='bbox 694 1973 838 2057; x_wconf 83' lang='lat' dir='ltr'><strong>pacificis</strong></span> <span class='ocrx_word' id='word_1_92' title='bbox 861 1973 970 2040; x_wconf 84' lang='lat' dir='ltr'><strong>uerbis</strong></span> <span class='ocrx_word' id='word_1_93' title='bbox 993 1973 1106 2041; x_wconf 87' lang='lat' dir='ltr'><strong>edictis</strong></span> <span class='ocrx_word' id='word_1_94' title='bbox 1128 1976 1280 2041; x_wconf 88' lang='lat' dir='ltr'><strong>conuenit</strong></span> 
     </span>
     <span class='ocr_line' id='line_1_15' title="bbox 105 2080 1277 2167; baseline 0.005 -22"><span class='ocrx_word' id='word_1_95' title='bbox 105 2080 190 2146; x_wconf 91' lang='lat' dir='ltr'><strong>inter</strong></span> <span class='ocrx_word' id='word_1_96' title='bbox 205 2087 359 2165; x_wconf 88' lang='lat' dir='ltr'><strong>utrosque</strong></span> <span class='ocrx_word' id='word_1_97' title='bbox 379 2081 413 2147; x_wconf 93' lang='lat' dir='ltr'><strong>in</strong></span> <span class='ocrx_word' id='word_1_98' title='bbox 429 2082 556 2166; x_wconf 87' lang='lat' dir='ltr'><strong>scriptis</strong></span> <span class='ocrx_word' id='word_1_99' title='bbox 578 2083 648 2147; x_wconf 84' lang='lat' dir='ltr'><strong>fieri</strong></span> <span class='ocrx_word' id='word_1_100' title='bbox 663 2083 755 2167; x_wconf 85' lang='lat' dir='ltr'><strong>pacis</strong></span> <span class='ocrx_word' id='word_1_101' title='bbox 777 2101 849 2147; x_wconf 91' lang='lat' dir='ltr'><strong>oum</strong></span> <span class='ocrx_word' id='word_1_102' title='bbox 862 2083 931 2148; x_wconf 86' lang='lat' dir='ltr'><strong>iuro</strong></span> <span class='ocrx_word' id='word_1_103' title='bbox 946 2083 1082 2149; x_wconf 85' lang='lat' dir='ltr'><strong>iurando</strong></span> <span class='ocrx_word' id='word_1_104' title='bbox 1097 2103 1277 2151; x_wconf 88' lang='lat' dir='ltr'><strong>sermonem</strong></span> 
     </span>
     <span class='ocr_line' id='line_1_16' title="bbox 107 2191 1277 2277; baseline 0.004 -21"><span class='ocrx_word' id='word_1_105' title='bbox 107 2209 205 2275; x_wconf 88' lang='lat' dir='ltr'><strong>super</strong></span> <span class='ocrx_word' id='word_1_106' title='bbox 232 2191 445 2258; x_wconf 90' lang='lat' dir='ltr'><strong>consonantia</strong></span> <span class='ocrx_word' id='word_1_107' title='bbox 472 2191 572 2256; x_wconf 89' lang='lat' dir='ltr'><strong>annui</strong></span> <span class='ocrx_word' id='word_1_108' title='bbox 600 2191 702 2276; x_wconf 87' lang='lat' dir='ltr'><strong>pacti,</strong></span> <span class='ocrx_word' id='word_1_109' title='bbox 735 2192 914 2277; x_wconf 88' lang='lat' dir='ltr'><strong>praebendi</strong></span> <span class='ocrx_word' id='word_1_110' title='bbox 941 2192 1092 2259; x_wconf 88' lang='lat' dir='ltr'><strong>uidelicet</strong></span> <span class='ocrx_word' id='word_1_111' title='bbox 1112 2195 1277 2262; x_wconf 85' lang='lat' dir='ltr'><strong>Romanae</strong></span> 
     </span>
     <span class='ocr_line' id='line_1_17' title="bbox 107 2300 1278 2389; baseline 0.006 -25"><span class='ocrx_word' id='word_1_112' title='bbox 107 2300 154 2366; x_wconf 88' lang='lat' dir='ltr'><strong>rei</strong></span> <span class='ocrx_word' id='word_1_113' title='bbox 177 2300 327 2385; x_wconf 88' lang='lat' dir='ltr'><strong>publicae</strong></span> <span class='ocrx_word' id='word_1_114' title='bbox 349 2300 391 2366; x_wconf 92' lang='lat' dir='ltr'><strong>ab</strong></span> <span class='ocrx_word' id='word_1_115' title='bbox 406 2301 566 2385; x_wconf 85' lang='lat' dir='ltr'><strong>Agarenis</strong></span> <span class='ocrx_word' id='word_1_116' title='bbox 588 2302 659 2366; x_wconf 88' lang='lat' dir='ltr'><strong>auri</strong></span> <span class='ocrx_word' id='word_1_117' title='bbox 674 2302 827 2367; x_wconf 89' lang='lat' dir='ltr'><strong>librarum</strong></span> <span class='ocrx_word' id='word_1_118' title='bbox 849 2303 912 2368; x_wconf 87' lang='lat' dir='ltr'><strong>tria</strong></span> <span class='ocrx_word' id='word_1_119' title='bbox 926 2303 1016 2367; x_wconf 91' lang='lat' dir='ltr'><strong>milia</strong></span> <span class='ocrx_word' id='word_1_120' title='bbox 1030 2302 1116 2369; x_wconf 91' lang='lat' dir='ltr'><strong>uiros</strong></span> <span class='ocrx_word' id='word_1_121' title='bbox 1131 2305 1278 2389; x_wconf 84' lang='lat' dir='ltr'><strong>captiuos</strong></span> 
     </span>
     <span class='ocr_line' id='line_1_18' title="bbox 61 2409 924 2497; baseline 0.006 -23"><span class='ocrx_word' id='word_1_122' title='bbox 61 2424 92 2476; x_wconf 78' lang='lat' dir='ltr'><strong>tt</strong></span> <span class='ocrx_word' id='word_1_123' title='bbox 107 2409 341 2495; x_wconf 77' lang='lat' dir='ltr'><strong>quinquaginta</strong></span> <span class='ocrx_word' id='word_1_124' title='bbox 361 2416 393 2475; x_wconf 91' lang='lat' dir='ltr'><strong>ct</strong></span> <span class='ocrx_word' id='word_1_125' title='bbox 414 2429 514 2494; x_wconf 89' lang='lat' dir='ltr'><strong>equos</strong></span> <span class='ocrx_word' id='word_1_126' title='bbox 535 2411 661 2478; x_wconf 89' lang='lat' dir='ltr'><strong>nobiles</strong></span> <span class='ocrx_word' id='word_1_127' title='bbox 683 2413 924 2497; x_wconf 85' lang='lat' dir='ltr'><strong>quinquaginta.</strong></span> 
     </span>
    </p>

    <p class='ocr_par' dir='ltr' id='par_1_4' title="bbox 105 2520 1390 2935">
     <span class='ocr_line' id='line_1_19' title="bbox 191 2520 1390 2607; baseline 0.004 -22"><span class='ocrx_word' id='word_1_128' title='bbox 191 2521 251 2587; x_wconf 88' lang='lat' dir='ltr'><strong>His</strong></span> <span class='ocrx_word' id='word_1_129' title='bbox 274 2539 315 2586; x_wconf 85' lang='lat' dir='ltr'><strong>ex</strong></span> <span class='ocrx_word' id='word_1_130' title='bbox 336 2521 496 2585; x_wconf 91' lang='lat' dir='ltr'><strong>communi</strong></span> <span class='ocrx_word' id='word_1_131' title='bbox 510 2521 628 2606; x_wconf 85' lang='lat' dir='ltr'><strong>placito</strong></span> <span class='ocrx_word' id='word_1_132' title='bbox 642 2520 727 2587; x_wconf 91' lang='lat' dir='ltr'><strong>inter</strong></span> <span class='ocrx_word' id='word_1_133' title='bbox 748 2529 916 2607; x_wconf 88' lang='lat' dir='ltr'><strong>utramque</strong></span> <span class='ocrx_word' id='word_1_134' title='bbox 937 2530 1061 2607; x_wconf 87' lang='lat' dir='ltr'><strong>partem</strong></span> <span class='ocrx_word' id='word_1_135' title='bbox 1083 2523 1219 2591; x_wconf 88' lang='lat' dir='ltr'><strong>firmatis</strong></span> <span class='ocrx_word' id='word_1_136' title='bbox 1240 2530 1273 2590; x_wconf 91' lang='lat' dir='ltr'><strong>et</strong></span> <span class='ocrx_word' id='word_1_137' title='bbox 1294 2521 1390 2590; x_wconf 83' lang='lat' dir='ltr'>XVII</span> 
     </span>
     <span class='ocr_line' id='line_1_20' title="bbox 105 2629 1278 2718; baseline 0.005 -25"><span class='ocrx_word' id='word_1_138' title='bbox 105 2629 140 2694; x_wconf 92' lang='lat' dir='ltr'><strong>in</strong></span> <span class='ocrx_word' id='word_1_139' title='bbox 161 2629 295 2713; x_wconf 85' lang='lat' dir='ltr'><strong>triginta</strong></span> <span class='ocrx_word' id='word_1_140' title='bbox 316 2630 486 2697; x_wconf 88' lang='lat' dir='ltr'><strong>seruandis</strong></span> <span class='ocrx_word' id='word_1_141' title='bbox 509 2649 612 2697; x_wconf 90' lang='lat' dir='ltr'><strong>annos</strong></span> <span class='ocrx_word' id='word_1_142' title='bbox 634 2633 743 2696; x_wconf 91' lang='lat' dir='ltr'><strong>mutuo</strong></span> <span class='ocrx_word' id='word_1_143' title='bbox 764 2633 969 2717; x_wconf 84' lang='lat' dir='ltr'><strong>repromissis</strong></span> <span class='ocrx_word' id='word_1_144' title='bbox 989 2632 1191 2717; x_wconf 87' lang='lat' dir='ltr'><strong>amplissima</strong></span> <span class='ocrx_word' id='word_1_145' title='bbox 1212 2653 1278 2718; x_wconf 85' lang='lat' dir='ltr'><strong>pax</strong></span> 
     </span>
     <span class='ocr_line' id='line_1_21' title="bbox 105 2739 1276 2826; baseline 0.005 -23"><span class='ocrx_word' id='word_1_146' title='bbox 105 2739 189 2804; x_wconf 92' lang='lat' dir='ltr'><strong>inter</strong></span> <span class='ocrx_word' id='word_1_147' title='bbox 209 2740 371 2806; x_wconf 85' lang='lat' dir='ltr'><strong>Romanos</strong></span> <span class='ocrx_word' id='word_1_148' title='bbox 392 2746 424 2805; x_wconf 89' lang='lat' dir='ltr'><strong>et</strong></span> <span class='ocrx_word' id='word_1_149' title='bbox 438 2739 565 2806; x_wconf 81' lang='lat' dir='ltr'><strong>Arabes</strong></span> <span class='ocrx_word' id='word_1_150' title='bbox 579 2747 630 2806; x_wconf 88' lang='lat' dir='ltr'><strong>est</strong></span> <span class='ocrx_word' id='word_1_151' title='bbox 651 2740 774 2806; x_wconf 88' lang='lat' dir='ltr'><strong>effecta.</strong></span> <span class='ocrx_word' id='word_1_152' title='bbox 805 2742 916 2826; x_wconf 88' lang='lat' dir='ltr'><strong>sicque</strong></span> <span class='ocrx_word' id='word_1_153' title='bbox 930 2742 1136 2826; x_wconf 80' lang='lat' dir='ltr'><strong>generalibus</strong></span> <span class='ocrx_word' id='word_1_154' title='bbox 1151 2743 1276 2810; x_wconf 90' lang='lat' dir='ltr'><strong>duobus</strong></span> 
     </span>
     <span class='ocr_line' id='line_1_22' title="bbox 105 2848 1276 2935; baseline 0.003 -22"><span class='ocrx_word' id='word_1_155' title='bbox 105 2849 268 2933; x_wconf 85' lang='lat' dir='ltr'><strong>inscriptis</strong></span> <span class='ocrx_word' id='word_1_156' title='bbox 296 2849 405 2916; x_wconf 88' lang='lat' dir='ltr'><strong>uerbis</strong></span> <span class='ocrx_word' id='word_1_157' title='bbox 433 2848 475 2914; x_wconf 88' lang='lat' dir='ltr'><strong>ad</strong></span> <span class='ocrx_word' id='word_1_158' title='bbox 502 2851 690 2915; x_wconf 86' lang='lat' dir='ltr'><strong>alterutrum</strong></span> <span class='ocrx_word' id='word_1_159' title='bbox 718 2869 790 2914; x_wconf 89' lang='lat' dir='ltr'><strong>cum</strong></span> <span class='ocrx_word' id='word_1_160' title='bbox 821 2850 1056 2917; x_wconf 88' lang='lat' dir='ltr'><strong>iureiurando</strong></span> <span class='ocrx_word' id='word_1_161' title='bbox 1085 2851 1222 2935; x_wconf 87' lang='lat' dir='ltr'><strong>patratis</strong></span> <span class='ocrx_word' id='word_1_162' title='bbox 1243 2857 1276 2917; x_wconf 88' lang='lat' dir='ltr'><strong>ot</strong></span> 
     </span>
    </p>

    <p class='ocr_par' dir='ltr' id='par_1_5' title="bbox 53 2958 1278 3482">
     <span class='ocr_line' id='line_1_23' title="bbox 53 2958 1275 3046; baseline 0.004 -27"><span class='ocrx_word' id='word_1_163' title='bbox 53 2968 90 3020; x_wconf 74' lang='lat' dir='ltr'><strong>to</strong></span> <span class='ocrx_word' id='word_1_164' title='bbox 106 2958 254 3024; x_wconf 89' lang='lat' dir='ltr'><strong>inuicem</strong></span> <span class='ocrx_word' id='word_1_165' title='bbox 269 2958 399 3025; x_wconf 90' lang='lat' dir='ltr'><strong>traditis</strong></span> <span class='ocrx_word' id='word_1_166' title='bbox 420 2959 640 3044; x_wconf 89' lang='lat' dir='ltr'><strong>saepedictus</strong></span> <span class='ocrx_word' id='word_1_167' title='bbox 661 2960 805 3026; x_wconf 84' lang='lat' dir='ltr'><strong>famosus</strong></span> <span class='ocrx_word' id='word_1_168' title='bbox 820 2960 870 3025; x_wconf 90' lang='lat' dir='ltr'><strong>uir</strong></span> <span class='ocrx_word' id='word_1_169' title='bbox 891 2960 934 3025; x_wconf 91' lang='lat' dir='ltr'><strong>ad</strong></span> <span class='ocrx_word' id='word_1_170' title='bbox 956 2961 1181 3046; x_wconf 84' lang='lat' dir='ltr'><strong>imperatorem</strong></span> <span class='ocrx_word' id='word_1_171' title='bbox 1203 2979 1275 3025; x_wconf 92' lang='lat' dir='ltr'><strong>cum</strong></span> 
     </span>
     <span class='ocr_line' id='line_1_24' title="bbox 104 3067 1276 3153; baseline 0.003 -21"><span class='ocrx_word' id='word_1_172' title='bbox 104 3068 289 3135; x_wconf 87' lang='lat' dir='ltr'><strong>muneribus</strong></span> <span class='ocrx_word' id='word_1_173' title='bbox 318 3087 444 3153; x_wconf 91' lang='lat' dir='ltr'><strong>quoque</strong></span> <span class='ocrx_word' id='word_1_174' title='bbox 471 3068 580 3135; x_wconf 90' lang='lat' dir='ltr'><strong>multis</strong></span> <span class='ocrx_word' id='word_1_175' title='bbox 608 3088 758 3135; x_wconf 89' lang='lat' dir='ltr'><strong>reuersus</strong></span> <span class='ocrx_word' id='word_1_176' title='bbox 786 3077 844 3137; x_wconf 89' lang='lat' dir='ltr'><strong>est.</strong></span> <span class='ocrx_word' id='word_1_177' title='bbox 889 3088 960 3134; x_wconf 87' lang='lat' dir='ltr'><strong>cum</strong></span> <span class='ocrx_word' id='word_1_178' title='bbox 990 3077 1095 3135; x_wconf 89' lang='lat' dir='ltr'><strong>autern</strong></span> <span class='ocrx_word' id='word_1_179' title='bbox 1124 3069 1206 3134; x_wconf 89' lang='lat' dir='ltr'><strong>haec</strong></span> <span class='ocrx_word' id='word_1_180' title='bbox 1227 3067 1276 3135; x_wconf 92' lang='lat' dir='ltr'><strong>di-</strong></span> 
     </span>
     <span class='ocr_line' id='line_1_25' title="bbox 104 3161 1278 3263; baseline 0.003 -21"><span class='ocrx_word' id='word_1_181' title='bbox 104 3176 260 3245; x_wconf 89' lang='lat' dir='ltr'><strong>dicissent</strong></span> <span class='ocrx_word' id='word_1_182' title='bbox 291 3177 325 3243; x_wconf 93' lang='lat' dir='ltr'><strong>hi</strong></span> <span class='ocrx_word' id='word_1_183' title='bbox 358 3178 412 3262; x_wconf 95' lang='lat' dir='ltr'><strong>qui</strong></span> <span class='ocrx_word' id='word_1_184' title='bbox 442 3178 611 3263; x_wconf 87' lang='lat' dir='ltr'><strong>hesperias</strong></span> <span class='ocrx_word' id='word_1_185' title='bbox 647 3185 756 3263; x_wconf 88' lang='lat' dir='ltr'><strong>partes</strong></span> <span class='ocrx_word' id='word_1_186' title='bbox 789 3161 985 3263; x_wconf 79' lang='lat' dir='ltr'><strong>inhabitant,</strong></span> <span class='ocrx_word' id='word_1_187' title='bbox 1022 3186 1087 3244; x_wconf 90' lang='lat' dir='ltr'><strong>tam</strong></span> <span class='ocrx_word' id='word_1_188' title='bbox 1125 3178 1278 3245; x_wconf 86' lang='lat' dir='ltr'><strong>uidelicet</strong></span> 
     </span>
     <span class='ocr_line' id='line_1_26' title="bbox 105 3287 1275 3371; baseline 0.001 -19"><span class='ocrx_word' id='word_1_189' title='bbox 105 3287 269 3353; x_wconf 79' lang='lat' dir='ltr'><strong>chaianus</strong></span> <span class='ocrx_word' id='word_1_190' title='bbox 290 3287 433 3352; x_wconf 73' lang='lat' dir='ltr'><strong>duarum</strong></span> <span class='ocrx_word' id='word_1_191' title='bbox 456 3294 488 3353; x_wconf 88' lang='lat' dir='ltr'><strong>et</strong></span> <span class='ocrx_word' id='word_1_192' title='bbox 508 3288 676 3354; x_wconf 87' lang='lat' dir='ltr'><strong>ulteriores</strong></span> <span class='ocrx_word' id='word_1_193' title='bbox 699 3307 791 3371; x_wconf 84' lang='lat' dir='ltr'><strong>reges</strong></span> <span class='ocrx_word' id='word_1_194' title='bbox 812 3308 909 3371; x_wconf 89' lang='lat' dir='ltr'><strong>quam</strong></span> <span class='ocrx_word' id='word_1_195' title='bbox 932 3288 1063 3355; x_wconf 85' lang='lat' dir='ltr'><strong>exarchi</strong></span> <span class='ocrx_word' id='word_1_196' title='bbox 1085 3296 1117 3354; x_wconf 90' lang='lat' dir='ltr'><strong>et</strong></span> <span class='ocrx_word' id='word_1_197' title='bbox 1138 3287 1275 3355; x_wconf 89' lang='lat' dir='ltr'><strong>castaldi</strong></span> 
     </span>
     <span class='ocr_line' id='line_1_27' title="bbox 105 3396 1277 3482; baseline 0.003 -21"><span class='ocrx_word' id='word_1_198' title='bbox 105 3415 250 3462; x_wconf 93' lang='lat' dir='ltr'><strong>necnon</strong></span> <span class='ocrx_word' id='word_1_199' title='bbox 273 3404 305 3461; x_wconf 90' lang='lat' dir='ltr'><strong>et</strong></span> <span class='ocrx_word' id='word_1_200' title='bbox 325 3397 489 3481; x_wconf 92' lang='lat' dir='ltr'><strong>principes</strong></span> <span class='ocrx_word' id='word_1_201' title='bbox 510 3398 676 3462; x_wconf 91' lang='lat' dir='ltr'><strong>nationum</strong></span> <span class='ocrx_word' id='word_1_202' title='bbox 704 3396 748 3463; x_wconf 93' lang='lat' dir='ltr'><strong>ad</strong></span> <span class='ocrx_word' id='word_1_203' title='bbox 775 3397 972 3464; x_wconf 86' lang='lat' dir='ltr'><strong>occidentem</strong></span> <span class='ocrx_word' id='word_1_204' title='bbox 998 3399 1132 3464; x_wconf 91' lang='lat' dir='ltr'><strong>sitarum</strong></span> <span class='ocrx_word' id='word_1_205' title='bbox 1153 3417 1213 3482; x_wconf 90' lang='lat' dir='ltr'><strong>per</strong></span> <span class='ocrx_word' id='word_1_206' title='bbox 1232 3399 1277 3465; x_wconf 89' lang='lat' dir='ltr'><strong>lc·</strong></span> 
     </span>
    </p>

    <p class='ocr_par' dir='ltr' id='par_1_6' title="bbox 55 3506 1276 4010">
     <span class='ocr_line' id='line_1_28' title="bbox 55 3506 1276 3593; baseline 0.006 -27"><span class='ocrx_word' id='word_1_207' title='bbox 55 3515 89 3566; x_wconf 78' lang='lat' dir='ltr'><strong>ts</strong></span> <span class='ocrx_word' id='word_1_208' title='bbox 105 3513 197 3588; x_wconf 86' lang='lat' dir='ltr'><strong>gatos</strong></span> <span class='ocrx_word' id='word_1_209' title='bbox 219 3506 405 3574; x_wconf 90' lang='lat' dir='ltr'><strong>muneribus</strong></span> <span class='ocrx_word' id='word_1_210' title='bbox 434 3507 619 3591; x_wconf 90' lang='lat' dir='ltr'><strong>imperatori</strong></span> <span class='ocrx_word' id='word_1_211' title='bbox 648 3508 848 3575; x_wconf 85' lang='lat' dir='ltr'><strong>transmissis</strong></span> <span class='ocrx_word' id='word_1_212' title='bbox 875 3507 1044 3593; x_wconf 87' lang='lat' dir='ltr'><strong>pacificam</strong></span> <span class='ocrx_word' id='word_1_213' title='bbox 1072 3527 1151 3591; x_wconf 88' lang='lat' dir='ltr'><strong>erga</strong></span> <span class='ocrx_word' id='word_1_214' title='bbox 1172 3527 1207 3574; x_wconf 90' lang='lat' dir='ltr'><strong>se</strong></span> <span class='ocrx_word' id='word_1_215' title='bbox 1230 3507 1276 3573; x_wconf 93' lang='lat' dir='ltr'><strong>di·</strong></span> 
     </span>
     <span class='ocr_line' id='line_1_29' title="bbox 108 3615 1276 3703; baseline 0.005 -25"><span class='ocrx_word' id='word_1_216' title='bbox 108 3615 274 3682; x_wconf 79' lang='lat' dir='ltr'><strong>lectionem</strong></span> <span class='ocrx_word' id='word_1_217' title='bbox 296 3635 472 3701; x_wconf 84' lang='lat' dir='ltr'><strong>poposcere</strong></span> <span class='ocrx_word' id='word_1_218' title='bbox 494 3615 695 3681; x_wconf 86' lang='lat' dir='ltr'><strong>firmandam.</strong></span> <span class='ocrx_word' id='word_1_219' title='bbox 733 3637 879 3684; x_wconf 88' lang='lat' dir='ltr'><strong>annuens</strong></span> <span class='ocrx_word' id='word_1_220' title='bbox 900 3618 1009 3703; x_wconf 87' lang='lat' dir='ltr'><strong>itaque</strong></span> <span class='ocrx_word' id='word_1_221' title='bbox 1030 3617 1204 3703; x_wconf 88' lang='lat' dir='ltr'><strong>imperator</strong></span> <span class='ocrx_word' id='word_1_222' title='bbox 1218 3638 1276 3703; x_wconf 83' lang='lat' dir='ltr'><strong>po-</strong></span> 
     </span>
     <span class='ocr_line' id='line_1_30' title="bbox 106 3725 1275 3796; baseline 0.003 -6"><span class='ocrx_word' id='word_1_223' title='bbox 106 3725 331 3791; x_wconf 90' lang='lat' dir='ltr'><strong>stulationibus</strong></span> <span class='ocrx_word' id='word_1_224' title='bbox 360 3745 469 3791; x_wconf 91' lang='lat' dir='ltr'><strong>eorum</strong></span> <span class='ocrx_word' id='word_1_225' title='bbox 497 3726 699 3792; x_wconf 90' lang='lat' dir='ltr'><strong>confirmauit</strong></span> <span class='ocrx_word' id='word_1_226' title='bbox 725 3728 823 3793; x_wconf 89' lang='lat' dir='ltr'><strong>etiam</strong></span> <span class='ocrx_word' id='word_1_227' title='bbox 856 3728 942 3794; x_wconf 84' lang='lat' dir='ltr'><strong>circa</strong></span> <span class='ocrx_word' id='word_1_228' title='bbox 969 3730 1043 3796; x_wconf 92' lang='lat' dir='ltr'><strong>illos</strong></span> <span class='ocrx_word' id='word_1_229' title='bbox 1072 3727 1275 3794; x_wconf 86' lang='lat' dir='ltr'><strong>donatoriam</strong></span> 
     </span>
     <span class='ocr_line' id='line_1_31' title="bbox 106 3836 1276 3919; baseline 0.003 -21"><span class='ocrx_word' id='word_1_230' title='bbox 106 3851 218 3918; x_wconf 76' lang='lat' dir='ltr'><strong>paoem</strong></span> <span class='ocrx_word' id='word_1_231' title='bbox 240 3841 273 3901; x_wconf 89' lang='lat' dir='ltr'><strong>et</strong></span> <span class='ocrx_word' id='word_1_232' title='bbox 293 3836 379 3900; x_wconf 87' lang='lat' dir='ltr'><strong>facta</strong></span> <span class='ocrx_word' id='word_1_233' title='bbox 400 3843 449 3902; x_wconf 90' lang='lat' dir='ltr'><strong>est</strong></span> <span class='ocrx_word' id='word_1_234' title='bbox 471 3836 626 3901; x_wconf 87' lang='lat' dir='ltr'><strong>securitas</strong></span> <span class='ocrx_word' id='word_1_235' title='bbox 648 3856 768 3919; x_wconf 90' lang='lat' dir='ltr'><strong>magna</strong></span> <span class='ocrx_word' id='word_1_236' title='bbox 788 3837 822 3902; x_wconf 95' lang='lat' dir='ltr'><strong>in</strong></span> <span class='ocrx_word' id='word_1_237' title='bbox 844 3838 967 3903; x_wconf 91' lang='lat' dir='ltr'><strong>oriente</strong></span> <span class='ocrx_word' id='word_1_238' title='bbox 994 3856 1055 3903; x_wconf 88' lang='lat' dir='ltr'><strong>nec</strong></span> <span class='ocrx_word' id='word_1_239' title='bbox 1080 3858 1146 3903; x_wconf 93' lang='lat' dir='ltr'><strong>non</strong></span> <span class='ocrx_word' id='word_1_240' title='bbox 1167 3842 1199 3902; x_wconf 88' lang='lat' dir='ltr'><strong>et</strong></span> <span class='ocrx_word' id='word_1_241' title='bbox 1224 3855 1276 3902; x_wconf 90' lang='lat' dir='ltr'><strong>oc·</strong></span> 
     </span>
     <span class='ocr_line' id='line_1_32' title="bbox 103 3942 242 4010; baseline 0.022 -3"><span class='ocrx_word' id='word_1_242' title='bbox 103 3942 242 4010; x_wconf 84' lang='lat' dir='ltr'><strong>uidente.</strong></span> 
     </span>
    </p>

    <p class='ocr_par' dir='ltr' id='par_1_7' title="bbox 55 4052 1275 4139">
     <span class='ocr_line' id='line_1_33' title="bbox 55 4052 1275 4139; baseline 0.002 -22"><span class='ocrx_word' id='word_1_243' title='bbox 55 4065 87 4117; x_wconf 75' lang='lat' dir='ltr'><strong>so</strong></span> <span class='ocrx_word' id='word_1_244' title='bbox 188 4055 282 4119; x_wconf 83' lang='lat' dir='ltr'><strong>Anno</strong></span> <span class='ocrx_word' id='word_1_245' title='bbox 313 4054 442 4139; x_wconf 88' lang='lat' dir='ltr'><strong>imperii</strong></span> <span class='ocrx_word' id='word_1_246' title='bbox 464 4052 668 4119; x_wconf 84' lang='lat' dir='ltr'><strong>Constantini</strong></span> <span class='ocrx_word' id='word_1_247' title='bbox 691 4053 814 4120; x_wconf 89' lang='lat' dir='ltr'><strong>decimo</strong></span> <span class='ocrx_word' id='word_1_248' title='bbox 844 4056 948 4123; x_wconf 87' lang='lat' dir='ltr'><strong>iactus</strong></span> <span class='ocrx_word' id='word_1_249' title='bbox 971 4061 1021 4122; x_wconf 90' lang='lat' dir='ltr'><strong>cst</strong></span> <span class='ocrx_word' id='word_1_250' title='bbox 1042 4062 1148 4122; x_wconf 86' lang='lat' dir='ltr'><strong>terrae</strong></span> <span class='ocrx_word' id='word_1_251' title='bbox 1170 4059 1275 4120; x_wconf 90' lang='lat' dir='ltr'><strong>motus</strong></span> 
     </span>
    </p>
   </div>
   <div class='ocr_carea' id='block_1_4' title="bbox 104 4162 1276 4301">
    <p class='ocr_par' dir='ltr' id='par_1_8' title="bbox 104 4162 1276 4301">
     <span class='ocr_line' id='line_1_34' title="bbox 104 4162 1276 4249; baseline 0.001 -21"><span class='ocrx_word' id='word_1_252' title='bbox 104 4184 241 4247; x_wconf 90' lang='lat' dir='ltr'><strong>magnus</strong></span> <span class='ocrx_word' id='word_1_253' title='bbox 268 4184 326 4249; x_wconf 90' lang='lat' dir='ltr'><strong>per</strong></span> <span class='ocrx_word' id='word_1_254' title='bbox 354 4162 634 4248; x_wconf 89' lang='lat' dir='ltr'><strong>Mesopotamiam,</strong></span> <span class='ocrx_word' id='word_1_255' title='bbox 665 4183 728 4246; x_wconf 94' lang='lat' dir='ltr'><strong>quo</strong></span> <span class='ocrx_word' id='word_1_256' title='bbox 755 4165 819 4230; x_wconf 91' lang='lat' dir='ltr'><strong>ruit</strong></span> <span class='ocrx_word' id='word_1_257' title='bbox 845 4165 1035 4232; x_wconf 82' lang='lat' dir='ltr'><strong>Edesscuae</strong></span> <span class='ocrx_word' id='word_1_258' title='bbox 1064 4183 1219 4231; x_wconf 90' lang='lat' dir='ltr'><strong>ascensus</strong></span> <span class='ocrx_word' id='word_1_259' title='bbox 1242 4168 1276 4231; x_wconf 86' lang='lat' dir='ltr'><strong>ct</strong></span> 
     </span>
     <span class='ocr_line' id='line_1_35' title="bbox 1000 4265 1022 4301; baseline 0 0"><span class='ocrx_word' id='word_1_260' title='bbox 1000 4265 1022 4301; x_wconf 80' lang='grc' dir='ltr'>Ι</span> 
     </span>
    </p>
   </div>
   <div class='ocr_carea' id='block_1_5' title="bbox 100 4442 1278 4901">
    <p class='ocr_par' dir='ltr' id='par_1_9' title="bbox 100 4442 1278 4901">
     <span class='ocr_line' id='line_1_36' title="bbox 169 4442 1275 4544; baseline 0.002 -17"><span class='ocrx_word' id='word_1_261' title='bbox 169 4473 372 4542; x_wconf 75' lang='lat' dir='ltr'><strong>timporanl)</strong></span> <span class='ocrx_word' id='word_1_262' title='bbox 474 4478 613 4544; x_wconf 79' lang='lat' dir='ltr'><strong>texptem</strong></span> <span class='ocrx_word' id='word_1_263' title='bbox 632 4474 658 4528; x_wconf 78' lang='lat'><strong>1&gt;</strong></span> <span class='ocrx_word' id='word_1_264' title='bbox 751 4442 888 4532; x_wconf 56' lang='lat' dir='ltr'><strong>tundi)</strong></span> <span class='ocrx_word' id='word_1_265' title='bbox 982 4474 1125 4529; x_wconf 79' lang='lat' dir='ltr'><strong>muhamas</strong></span> <span class='ocrx_word' id='word_1_266' title='bbox 1139 4472 1166 4528; x_wconf 87' lang='lat' dir='ltr'><em>D</em></span> <span class='ocrx_word' id='word_1_267' title='bbox 1244 4477 1275 4529; x_wconf 84' lang='lat' dir='ltr'><strong>to</strong></span> 
     </span>
     <span class='ocr_line' id='line_1_37' title="bbox 102 4564 1273 4639; baseline 0.001 -19"><span class='ocrx_word' id='word_1_268' title='bbox 102 4567 284 4621; x_wconf 86' lang='lat' dir='ltr'><strong>ourairnorum</strong></span> <span class='ocrx_word' id='word_1_269' title='bbox 292 4564 352 4631; x_wconf 80' lang='lat' dir='ltr'><strong>BP,</strong></span> <span class='ocrx_word' id='word_1_270' title='bbox 370 4567 583 4639; x_wconf 69' lang='lat' dir='ltr'><strong>Bouporsianus</strong></span> <span class='ocrx_word' id='word_1_271' title='bbox 600 4570 691 4635; x_wconf 83' lang='lat' dir='ltr'><strong>tgsnui</strong></span> <span class='ocrx_word' id='word_1_272' title='bbox 707 4569 745 4622; x_wconf 85' lang='lat' dir='ltr'><strong>sit</strong></span> <span class='ocrx_word' id='word_1_273' title='bbox 762 4568 959 4624; x_wconf 86' lang='lat' dir='ltr'><strong>Saracenorum</strong></span> <span class='ocrx_word' id='word_1_274' title='bbox 976 4566 1102 4622; x_wconf 82' lang='lat' dir='ltr'><strong>acuraio</strong></span> <span class='ocrx_word' id='word_1_275' title='bbox 1119 4570 1211 4621; x_wconf 79' lang='lat' dir='ltr'><strong>notatu</strong></span> <span class='ocrx_word' id='word_1_276' title='bbox 1226 4582 1273 4635; x_wconf 86' lang='lat' dir='ltr'><strong>qur</strong></span> 
     </span>
     <span class='ocr_line' id='line_1_38' title="bbox 100 4657 1278 4730; baseline 0.004 -19"><span class='ocrx_word' id='word_1_277' title='bbox 100 4657 154 4712; x_wconf 84' lang='lat' dir='ltr'><strong>furt</strong></span> <span class='ocrx_word' id='word_1_278' title='bbox 170 4658 242 4712; x_wconf 82' lang='lat' dir='ltr'><strong>trimi</strong></span> <span class='ocrx_word' id='word_1_279' title='bbox 257 4658 351 4714; x_wconf 84' lang='lat' dir='ltr'><strong>erarr</strong></span> <span class='ocrx_word' id='word_1_280' title='bbox 367 4660 523 4730; x_wconf 78' lang='lat' dir='ltr'><strong>pronepotis</strong></span> <span class='ocrx_word' id='word_1_281' title='bbox 539 4659 733 4724; x_wconf 76' lang='lat' dir='ltr'><strong>limaehiadd.</strong></span> <span class='ocrx_word' id='word_1_282' title='bbox 752 4660 797 4715; x_wconf 72' lang='lat' dir='ltr'><strong>Pu·</strong></span> <span class='ocrx_word' id='word_1_283' title='bbox 807 4672 824 4727; x_wconf 76' lang='lat' dir='ltr'><strong>t,</strong></span> <span class='ocrx_word' id='word_1_284' title='bbox 853 4661 1040 4716; x_wconf 83' lang='lat' dir='ltr'><strong>Comimorum</strong></span> <span class='ocrx_word' id='word_1_285' title='bbox 1055 4658 1114 4716; x_wconf 80' lang='lat' dir='ltr'><strong>cod.</strong></span> <span class='ocrx_word' id='word_1_286' title='bbox 1133 4660 1278 4716; x_wconf 62' lang='lat' dir='ltr'><strong>Francos</strong></span> 
     </span>
     <span class='ocr_line' id='line_1_39' title="bbox 103 4749 1275 4823; baseline 0.005 -19"><span class='ocrx_word' id='word_1_287' title='bbox 103 4749 214 4805; x_wconf 77' lang='lat' dir='ltr'><strong>Pitheci</strong></span> <span class='ocrx_word' id='word_1_288' title='bbox 228 4757 255 4805; x_wconf 79' lang='lat' dir='ltr'><strong>et</strong></span> <span class='ocrx_word' id='word_1_289' title='bbox 272 4753 433 4809; x_wconf 78' lang='lat' dir='ltr'><strong>Anastasius</strong></span> <span class='ocrx_word' id='word_1_290' title='bbox 521 4756 550 4807; x_wconf 82' lang='lat'><strong>1³</strong></span> <span class='ocrx_word' id='word_1_291' title='bbox 568 4752 747 4809; x_wconf 84' lang='lat' dir='ltr'><strong>Preuener</strong></span> <span class='ocrx_word' id='word_1_292' title='bbox 840 4758 870 4808; x_wconf 79' lang='lat'><strong>14</strong></span> <span class='ocrx_word' id='word_1_293' title='bbox 886 4751 987 4822; x_wconf 73' lang='lat' dir='ltr'><strong>regul)</strong></span> <span class='ocrx_word' id='word_1_294' title='bbox 1071 4756 1105 4808; x_wconf 77' lang='lat'><strong>26</strong></span> <span class='ocrx_word' id='word_1_295' title='bbox 1122 4752 1275 4823; x_wconf 69' lang='lat' dir='ltr'><strong>potensi&gt;</strong></span> 
     </span>
     <span class='ocr_line' id='line_1_40' title="bbox 101 4843 337 4901; baseline 0.017 -4"><span class='ocrx_word' id='word_1_296' title='bbox 101 4848 131 4897; x_wconf 79' lang='lat'><strong>31</strong></span> <span class='ocrx_word' id='word_1_297' title='bbox 152 4843 294 4899; x_wconf 81' lang='lat' dir='ltr'><strong>hadericus</strong></span> <span class='ocrx_word' id='word_1_298' title='bbox 311 4846 337 4901; x_wconf 82' lang='lat' dir='ltr'><em>D</em></span> 
     </span>
    </p>
   </div>
   <div class='ocr_carea' id='block_1_6' title="bbox 0 0 1422 5394">
    <p class='ocr_par' dir='ltr' id='par_1_10' title="bbox 0 0 1422 5394">
     <span class='ocr_line' id='line_1_41' title="bbox 0 0 1422 5394; baseline 0 0"><span class='ocrx_word' id='word_1_299' title='bbox 0 0 1422 5394; x_wconf 95' lang='lat' dir='ltr'><strong> </strong></span> 
     </span>
    </p>
   </div>
  </div>
 </body>
</html>
