2834 5394
179 280 240 342 330
422 294 514 341 mom
536 293 613 340 xun
634 292 708 341 cae.
731 293 898 342 xx-xxrr.
943 294 1035 341 amm
1058 293 1104 339 xv

178 445 352 530 imperator
374 444 519 512 existens
541 445 668 529 priuato
691 445 855 512 schemate
875 445 1081 531 properabat.
1127 463 1186 509 neo
1209 462 1266 527 spe
1290 463 1352 508 sun

180 556 350 622 frustratus
373 562 432 637 cst,
456 561 589 640 repente
611 573 750 637 namque
773 573 829 619 aer
852 553 894 618 ad
910 554 1115 619 serenitatem
1132 552 1225 618 rediit
1240 552 1354 617 diuina

178 665 349 732 clementia
370 671 539 731 reuocatus
562 685 682 729 annum
704 664 854 749 praebuit
875 664 1020 748 frugibus
1049 664 1210 730 uniuersis
1232 664 1356 728 uberri-

179 797 275 841 mum.
320 774 479 860 siquando
494 775 581 840 bella
595 780 808 858 mouerentur,
834 775 1007 841 secundum
1024 774 1131 839 Dauid
1147 774 1354 858 confugiebat

179 883 332 952 addeum
357 885 478 951 seicns:
502 904 574 949 eum
596 885 789 970 proeliorum
805 892 966 950 auctorem
990 885 1136 949 inimicos
1153 885 1354 950 orationibus
1373 899 1388 947 5

58 993 158 1060 XXll
181 996 363 1080 superabat.
408 1014 467 1060 nec
495 1002 603 1059 tamen
631 994 681 1059 uir
709 995 770 1062 istc
797 995 884 1061 uitiis
906 995 1046 1060 carebat.
1092 996 1151 1060 luit
1179 995 1264 1059 enim
1288 1014 1354 1058 mo-

179 1106 253 1172 bilis
276 1105 363 1170 omui
384 1113 481 1171 uento
503 1104 718 1170 circumdatus
747 1104 832 1170 unde
862 1112 894 1170 et
915 1105 950 1171 in
971 1105 1091 1170 chartis
1114 1124 1178 1170 non
1200 1105 1293 1171 lectis
1316 1124 1354 1170 se

181 1215 412 1283 subscribebat.
456 1215 581 1281 interea
603 1215 700 1280 beata
713 1215 884 1281 Pulcheria
907 1215 1048 1281 nondum
1071 1216 1220 1296 cuiquam
1243 1215 1354 1280 fratris

179 1325 354 1391 Theodosii
376 1325 577 1409 imperatoris
600 1334 701 1390 morte
729 1333 901 1409 comperta,
939 1326 1102 1391 Marciano
1133 1326 1287 1391 accersito
1317 1326 1353 1389 in

179 1437 335 1520 religione
357 1456 394 1500 ac
417 1434 573 1521 pudicitia
594 1441 807 1500 conuersante
829 1455 907 1501 sene
929 1435 1080 1501 uidelicet
1102 1442 1133 1500 et
1147 1435 1264 1500 idoneo
1281 1434 1352 1498 uiro
1373 1446 1403 1496 rc

178 1547 318 1631 dicitque
340 1546 371 1610 ci
393 1546 554 1629 ‘quoniam
577 1545 753 1630 imperator
780 1551 922 1611 mortuus
952 1553 1000 1610 est
1028 1553 1060 1611 et
1088 1565 1148 1628 ego
1177 1555 1210 1610 tc
1233 1545 1353 1627 eligam

179 1665 341 1740 tamquam
377 1657 457 1721 benc
489 1657 670 1739 placentem
699 1674 738 1720 ex
761 1656 847 1719 omui
870 1662 995 1735 senatu,
1034 1656 1076 1720 da
1108 1654 1186 1719 mihi
1219 1655 1353 1720 uerbum

178 1768 264 1853 quod
286 1765 449 1832 custodias
472 1764 689 1848 uirginitatem
720 1784 824 1829 meam
853 1785 949 1848 quam
979 1765 1040 1830 deo
1063 1765 1207 1830 commisi
1229 1771 1261 1827 et
1282 1785 1354 1848 pro-

179 1877 335 1943 nuntiabo
357 1884 389 1940 te
411 1874 656 1959 imperatorem!
706 1873 790 1957 quod
814 1876 869 1939 illo
892 1882 1093 1941 sacramento
1115 1875 1287 1958 pollicente
1302 1894 1354 1937 ac-

179 1987 294 2052 cersito
316 1985 502 2070 patriarcha
523 1984 673 2049 Anatolio
695 1984 816 2069 pariter
845 1991 877 2051 et
899 1992 1014 2051 senatu
1037 1984 1256 2068 pronuntiauit
1279 2003 1353 2048 eum
1372 1998 1401 2046 15

180 2098 397 2161 Romanorum
419 2092 675 2178 imperatorem.)

441 2407 587 2473 LIBER
616 2405 844 2474 Dacluvs
872 2406 1093 2486 QVINTVS
1144 2470 1152 2481 ,

142 2609 159 2672 I
260 2612 354 2676 Anno
370 2611 411 2675 ab
425 2611 503 2675 urbe
517 2612 648 2677 condita
663 2612 834 2678 millesimo
844 2609 1062 2676 ducentesimo
1075 2616 1188 2694 quarto
1204 2608 1355 2675 defuneto

179 2721 364 2787 Theodosio
379 2721 578 2788 Mancmnvs
594 2720 862 2805 quadragesimus
878 2729 1011 2786 octauus
1026 2720 1067 2784 ab
1079 2722 1224 2804 Augusto
1252 2722 1356 2786 orien-

179 2831 234 2896 tali
258 2831 353 2895 aulac
374 2830 558 2914 praeficitur
580 2832 763 2915 imperator.
793 2838 933 2896 ceterum
957 2831 1176 2895 Valentiniani
1208 2837 1402 2915 temporam

179 2940 274 3007 huius
296 2940 348 3005 ucl
371 2941 545 3025 superioris
568 2941 773 3024 imperatoris
795 2940 961 3006 curriculis
983 2940 1218 3007 adscribuntur.
1257 2943 1356 3025 igitur

180 3052 427 3117 Valentinianus
456 3050 581 3116 occidui
609 3058 712 3117 rector
739 3051 866 3135 imperii
895 3051 985 3136 pacis
1008 3070 1048 3115 ca
1076 3057 1268 3136 tempestate
1292 3053 1356 3116 ioc-

180 3160 259 3225 dera
273 3180 344 3223 cunr
360 3159 558 3225 Gensericho
574 3160 793 3226 Vandalorum
809 3180 885 3245 rege
900 3160 1040 3225 firmauit
1062 3162 1221 3244 certisque
1238 3161 1355 3244 spatiis

179 3270 288 3335 Africa
302 3269 386 3335 inter
401 3276 552 3353 utrosque
567 3270 675 3337 diuisa
684 3260 748 3338 cst.
776 3270 993 3339 Genserichus
1008 3292 1084 3337 uero
1101 3271 1177 3335 dum
1192 3270 1233 3336 de
1248 3290 1354 3336 rerum

180 3398 330 3447 successu
353 3378 494 3446 tumidus
516 3381 612 3446 etiarn
636 3381 724 3466 apud
746 3401 821 3447 suos
845 3381 1040 3465 superbiret,
1063 3381 1174 3446 ualida
1195 3380 1355 3449 aduersus
1373 3397 1402 3446 25

181 3510 252 3556 eum
276 3470 406 3556 su'orum
435 3491 630 3574 conspiratio
659 3493 744 3556 lacta
766 3497 825 3558 cst.
871 3512 1004 3575 quorum
1035 3492 1199 3556 molitione
1228 3491 1355 3556 ‹letecta

182 3600 320 3666 diuersis
343 3599 386 3665 ab
408 3618 447 3666 eo
470 3602 643 3666 excruciati
666 3603 791 3686 periere
814 3602 991 3687 suppliciis.
1037 3601 1149 3666 horum
1173 3603 1201 3666 si
1225 3600 1354 3681 quidem

182 3764 483 3772 -——-—-—-—-——.

251 3869 441 3925 ticematell
511 3871 656 3925 lierctute
674 3869 707 3924 θ’
759 3869 838 3925 redut
855 3870 951 3924 om.I)
1020 3870 1145 3934 lelaurdl
1164 3868 1201 3923 dd
1218 3869 1281 3923 cdd.
1301 3870 1355 3924 Dm

182 3964 295 4017 drrrtral
311 3963 337 4017 n
407 3968 437 4017 13
455 3963 658 4031 pnuncraurtll
737 3969 766 4017 16
784 3964 965 4034 subscriptum
984 3965 1092 4016 axrmc'
1110 3979 1354 4017 nisantium-m-

182 4072 255 4109 cnur
274 4073 371 4109 arsura·
384 4073 422 4110 xv
435 4058 477 4110 ·in
496 4055 521 4110 D
607 4071 681 4110 aare
699 4058 751 4110 nr'ff
769 4074 822 4110 x111
837 4081 843 4091 ·
858 4057 936 4123 Jucff
955 4066 1043 4117 nmen
1061 4073 1125 4109 xnn
1145 4056 1173 4109 in
1192 4057 1219 4110 B
1288 4055 1355 4109 duo-

183 4148 323 4202 centeirmo
353 4149 379 4203 B
513 4154 543 4203 ro
571 4149 787 4218 quadragesimus
820 4148 932 4218 quartus
965 4165 992 4202 m
1031 4164 1141 4203 numero
1172 4152 1176 4218 1
1205 4151 1358 4202 marcianus

182 4241 306 4294 orrentalr
327 4242 353 4295 B
456 4246 484 4295 21
516 4241 743 4296 alicrrbunturD
852 4246 885 4295 ‘23
902 4242 1037 4309 genisaco
1057 4242 1084 4295 B
1186 4242 1355 4297 uuandaloru

184 4331 238 4385 BD
304 4333 472 4387 firmabrtl)
575 4336 608 4386 24
632 4333 766 4387 almost>
851 4335 1001 4403 gonlencul
1027 4335 1053 4389 B
1156 4339 1188 4389 25
1215 4335 1356 4389 rubrae

184 4427 214 4476 27
234 4430 376 4479 extrucratr
396 4426 421 4480 Ι)
