2834 5394
194 287 256 350 378
673 301 768 347 muru
790 301 877 348 xvnr

190 460 277 519 teros
298 458 330 516 et
353 471 469 518 auarus
492 457 523 516 ct
538 451 771 535 magnanimos,
795 450 986 518 ostendebat
1001 473 1111 519 omnes
1127 473 1197 518 curn
1213 455 1364 520 ueritate.

190 562 276 629 unde
298 560 448 627 dicebant
469 562 546 644 quia
567 561 714 645 spiritum
736 561 835 626 habet
856 563 1024 646 Pythonis.

274 670 368 737 Anno
391 671 518 755 imperii
538 670 708 741 Iusb'niaui
730 680 844 737 octauo
873 672 997 737 decimo
1026 672 1177 739 diffusum
1200 681 1249 739 est
1273 694 1362 741 mare

192 799 252 866 per
273 780 432 846 Thracem
455 780 602 846 miliariis
625 788 774 865 quattuor
801 789 832 846 ct
854 784 1017 866 cooperuit
1039 802 1111 848 eam
1134 789 1252 847 terram
1276 785 1363 849 cirea

190 896 300 976 partes
322 889 462 975 Odyssei
484 896 515 955 et
536 890 795 974 Dionysopoleos
817 898 850 956 et
872 893 963 956 multi
985 893 1090 956 norati
1113 900 1187 958 sunt
1209 892 1243 957 in
1266 895 1392 977 aquiso

190 1001 358 1066 etiterum
381 998 434 1064 dei
455 1008 627 1084 praecepto
649 1001 830 1067 restitutum
853 1009 903 1067 est
924 1000 1010 1066 idem
1034 1023 1121 1067 mare
1145 1003 1176 1066 in
1197 1004 1268 1068 loca
1292 1024 1362 1070 sua.

274 1110 368 1175 Anno
390 1110 518 1194 imperii
541 1109 712 1175 lastiniani
733 1129 818 1175 nono
841 1110 964 1176 decimo
987 1112 1071 1176 facta
1093 1119 1143 1178 cst
1164 1113 1276 1196 inopia
1300 1115 1363 1180 iru-

191 1220 288 1285 menti
317 1225 349 1283 et
376 1219 443 1285 uini
471 1239 510 1283 ao
531 1220 643 1304 pluuia
664 1240 793 1303 magna.
838 1230 870 1284 et
901 1221 1003 1287 iactus
1037 1230 1085 1287 cst
1116 1230 1222 1287 terrae
1256 1231 1361 1290 motus

192 1350 329 1414 magnus
352 1329 630 1412 Constantinopoli
652 1336 684 1393 ot
705 1330 830 1396 euersio
853 1329 906 1396 die
930 1338 1039 1395 sancto
1062 1332 1209 1397 Paschae
1232 1344 1263 1397 et
1285 1353 1358 1400 coe·

189 1439 238 1525 pit
259 1441 374 1525 uulgus
396 1460 416 1504 a
444 1439 594 1505 carnibus
623 1438 787 1505 abstinere
817 1459 927 1506 meuse
948 1441 1125 1505 Februario
1154 1441 1207 1506 die
1235 1452 1359 1526 quarta.
1379 1452 1405 1501 lo

189 1550 364 1634 imperator
386 1557 491 1615 autom
514 1549 679 1634 praecepit
700 1550 766 1613 alia
788 1549 990 1614 hebdomada
1020 1571 1150 1617 caruem
1179 1554 1302 1635 apponi
1329 1560 1361 1618 et

189 1678 301 1725 omnes
323 1660 467 1724 carnium
491 1659 676 1726 uenditores
698 1659 882 1723 occiderunt
904 1667 935 1724 et
962 1670 1184 1745 apposuerunt
1212 1670 1244 1727 et
1266 1682 1360 1728 uerno

190 1769 317 1834 emebat
349 1775 404 1835 aut
435 1768 561 1834 edebat.
607 1789 701 1852 porro
729 1769 857 1834 Pascha
888 1770 1005 1834 factum
1039 1778 1087 1835 est
1120 1778 1170 1860 ut.
1186 1773 1361 1855 imperator

189 1877 284 1947 iussit
306 1885 338 1943 et
359 1879 509 1944 inuentus
532 1886 581 1943 est
603 1879 740 1962 populus
763 1879 911 1945 ieiunans
934 1878 1138 1945 hebdomada
1160 1880 1333 1964 superflua

50 1978 180 2045 XXIIII
276 1987 370 2052 Anno
391 1987 545 2054 uicesimo
567 1987 670 2072 primo
692 1987 818 2072 imperii
845 1989 915 2055 eius
937 1989 1012 2053 lacti
1034 1999 1108 2055 sunt
1130 1997 1234 2056 terrae
1256 2000 1361 2058 motus
1379 2002 1406 2051 15

190 2096 300 2180 magni
327 2103 359 2161 et
387 2097 517 2181 pluuiae
539 2104 726 2180 mortuaque
749 2105 799 2164 est
820 2098 992 2164 Theodora
1013 2100 1168 2182 Augusta.
1213 2102 1362 2168 similiter

192 2214 224 2274 et
245 2206 392 2291 sequenti
414 2226 500 2271 anno
522 2206 607 2271 tacta
628 2215 703 2273 sunt
724 2208 849 2291 fulgora
871 2216 903 2274 et
925 2208 1065 2275 tonitrua
1087 2211 1132 2274 ita
1147 2217 1181 2273 ut
1197 2209 1359 2277 dormien-

190 2324 240 2384 tes
262 2338 303 2384 ex
324 2317 443 2383 tonitru
464 2317 670 2383 laederentur
691 2325 788 2402 atque
809 2318 960 2383 incendia
981 2338 1083 2403 penes
1105 2320 1307 2402 Byzantium.

274 2427 367 2494 Anno
396 2428 521 2511 imperii
550 2428 721 2494 Iustiniani
749 2428 902 2494 uicesimo
931 2430 1024 2494 tertio
1053 2431 1179 2512 legatus
1209 2428 1361 2495 Indorum

189 2541 278 2605 uenit
309 2537 621 2623 Constantinopolim
654 2536 774 2604 drrcens
807 2538 1010 2623 elephantem
1048 2546 1080 2603 et
1112 2540 1278 2622 ingressus
1312 2547 1360 2607 est
1375 2543 1407 2594 Ἀ)

189 2648 453 2733 Hippodromum.
498 2668 609 2714 mense
631 2656 738 2713 autem
753 2649 868 2713 Martio
890 2648 993 2713 exiliit
1014 2648 1170 2733 elephans
1193 2669 1211 2714 e
1234 2649 1361 2715 stabulo

191 2765 285 2823 noctu
307 2765 339 2823 et
360 2758 519 2823 interiecit
541 2759 666 2837 multos,
690 2758 772 2823 alios
795 2777 870 2822 uero
894 2757 1086 2822 ‹labilitauit

259 2869 373 2934 ‘Porro
395 2867 488 2932 lunio
511 2887 622 2932 mense
644 2867 730 2932 facta
752 2874 826 2933 sunt
848 2869 1003 2932 encaenia
1026 2875 1208 2933 sanatorum
1231 2876 1361 2952 aposto-

190 2979 293 3044 lorum
321 2977 408 3063 apud
436 2977 748 3060 Constantinopolim
776 2983 809 3042 et
836 2976 1003 3042 recondita
1031 2984 1105 3042 sunt
1126 2977 1275 3059 λείψανα
1296 2978 1361 3043 Au·

191 3088 289 3154 dreae
309 3088 416 3153 Lucae
444 3106 484 3152 ac
505 3084 669 3151 Timothei
697 3087 914 3170 apostolorum
943 3095 974 3152 et
1002 3087 1129 3152 transiit
1151 3087 1264 3154 Menas
1294 3088 1361 3172 epi·
1376 3091 1406 3141 ²⁵

190 3216 306 3280 scopus
328 3216 399 3260 cum
422 3196 542 3262 sanctis
564 3193 743 3278 λειψάνοις
760 3196 889 3262 sedens
919 3197 952 3261 in
981 3215 1113 3261 carruca
1136 3215 1235 3261 aurea
1258 3197 1360 3280 impe·

189 3306 310 3393 rotaria
330 3305 493 3390 lapidibus
515 3305 670 3388 insignita
697 3313 811 3372 tenens
839 3313 903 3372 tres
933 3305 1045 3372 thecas
1075 3314 1259 3372 sanctorum
1283 3326 1359 3389 apo-

190 3415 342 3482 stolorum
365 3415 400 3479 in
420 3415 557 3499 genibus
580 3415 647 3481 suis
670 3423 702 3480 et
723 3416 770 3481 ita
791 3416 948 3481 encaenia
969 3415 1153 3480 celebrauit.

274 3525 435 3592 Vicesimo
458 3525 594 3610 septimo
617 3525 744 3609 imperii
767 3525 937 3591 Iustiniani
963 3546 1048 3589 anuo
1071 3525 1173 3590 lactus
1189 3533 1239 3591 est
1253 3531 1359 3590 terrae

191 3641 296 3702 motus
318 3636 469 3702 terribilis
492 3634 773 3719 Constantinopoli
802 3641 834 3700 et
862 3636 1110 3719 circumquaque
1141 3634 1273 3701 urbibus
1303 3635 1359 3718 qui
1376 3642 1408 3693 :to

191 3745 294 3811 tenuit
325 3746 440 3812 diebus
473 3744 697 3830 quadraginta.
741 3751 773 3811 et
805 3746 961 3828 paulatim
994 3745 1141 3810 homines
1178 3745 1360 3828 compuncti

192 3862 266 3922 sunt
288 3856 435 3921 litaniam
457 3864 591 3940 agentes
613 3862 646 3921 et
666 3856 908 3939 frequentantes
930 3863 1026 3940 atquo
1048 3855 1081 3919 in
1104 3855 1251 3920 eeclesiis
1274 3874 1360 3918 oom-

141 4144 145 4161 '
258 4147 450 4217 tprthoml'll
524 4148 677 4203 ttraceD
751 4147 877 4202 bodillo
895 4152 922 4200 et
940 4146 1183 4216 dyonrlopoleotll
1258 4151 1361 4201 deon-

192 4240 362 4308 ltantmopoli
380 4243 491 4311 magnus
507 4247 533 4295 ot
551 4240 577 4294 h
628 4240 728 4308 pascha
747 4239 802 4295 ΒΡ
857 4238 971 4309 copul)
1043 4245 1069 4293 tt
1091 4238 1281 4294 ebdomadeD
1334 4246 1362 4294 et

190 4345 241 4383 om.
259 4331 294 4385 D⁴
399 4339 428 4387 lt
445 4333 640 4388 ebdomadal)
744 4337 775 4386 18
795 4332 958 4386 brzantruD
1060 4337 1092 4387 23
1111 4340 1137 4385 et
1154 4337 1186 4386 28
1204 4348 1318 4387 anaema
1335 4332 1362 4387 h

191 4424 224 4474 24
241 4421 343 4490 lrplana
360 4423 387 4478 h
455 4429 487 4480 26
505 4425 654 4494 lrplanrlD
722 4424 1039 4493 30ecnltautrnopol11)
1108 4430 1141 4479 32
1159 4426 1260 4480 letania
1277 4425 1304 4480 Ι)
