2834 5394
165 298 231 359 ‘244
685 308 777 354 nram
799 308 835 354 ru

169 461 473 528 contaminationem
497 460 574 525 uiris
599 459 666 525 suis
687 459 780 524 reddi
802 458 934 522 iubebat
957 478 1022 522 uon
1044 466 1110 521 tam
1140 456 1272 541 expleta
1294 455 1346 520 ad-

168 573 275 639 ulterii
305 571 438 637 libidine
475 592 570 655 quarn
603 570 781 634 immutata.
832 576 941 635 tantus
989 588 1065 634 uero
1096 574 1203 634 metus
1237 575 1347 652 patres

171 683 365 769 plebemque
387 687 595 766 oppresserat
617 681 662 745 uti
684 698 726 745 nc
748 680 808 743 hoc
830 679 936 763 ipsum
959 679 1088 762 quidem
1110 678 1197 762 quod
1212 678 1246 742 iu
1263 686 1349 742 metu

172 798 265 859 erant
285 793 395 877 palam
417 791 588 857 ostendere
610 789 766 855 mulctent
795 790 853 856 scd
883 790 1028 855 terebmrl
1056 790 1218 854 insuetam
1247 788 1348 854 serui-

172 908 270 967 tutem
293 910 459 985 gementes
488 909 520 966 ct
548 900 671 982 aliquid
699 921 757 984 pro
780 900 928 964 libertato
951 901 1093 983 cogitare
1113 906 1203 965 metu
1225 898 1350 963 iuhibe—

172 1013 290 1077 bantur
321 1031 392 1076 cum
422 1012 478 1077 ille
510 1032 573 1076 non
608 1012 672 1075 iarn
705 1012 755 1075 ira
783 1010 842 1076 scd
871 1010 1005 1075 libidine
1027 1008 1136 1075 caedis
1158 1010 1349 1093 agitaretur.

174 1122 314 1205 denique
336 1121 476 1205 quadarn
500 1121 551 1186 die
573 1121 753 1206 imperabat
775 1120 928 1185 militibus
951 1119 1019 1185 suis
1041 1119 1130 1184 crire
1144 1139 1206 1203 per
1220 1119 1354 1204 plateas

173 1232 271 1298 totius
294 1232 382 1298 urbis
405 1239 436 1296 ct
458 1252 569 1297 omncs
592 1232 646 1314 qui
668 1231 890 1311 occurrissent,
914 1230 1142 1313 erriuscumque
1171 1230 1292 1295 aetatis
1320 1238 1358 1294 et.

175 1342 345 1408 cuiuslibet
375 1360 472 1408 sexus
500 1342 617 1425 gladiis
647 1342 817 1406 caederent
844 1341 1096 1424 iruuuucracque
1124 1339 1352 1405 multitudines

174 1452 286 1537 populi
313 1453 449 1517 Romani
481 1472 545 1517 non
579 1452 718 1518 hostiurn
753 1451 810 1517 scd
840 1453 957 1515 ciuium
987 1451 1059 1515 telis
1090 1450 1236 1515 deiectae
1265 1459 1350 1516 sunt.

175 1569 342 1628 senatores
374 1583 452 1627 ucro
486 1568 518 1627 et
550 1562 581 1625 lri
616 1563 754 1627 maxime
788 1562 841 1645 qui
876 1563 927 1625 uel
957 1561 1132 1626 honoribus
1154 1562 1208 1624 ucl
1232 1561 1344 1645 opibus

175 1673 327 1737 clariores
348 1672 382 1736 in
404 1672 493 1737 curia
514 1671 706 1737 uidebantur
728 1673 872 1737 coulictis
894 1671 1080 1736 criminibus
1108 1678 1276 1751 tamquaur
1306 1673 1344 1735 rei

174 1782 278 1866 puniti
311 1783 544 1866 proscriptique
578 1790 661 1848 sunt.
713 1783 858 1865 magicae
892 1800 1018 1864 (quoquc
1047 1780 1125 1846 artis
1154 1780 1342 1845 iudustriam

175 1892 309 1957 summis
333 1892 447 1958 studiis
470 1892 645 1974 excolebat,
668 1891 711 1956 ad
733 1912 816 1975 (quac
838 1891 1016 1955 nriuistcn'a
1038 1889 1201 1975 explenda
1223 1891 1343 1975 perqui-

174 2000 328 2064 rebantur
349 2001 501 2067 mulieres
523 2003 648 2067 nobiles
670 2000 825 2084 grauidae
847 2012 878 2066 ct
901 2001 1065 2065 adhibitae
1087 2000 1223 2066 funestis
1247 2003 1359 2066 sacris

174 2108 302 2174 mediae
324 2110 561 2191 scindebantur,
586 2111 794 2196 rapiebantur
816 2122 848 2177 et
860 2111 987 2196 paruuli
1009 2110 1149 2175 iusautcs
1173 2130 1345 2195 corumque

175 2226 250 2284 enta
272 2220 450 2287 uisceribus
472 2223 603 2287 reuulsa
631 2223 923 2305 perscrutabantur.
968 2221 1198 2303 iugulabautur
1226 2229 1259 2286 et
1286 2222 1345 2285 leo·

174 2349 233 2395 nes
256 2338 287 2395 et
309 2331 458 2396 nefandis
481 2332 671 2415 quibusdam
696 2333 884 2397 conunentis
905 2351 943 2396 ae
965 2331 1205 2415 precationibus
1220 2330 1345 2395 damno·

173 2441 247 2505 nica
268 2448 339 2507 arte
361 2442 545 2526 compositis
568 2442 654 2505 bella
676 2462 733 2526 per
755 2442 836 2506 baec
858 2442 1047 2506 dicebantur
1069 2461 1179 2506 arcere
1194 2446 1225 2504 ct
1242 2438 1346 2504 crede-

175 2551 270 2616 batur
290 2553 341 2617 ius
365 2552 477 2634 iusque
500 2553 590 2635 regni
614 2573 672 2635 pcr
694 2554 787 2617 netas
809 2572 906 2636 posse
930 2551 1063 2617 seruari.
1109 2551 1159 2617 bis
1183 2571 1262 2616 ucro
1285 2571 1348 2615 ma-

175 2660 216 2726 lis
239 2661 386 2727 erunibus
409 2663 505 2725 ctiam
530 2662 606 2726 illud
631 2661 760 2726 additur
783 2661 868 2746 quod
891 2662 938 2725 illi
961 2662 1015 2745 qui
1036 2681 1095 2746 pcr
1110 2669 1236 2726 ceteras
1252 2660 1348 2726 urbes

174 2771 226 2833 uel
248 2791 344 2853 agros
366 2772 494 2835 lucrant
515 2772 685 2854 tyrannica
706 2771 894 2836 crudelitate
917 2770 1059 2835 deterriti
1082 2770 1157 2834 durn
1181 2770 1264 2835 nilril
1287 2770 1348 2836 sibi

177 2878 220 2944 ad
242 2880 341 2945 uitam
366 2887 468 2945 tuturn
491 2888 614 2964 qrutant,
638 2881 757 2946 relictis
779 2882 867 2964 agris
888 2902 946 2964 per
974 2882 1046 2945 loca
1074 2880 1186 2945 abdita
1213 2888 1246 2945 ct
1273 2882 1350 2944 late

176 2990 256 3056 bras
272 2998 364 3056 eunt:
388 2991 473 3055 oruni
490 2991 596 3057 studio
612 2991 725 3056 araudi
749 2992 941 3072 scrcrulique
964 3000 1111 3056 cessante
1133 2999 1223 3055 tauta
1247 2991 1350 3056 tames

174 3101 286 3164 urbem
316 3107 413 3183 atquc
444 3101 553 3165 omnia
581 3103 653 3167 loca
684 3103 849 3167 inuaserat
877 3109 911 3164 ut
938 3101 1018 3164 nibil
1048 3101 1162 3184 reliqui
1191 3100 1234 3164 ad
1264 3101 1350 3165 uitac

173 3208 351 3274 subsidium
375 3210 476 3274 ficret.

92 3316 152 3380 l'lI
261 3317 492 3385 Constantinus
516 3320 628 3403 igitur>
650 3320 719 3386 cius
743 3321 852 3405 copias
876 3321 983 3385 multis
1012 3321 1143 3404 procliis
1172 3320 1257 3385 fudit
1287 3318 1350 3403 (ta-

174 3447 248 3493 men
272 3436 403 3512 propter
425 3430 568 3513 magicas
590 3438 676 3495 artos
708 3450 779 3495 curn
809 3429 905 3495 ualde
934 3431 1106 3496 metuebat.
1151 3450 1288 3514 eumque
1316 3432 1349 3495 iu

172 3536 387 3604 haesitatione
417 3542 517 3604 multa
549 3542 737 3606 consisteret
766 3549 798 3605 ct
821 3540 922 3603 multa
950 3560 1058 3605 secum
1088 3538 1129 3605 de
1151 3541 1349 3606 imminentis

173 3647 250 3713 belli
273 3650 466 3715 necessitate
497 3652 692 3735 pcruolucus
721 3651 780 3715 itcr
808 3659 920 3733 ageret
947 3657 1044 3734 atque
1067 3649 1109 3714 ad
1132 3651 1258 3716 caelum
1283 3670 1350 3717 sae·

173 3732 382 3843 pius⁵oculos
405 3762 531 3826 leuaret
553 3768 585 3825 ct
613 3760 689 3825 iude
718 3760 779 3825 sibi
808 3759 951 3824 diuiruun
981 3768 1166 3844 precaretur
1194 3761 1349 3825 auxilium

172 3867 264 3933 uidet
284 3889 343 3952 per
366 3890 515 3954 soporem
538 3868 580 3935 ad
603 3869 758 3935 orientem
780 3877 902 3954 parmrn
927 3871 957 3934 in
982 3871 1072 3936 caclo
1095 3871 1223 3954 siguum
1247 3871 1350 3936 crucis

243 4073 274 4121 14
293 4069 497 4125 excolebantl)
559 4069 592 4122 nd
612 4075 689 4138 quac]
709 4076 762 4138 atq.
783 4069 808 4123 D
895 4068 1074 4124 inurerer)
1156 4074 1189 4123 20
1206 4069 1306 4139 laitrtq.
1327 4068 1351 4124 lt

173 4162 206 4212 23
225 4166 251 4213 ct
268 4161 387 4216 latebras
402 4162 443 4216 Ρ.·
461 4163 579 4216 latebras
596 4162 620 4216 Ι)
724 4167 756 4215 25
775 4164 927 4216 rnualcraut
946 4162 971 4217 n
1074 4167 1105 4216 27
1133 4163 1226 4231 copres
1252 4164 1308 4218 erut
1324 4162 1351 4217 Β

173 4253 301 4317 at-ma
320 4258 349 4306 21
370 4256 405 4323 <>
421 4255 463 4310 Il:
488 4257 572 4325 rplum
597 4256 730 4323 postremo
748 4270 821 4325 rome
840 4256 989 4323 adlncrsum
1008 4255 1111 4310 nolnlet
1126 4256 1253 4311 ommbuf
1268 4256 1353 4311 erutus

174 4342 324 4413 temenltem
341 4346 413 4414 apud
430 4356 540 4416 pontem
557 4348 687 4401 mulurum
706 4348 770 4400 uicrt
783 4350 804 4414 ·Ι
822 4349 950 4417 italiaque
967 4350 1005 4403 ett
1022 4349 1125 4417 potrtut'
1135 4375 1141 4386 ·
1157 4356 1326 4404 maxeutrum
1345 4351 1351 4419 Ι

175 4433 336 4502 tubpolrtnm
353 4438 443 4494 terunt
461 4441 488 4495 B
558 4444 591 4494 29
609 4441 748 4495 elrtatrone
767 4439 792 4494 I)
861 4446 893 4493 dd
911 4441 1024 4511 puolcnt
1040 4441 1066 4496 D
1135 4446 1167 4497 32
1186 4452 1285 4498 orrentr
1303 4442 1330 4499 1)
