2834 5394
134 270 195 331 250
640 283 734 330 nuuu
757 283 794 330 xr

132 435 221 518 leges
250 434 404 517 erogauit,
442 432 599 515 quasdam
628 454 667 499 ex
695 435 780 500 bono
802 443 834 501 et
855 455 968 520 aequo,
997 437 1174 521 plerasque
1196 457 1309 522 super-

130 544 221 626 fluas,
243 564 309 610 non
331 544 436 610 nullas
459 564 600 610 seueras.

8 659 110 725 Xllll
216 655 407 738 Primusque
430 655 540 718 urbem
563 655 702 721 nominis
725 656 775 721 sui
790 655 832 720 ad
847 661 972 720 tautum
987 656 1151 739 fastigium
1167 656 1309 722 sue-here

130 766 258 831 molitus
281 772 330 831 ost
352 771 386 829 ut
406 765 529 830 Romae
552 765 711 830 aemulam
734 766 862 831 taceret.
915 764 1007 848 <nam
1036 786 1106 831 eum
1138 767 1169 831 ei
1198 767 1309 830 omnia

129 895 284 961 prospere
306 874 466 955 oederent,
495 875 659 959 propriam
682 876 781 939 uoluit
802 875 951 940 habitare
973 877 1137 942 ciuitatem
1159 878 1309 943 ueniens·

130 986 256 1071 quoad
279 1005 427 1071 eampum
450 993 526 1050 ante
548 985 641 1050 Ilium
663 986 813 1071 positum,
836 986 926 1051 iuxta
941 987 1186 1070 Hellespontum
1211 1007 1308 1070 super

129 1096 264 1162 Aeantis
285 1095 450 1176 tumulum,
481 1096 535 1160 ubi
557 1096 672 1161 Achiui
693 1102 804 1161 eontra
826 1096 956 1161 Troiam
978 1105 1164 1181 pugnantes
1187 1095 1303 1162 habue-

129 1213 204 1272 runt
225 1211 340 1286 eastra,
364 1204 526 1271 ciuitatem
548 1204 730 1288 designauit
751 1213 925 1290 portasque
947 1206 1021 1272 iecit
1043 1226 1128 1291 quae
1150 1206 1298 1271 hacteuus

130 1316 281 1382 uidentur
302 1335 323 1378 a
344 1315 583 1398 nauigantibus.
628 1315 709 1380 llaec
730 1316 839 1397 agenti
860 1323 1065 1400 pernoctem
1095 1316 1177 1381 deus
1207 1336 1298 1401 appa·

132 1427 216 1492 rauit
237 1445 372 1491 monens
395 1432 429 1489 ut
451 1426 548 1489 alium
564 1432 733 1509 quaereret
747 1427 850 1489 loo-um
866 1445 1003 1509 eumque
1019 1445 1154 1492 monens
1169 1444 1297 1511 pergere

135 1537 176 1602 ad
199 1536 391 1622 Byzantium
415 1535 574 1599 Thraciae
603 1535 668 1599 illio
696 1555 768 1600 eum
797 1535 945 1601 habitare
967 1536 1071 1602 iussit.
1115 1556 1202 1620 quae
1235 1558 1300 1600 eum

131 1648 277 1732 primitus
299 1646 490 1731 Byzantium
513 1652 689 1727 uocaretur,
714 1647 804 1710 auxit
826 1653 857 1711 et
880 1646 1019 1711 inaximo
1041 1665 1113 1710 eam
1136 1666 1228 1710 muro
1251 1646 1302 1709 eir·

135 1757 296 1822 cumdedit
318 1763 350 1821 ot
372 1755 509 1821 diuersis
532 1762 679 1819 ornatam
703 1753 839 1822 tarbrieis'
856 1776 994 1840 aequam
1009 1755 1171 1840 imperiali
1185 1757 1304 1819 Romae

135 1867 298 1933 constituit
320 1875 351 1931 et
373 1865 611 1930 denominatam
629 1865 941 1951 Constantinopolim
956 1865 1115 1951 appellari
1131 1865 1306 1931 secundam

137 1979 272 2042 Romam
294 1976 366 2058 loge
388 1974 537 2058 firmauit,
576 1975 668 2041 sie-uti
700 1976 755 2041 lex
786 1976 859 2060 ipsa
893 1975 927 2039 in
955 1995 1137 2040 marmorea
1163 1976 1307 2060 platoma

137 2086 279 2151 uoseitur
300 2103 373 2150 esse
389 2085 571 2170 conscripta
592 2094 625 2151 et.
639 2086 671 2150 in
688 2086 849 2169 Strategio
865 2086 955 2150 iuxta
969 2093 1151 2169 equestrem
1167 2091 1306 2150 statuam

132 2197 201 2262 eius
224 2202 273 2261 est
295 2195 475 2260 constituta.
520 2215 623 2279 eaque
646 2216 770 2261 summa
791 2196 984 2261 liberalitate
1007 2195 1109 2260 ditata
1131 2195 1164 2259 in
1180 2196 1309 2261 illustri·

135 2307 195 2373 ltus
217 2305 366 2371 domibus
390 2324 445 2370 eos
468 2305 522 2386 qui
544 2305 585 2369 ab
608 2306 688 2370 urbo
709 2307 812 2370 Roma
839 2313 942 2387 orant,
981 2305 1069 2371 uiros
1096 2306 1309 2390 rationabiles

135 2416 304 2482 collocauit
324 2423 355 2480 et
378 2435 418 2480 ex
439 2415 513 2481 aliis
535 2416 615 2481 loeis
638 2415 813 2481 seeundum
843 2436 946 2499 genus
976 2416 1101 2498 eligens
1134 2422 1165 2479 et
1197 2415 1309 2482 domos

134 2548 270 2611 magnas
298 2527 346 2592 eis
376 2526 520 2591 tribuens
550 2534 583 2590 ut
613 2525 812 2590 lralritaretur
840 2526 955 2591 ciuitas
985 2525 1059 2608 egit.
1104 2534 1180 2589 tuno
1212 2526 1309 2591 etiam

138 2640 290 2721 templum
320 2645 452 2701 saue-tae
474 2636 616 2720 Sophiae
645 2644 677 2700 et
706 2642 837 2701 sanetae
860 2637 999 2701 Eirenao
1029 2644 1061 2700 et
1088 2637 1309 2719 apostolorum

138 2754 169 2812 et
192 2746 295 2813 saneti
322 2746 411 2809 ltlotii
434 2752 466 2810 et
487 2745 673 2829 archangeli
701 2745 755 2810 dei
783 2746 904 2811 amicus
934 2746 1084 2829 princeps
1112 2745 1309 2811 aodifieauit.

134 2865 208 2922 tuno
230 2856 372 2921 tunditus
396 2856 514 2939 templo
530 2855 673 2940 Asclepii
695 2874 796 2939 penes
818 2856 927 2939 Aegas
950 2862 982 2920 et
998 2856 1134 2921 Veneris
1149 2855 1184 2919 in
1200 2856 1309 2941 Aplra-

133 2967 178 3033 eis
202 2966 262 3033 sito
285 2964 445 3031 destructo
469 2972 565 3046 atquo
588 2965 662 3031 aliis
691 2966 862 3048 multisque
892 2966 1015 3031 euersis
1044 2965 1157 3029 horum
1187 2966 1309 3032 reditus

134 3076 266 3140 donauit
287 3075 442 3141 ecelesiis.
487 3075 659 3141 simulacra
680 3095 820 3159 namque
842 3082 957 3141 ornata
977 3075 1105 3159 publiea
1128 3074 1309 3143 Constanti-

134 3185 321 3269 nopolitaua
336 3186 415 3249 urbo
429 3185 597 3269 proposuit
612 3191 644 3249 et
660 3184 806 3269 tripodas
819 3185 995 3269 Delphicus
1011 3185 1045 3249 in
1066 3184 1149 3249 eiroo
1171 3185 1217 3251 ad
1240 3206 1309 3272 spe·

134 3297 291 3360 otaeulum
315 3293 413 3374 dedit,
443 3313 525 3375 quae
553 3314 624 3358 oum
646 3295 718 3379 ipso
739 3295 910 3360 uideantur
938 3303 1081 3379 aspectu,
1111 3296 1309 3380 superfluere

135 3406 287 3470 teruntur.
331 3412 407 3468 tuno
428 3404 547 3468 multae
569 3411 683 3487 gentos
707 3405 750 3469 ad
772 3405 966 3490 baptismum
989 3415 1196 3470 secesserunt
1218 3407 1309 3471 ruira-

135 3516 214 3581 eulis
236 3523 338 3595 astae,
369 3533 452 3595 quae
481 3519 611 3597 patrata
633 3521 707 3579 sunt
729 3535 750 3580 a
772 3515 907 3600 captiuis
937 3513 1159 3581 sacerdotibus
1188 3518 1244 3600 qui
1266 3516 1309 3580 iu·

135 3633 227 3689 eraut
249 3625 308 3691 sub
332 3622 481 3688 Gallieno
504 3624 666 3708 eaptiuati.

205 3958 344 4020 trogaurt
363 3951 390 4004 B
465 3955 597 4004 3eueere
616 3951 643 4004 B
729 3950 881 4005 dillumI)
969 3953 1087 4006 loauul
1101 3950 1129 4006 D
1206 3957 1309 4007 sacta

141 4045 233 4099 null)
321 4050 351 4098 tt)
370 4060 480 4113 porgere
499 4060 551 4098 oua
571 4043 597 4098 u
670 4049 696 4097 lt
717 4044 835 4097 brzautu'r
852 4044 954 4114 trachre
972 4044 999 4099 I)
1103 4049 1133 4097 ta
1151 4044 1309 4100 bizantu‘rd

136 4137 272 4191 mucroI)
333 4142 364 4191 13
383 4143 480 4191 ornata
498 4137 586 4207 (prior
604 4152 621 4190 a
638 4139 665 4190 iu
683 4136 792 4191 rosal)
860 4142 888 4189 15
906 4136 1025 4204 platoma
1043 4154 1092 4192 racc
1112 4137 1247 4193 Graecam
1264 4153 1309 4191 aec

137 4230 263 4283 Latinam
280 4236 321 4284 est
424 4234 454 4282 tl
479 4232 537 4298 edq.
556 4229 582 4283 Ι)
667 4227 790 4283 libertato
815 4230 873 4284 cod.
893 4228 1003 4284 Pallori
1103 4234 1132 4283 21
1161 4230 1309 4286 herreuel

137 4321 338 4377 22m0c11DP
406 4327 439 4376 23
458 4323 520 4391 egat
536 4321 561 4375 Ι)
639 4325 671 4374 24
689 4320 790 4388 alutl)
873 4326 906 4377 26
924 4322 1042 4377 crreull
1119 4326 1152 4376 aa
1169 4328 1200 4377 ta
1219 4325 1247 4377 in
1265 4340 1309 4393 pa·

137 4418 208 4465 trata
227 4415 255 4466 iu
272 4431 327 4468 ras.
347 4416 374 4468 ia
393 4414 419 4469 o
488 4420 521 4468 3⁰
539 4414 643 4483 galreno
662 4413 688 4467 Ι)
