2834 5394
180 280 243 345 428
680 295 773 342 nram
796 295 843 341 xx

179 454 309 533 perator
330 447 448 530 legatis
476 445 518 512 ed
547 446 712 514 Chosroen
743 447 853 514 missis
884 446 1012 530 rogauit
1040 464 1113 511 enm
1142 454 1176 523 ut
1205 456 1352 530 parceret

179 557 344 624 hominum
376 557 568 641 sanguinem
600 556 886 623 inmisericorditer
919 556 1104 622 effundendi
1138 562 1171 622 et
1203 555 1352 623 deliniret

178 667 299 734 tributa
331 675 363 734 et
395 667 556 752 acciperet
591 675 696 752 pacta.
750 667 805 750 qui
844 668 968 749 legatos
1001 666 1184 734 inefficaces
1219 667 1351 734 dimisit.

179 778 269 844 nulla
296 778 344 844 eis
372 776 501 844 reddita
527 777 652 842 ratione
682 796 818 861 sperans
839 776 1113 862 comprehendere
1134 779 1352 843 Romanorum

179 888 285 956 modis
306 888 454 954 omnibus
477 887 702 972 principatum.
747 906 842 972 porro
858 887 1027 954 Heraclius
1050 887 1163 952 eodem
1185 908 1273 953 anno
1295 887 1385 953 ‹lu-⁵

179 999 226 1064 rit
247 999 369 1064 inceste
384 998 556 1063 Martinam
572 1003 702 1082 neptem
718 1017 810 1063 suam
826 1017 960 1063 uxorem
983 1007 1015 1062 et
1035 998 1258 1084 pronuntiauit
1280 1018 1351 1064 eam

178 1108 356 1191 Augustam
378 1117 564 1173 coronatam
586 1128 607 1172 a
629 1108 742 1191 Sergio
765 1108 960 1191 patriarcha.

23 1246 27 1281 ε
125 1220 154 1285 V
261 1217 355 1282 Anno
384 1218 510 1302 imperii
539 1218 682 1283 Heraclii
714 1219 826 1302 quinto
854 1228 1008 1303 ceperunt
1035 1220 1157 1285 Persae
1179 1218 1351 1285 Iordanem

178 1327 263 1392 hello
284 1335 317 1392 et
330 1329 550 1395 Palaestinam
573 1336 605 1394 et
628 1336 773 1396 sanctam
796 1328 960 1395 ciuitatem
983 1337 1015 1395 et
1036 1331 1153 1396 multos
1174 1330 1209 1394 in
1231 1349 1273 1395 ea
1294 1349 1352 1414 per

175 1437 368 1503 Iudaeorum
392 1460 506 1505 uranus
528 1440 757 1506 interfecerunt
784 1437 818 1503 id
847 1447 897 1504 est
926 1447 960 1504 ut
988 1438 1120 1523 qnidam
1149 1440 1240 1505 aiunt
1262 1440 1352 1504 milia
1372 1444 1401 1492 10

177 1549 364 1633 nonaginta
407 1551 460 1616 isti
485 1551 570 1615 enim
593 1556 736 1616 ementes
752 1547 955 1616 Christianos
977 1571 1036 1633 pro
1060 1558 1094 1615 ut
1116 1571 1199 1616 unus
1215 1532 1352 1634 quisque

177 1657 298 1726 hahere
324 1666 450 1745 poterat
479 1659 669 1726 occidebant
697 1679 763 1727 eos.
807 1659 998 1725 Zachariam
1021 1680 1097 1725 uero
1118 1659 1352 1745 Hierosolymi-

177 1780 288 1835 tanum
310 1771 491 1856 praesulem
519 1770 776 1855 conprehensum
805 1777 837 1835 et
865 1771 1009 1855 pretiosa
1036 1790 1074 1836 ac
1103 1770 1234 1836 uiuifiea
1262 1771 1353 1854 ligna

176 1898 248 1945 cum
272 1881 373 1945 multa
394 1879 517 1965 praeda
540 1882 574 1946 in
597 1880 761 1946 Persidem
784 1879 1000 1946 abduxerunt.
1044 1880 1156 1946 eodeni
1179 1900 1268 1958 anno
1296 1902 1351 1946 na·

176 1994 228 2055 tus
249 1995 299 2055 est
323 1990 507 2073 imperatori
531 1989 762 2057 Constantinus
784 1991 868 2057 alius
890 1997 922 2056 et
944 1990 1127 2077 baptizatus
1150 1999 1200 2058 est
1222 1991 1257 2056 in
1278 1991 1398 2056 Bia-1⁵

176 2096 307 2164 chernis
329 2118 350 2163 a
372 2098 484 2182 Sergio
508 2100 701 2184 patriarcha.

260 2210 355 2275 Anno
376 2207 505 2295 imperii
526 2210 669 2276 Heraclii
691 2219 783 2277 sento
806 2219 959 2295 oeperunt
980 2212 1100 2278 Persae
1123 2220 1222 2275 totam
1245 2213 1350 2296 Aegy·

174 2325 265 2405 ptum
287 2326 319 2386 et
340 2320 572 2386 Alexandriam
594 2328 626 2386 et
646 2321 784 2407 Libyam
806 2329 839 2388 et
861 2340 962 2406 usque
985 2320 1027 2386 ad
1042 2321 1249 2405 Aethiopiam
1272 2322 1350 2386 niul·

175 2437 272 2516 taque
293 2430 418 2517 praeda
439 2440 568 2516 sumpta
589 2438 621 2498 et
643 2432 770 2499 exuuiis
792 2451 889 2516 qnam
911 2431 1056 2509 plurimis
1084 2440 1116 2498 et
1137 2432 1285 2516 pecuniis
1307 2431 1350 2498 ad

175 2542 307 2627 propria
328 2551 521 2609 remearunt.
565 2543 795 2627 Carthaginem
817 2550 924 2607 autem
946 2542 1077 2607 minime
1100 2543 1272 2608 caluerunt
1299 2563 1350 2609 ca·
1366 2552 1398 2600 m

175 2670 252 2734 pere
274 2652 332 2718 sed
354 2653 502 2719 custodia
523 2652 660 2720 dimissa
681 2651 853 2719 obsidendi
876 2672 948 2719 eam
971 2661 1183 2719 recesserunt.

260 2762 354 2826 Anno
376 2763 504 2847 imperii
526 2764 667 2828 Heraclii
690 2763 828 2847 septimo
857 2769 964 2829 castra
992 2763 1103 2828 metati
1133 2769 1207 2829 sunt
1228 2763 1349 2830 Persae

175 2876 288 2937 contra
315 2871 546 2956 Carthaginem
583 2894 680 2957 quam
716 2880 749 2939 et
787 2872 870 2938 bello
907 2881 1071 2957 ceperunt.
1116 2872 1230 2938 eodem
1263 2893 1348 2939 anno

175 2983 287 3048 ‹ronsul
312 2983 414 3049 lactus
437 2992 487 3049 est
508 2982 739 3049 Constantinus
761 2984 866 3048 iunior
889 2983 944 3067 qui
966 2990 998 3048 et
1019 2984 1189 3050 Heraclius
1203 2983 1346 3050 Heraclii

175 3091 260 3158 filius
283 3100 315 3157 et
336 3094 485 3176 prouexit
505 3094 540 3158 in
563 3092 736 3158 Caesarem
760 3092 1008 3160 Constantinum
1037 3095 1192 3159 minorem
1215 3094 1346 3160 fratrem
1364 3098 1396 3148 2⁵

175 3221 268 3267 suum
291 3220 332 3266 ex
354 3202 505 3267 Heraclio
526 3203 670 3286 genitum
694 3209 727 3268 et
747 3202 896 3269 Martina.

107 3310 150 3375 Vl
257 3311 352 3376 Anne
375 3312 501 3396 imperii
532 3314 582 3379 sui
609 3319 723 3378 octauo
746 3334 857 3380 rursus
877 3313 1047 3379 Heraclius
1076 3315 1163 3379 misit
1185 3316 1219 3378 in
1243 3315 1348 3381 Persi·

173 3421 248 3487 dem
269 3422 395 3506 legatos
422 3421 465 3488 ad
487 3422 652 3489 Chosroen
680 3425 850 3509 postulans
877 3443 1001 3509 pacem.
1045 3432 1079 3489 at
1101 3423 1261 3491 Chosroes
1290 3424 1348 3490 ite·

172 3553 243 3598 rum
265 3552 321 3600 eos
345 3534 467 3620 spreuit
489 3553 683 3602 asseuerans
707 3534 787 3599 ‘non
816 3552 947 3618 parcam
979 3534 1072 3601 uobis
1109 3533 1212 3600 donec
1242 3535 1346 3600 cruci·

172 3643 271 3709 fixum
294 3645 463 3728 abnegetis
487 3664 580 3730 quem
603 3645 698 3709 deum
721 3663 794 3710 esse
817 3644 961 3710 fatemini
992 3651 1024 3710 et
1053 3643 1195 3710 adoretis
1218 3643 1345 3711 Solem.¹
1362 3652 1393 3702 ³0

258 3755 353 3820 Anno
376 3755 503 3841 imperii
525 3755 667 3822 Heraclii
689 3774 775 3820 nono
798 3755 900 3821 aciem
922 3754 1107 3820 direxemnt
1123 3755 1247 3820 Anares
1269 3773 1343 3819 eon·

172 3869 223 3928 tra
245 3863 404 3930 Thracem
427 3873 459 3931 et
479 3867 587 3933 missis
611 3866 781 3931 Heraclius
804 3865 919 3950 legatis
948 3864 991 3930 ad
1020 3884 1076 3931 eos
1105 3865 1261 3949 poscebat
1289 3884 1344 3949 pa·

171 3991 259 4053 cem„
273 3993 408 4059 cumque
424 3974 590 4043 Chaianus
613 3975 698 4040 hanc
720 3976 826 4042 iacere
847 3975 1084 4060 spopondisset,
1108 3975 1187 4040 exiit
1209 3975 1345 4059 impera-

238 4242 430 4298 tdnffmrrell
502 4247 530 4296 12
549 4213 820 4298 hierosolimitanhll
892 4249 921 4297 ll
945 4243 1099 4298 eduxerunt
1116 4241 1143 4296 D
1215 4247 1243 4294 15
1263 4256 1349 4310 impe·

169 4335 310 4388 ratonll)
383 4341 412 4390 ts
430 4336 566 4392 libiamD
634 4340 667 4390 20
686 4343 712 4390 et
730 4341 762 4390 23
781 4308 923 4404 kartagine
941 4334 968 4389 Ι)
1055 4340 1085 4388 31
1106 4334 1216 4390 heracht
1235 4338 1272 4393 litt
1288 4335 1345 4403 fine

169 4426 307 4491 ucrsr'cali)
330 4444 379 4482 om.
402 4429 426 4483 Ι)
