2834 5394
158 213 220 274 tto
616 231 708 277 cmm
738 230 800 276 xx1

156 380 238 444 Rufo
259 388 356 445 noctu
378 382 556 448 interlicere
571 384 687 466 uulgus
702 381 1100 467 Constantinopolitanum
1116 400 1143 446 a
1159 378 1361 465 patriarcha

157 489 353 556 inchoaturo.
397 493 552 559 Leontius
573 513 652 559 uero
674 493 829 577 patricius
857 498 890 557 et
911 491 1075 574 quondam
1100 491 1279 575 magister
1300 489 1357 554 mi·

160 601 251 665 litum
273 603 488 683 orientalium,
522 605 578 687 qui
600 604 634 669 in
656 603 751 669 bellis
774 622 874 688 saepe
895 601 1110 687 probabiliter
1132 608 1303 684 gesserat
1323 606 1355 665 et

157 718 222 777 tres
245 713 277 777 in
299 712 446 777 custodia
467 719 669 796 transegerat
690 733 794 780 annos
817 726 987 779 accusatus
1015 712 1185 796 extimplo
1216 729 1353 776 reuoce-

156 827 207 887 tus
231 828 264 887 et
284 829 414 906 praetor
428 821 575 889 Helladis
590 831 755 909 promotus
771 830 830 889 est.
874 824 982 888 iussus
1004 829 1113 886 autem
1137 823 1259 887 estin
1284 831 1376 887 trent

158 931 284 996 immitti
306 932 477 999 dromones
499 932 752 1018 eodemquedie
775 935 816 998 ab
844 932 923 997 urbe
953 933 1084 996 moueri.
1130 938 1238 997 nocte
1267 950 1348 995 uero

157 1060 258 1124 penes
290 1041 501 1108 Iulianesium
534 1052 659 1129 portum
691 1043 834 1128 Sophiae
867 1045 958 1108 iuxta
990 1062 1030 1107 ee
1062 1061 1149 1124 quae
1187 1041 1346 1106 dicuntur

155 1149 259 1214 Mauri
281 1151 376 1216 sitnm
399 1152 441 1217 sd
463 1153 524 1219 iter
546 1153 707 1238 agendum
730 1153 772 1218 ab
795 1153 874 1218 urbe
896 1159 1001 1219 motus
1024 1152 1167 1217 statione
1192 1152 1265 1216 fixa
1287 1170 1345 1216 ua·

157 1258 317 1326 lodicehat
337 1263 450 1329 amicis
472 1264 527 1347 qui
549 1263 591 1328 ad
608 1283 644 1330 se
659 1264 843 1329 ueniebant.
867 1264 951 1329 iuter
965 1283 1046 1346 quos
1061 1261 1104 1326 ad
1120 1281 1199 1327 eum
1217 1280 1343 1328 uenere

156 1372 301 1453 germani
324 1379 356 1439 et
386 1373 516 1441 sodales
543 1374 614 1440 eius
636 1375 771 1440 Paullus
801 1374 922 1440 scilicet
949 1370 1128 1438 monachus
1150 1370 1341 1438 Callistrati
1357 1382 1380 1431 tt

157 1481 210 1564 qui
233 1489 266 1547 et
286 1490 490 1551 astronomus
512 1491 545 1550 et
566 1483 742 1567 Gregorius
758 1484 937 1569 Cappadox
959 1483 1014 1567 qui
1036 1490 1069 1548 et
1084 1481 1340 1548 clusuriarches

158 1592 308 1658 extiterat
328 1592 449 1660 deinde
472 1594 648 1660 monachus
669 1595 773 1659 laetus
796 1600 828 1660 et
849 1596 1057 1678 Hegurnenus
1080 1591 1179 1673 Hori,
1221 1592 1281 1674 qui
1304 1592 1338 1656 in

156 1702 303 1769 custodia
324 1704 523 1787 frequentius
546 1705 635 1768 illum
658 1705 828 1771 uisitantes
857 1704 1062 1768 affirmabant
1090 1721 1164 1767 eum
1194 1703 1339 1786 impere-

156 1820 256 1876 torem
279 1814 495 1878 Romanomm
528 1814 676 1879 futurum.
721 1821 754 1879 at
786 1834 864 1879 uero
895 1814 1050 1880 Leontius
1082 1811 1166 1877 dixit
1196 1811 1244 1875 ad
1278 1830 1337 1876 eos

155 1921 224 1986 ‘uos
246 1930 367 1987 certum
390 1923 423 1986 in
446 1923 592 1988 custodia
613 1944 712 2009 super
733 1925 867 2009 imperio
889 1944 941 1990 me
964 1923 1085 1989 lecistis
1108 1929 1141 1988 et
1162 1941 1253 1986 nuno
1268 1921 1337 1986 uite
1354 1939 1379 1989 rs

157 2048 230 2096 mea
250 2032 284 2096 in
307 2031 403 2097 malis
425 2032 542 2097 finitur.
587 2035 790 2118 postmodum
824 2035 944 2119 quippe
978 2053 1081 2098 meam
1104 2051 1159 2095 ero
1181 2050 1244 2115 per
1267 2032 1336 2098 sin·

154 2142 249 2224 gulas
270 2140 368 2207 horas
390 2143 594 2227 praestolans
616 2146 769 2210 mortem!
811 2145 866 2226 qui
889 2142 1041 2209 dixerunt
1063 2143 1208 2226 ‘ipsene
1236 2141 1337 2225 pigri·

158 2250 237 2319 teris
260 2258 291 2317 et
312 2251 374 2317 hoc
394 2253 541 2338 protinus
562 2253 767 2340 adimpletur.
811 2253 888 2320 audi
911 2275 970 2320 nos
993 2261 1116 2318 tantum
1140 2257 1173 2316 et
1195 2269 1336 2332 sequere

15 2346 153 2417 {XXVI
180 2359 258 2431 uos!
281 2370 314 2429 et
334 2362 515 2448 adsumptis
530 2364 682 2431 Leontius
704 2364 888 2431 hominibus
910 2365 978 2430 suis
1001 2371 1033 2429 et
1054 2363 1153 2427 armis
1176 2367 1336 2445 quotquot

160 2475 273 2540 habuit
304 2474 452 2541 ascendit
473 2475 506 2540 in
527 2475 723 2560 praetorium
747 2476 876 2541 silentio
898 2475 997 2539 ruulto
1020 2481 1051 2539 et
1073 2473 1243 2558 pulsantes
1259 2491 1334 2554 por·
1348 2491 1378 2541 to

160 2592 226 2649 tam
248 2586 473 2670 imperatorem
504 2586 633 2652 uenisse
661 2586 828 2670 fingebant
855 2583 897 2649 ad
926 2582 1148 2669 disponendos
1171 2581 1332 2665 quosdam

159 2695 211 2778 qui
235 2695 300 2759 illie
322 2713 395 2760 esso
418 2702 635 2760 noscerentur.
680 2715 815 2779 euinque
836 2695 1016 2760 nuntiatum
1033 2695 1146 2759 fuisset
1161 2693 1222 2756 hoc
1237 2712 1335 2776 pree·

159 2806 241 2870 lecto
264 2805 319 2890 qui
340 2813 415 2870 tunc
438 2812 508 2870 erat
530 2812 561 2869 et
583 2805 638 2868 illo
660 2805 784 2869 concito
806 2805 951 2870 uenisset
966 2812 997 2868 et
1012 2812 1121 2888 ptortas
1137 2802 1333 2887 aperuisset,

158 2917 282 3000 capitur
311 2937 331 2980 a
359 2916 495 2981 Leontio
523 2923 555 2980 et
584 2915 690 2998 alapis
722 2933 838 2979 caesus
866 2915 985 2997 ligatur
1015 2934 1130 2978 marms
1159 2919 1191 2976 et
1220 2911 1334 2995 pedes.

157 3027 324 3107 ingressus
347 3031 454 3089 autem
469 3024 624 3089 Leontius
647 3030 679 3088 et
693 3023 876 3089 carceribus
892 3025 1044 3090 reseratis
1059 3024 1236 3105 solutisque
1251 3021 1335 3088 uiris
1352 3042 1382 3091 25

158 3134 291 3200 retrusis
314 3134 422 3212 miultis
445 3140 476 3197 et
498 3133 633 3198 fortibus
656 3134 711 3216 qui
732 3153 752 3196 a
774 3151 832 3198 sex
854 3141 887 3198 et
908 3142 979 3197 octo
1008 3135 1104 3199 annis
1136 3135 1169 3196 in
1193 3133 1334 3198 uinculis

159 3245 287 3309 fuerant
308 3262 441 3324 quorum
464 3243 572 3327 plures
595 3243 713 3308 milites
735 3250 828 3308 erant
850 3244 909 3309 hos
932 3244 1079 3321 armauit,
1111 3249 1143 3307 et
1171 3242 1205 3305 in
1228 3242 1334 3306 lorum

161 3353 263 3422 exiuit
290 3372 360 3418 cum
389 3352 437 3418 eis
465 3354 610 3419 clamans
639 3354 803 3436 ‘quotquot
825 3352 1001 3420 Christiani
1028 3354 1070 3418 ad
1101 3359 1245 3418 sanctam
1276 3353 1335 3417 So-

160 3466 279 3554 phiam’
301 3472 333 3531 et
354 3464 483 3529 mittens
506 3482 564 3548 per
586 3483 712 3528 omnem
734 3463 898 3546 regionem
915 3483 993 3528 uoce
1010 3484 1069 3528 sua
1083 3464 1223 3527 clamare
1237 3481 1334 3546 prae·

159 3578 251 3662 cepit.
297 3573 466 3641 multitudo
488 3593 565 3639 uero
587 3574 728 3639 ciuitatis
750 3574 943 3638 tumultuata
964 3574 1110 3638 celeriter
1132 3571 1175 3636 ad
1196 3573 1333 3636 luterem
1352 3589 1383 3639 eo

159 3687 315 3753 ecclesiae
343 3691 539 3768 congregata
575 3690 632 3750 est.
678 3684 748 3769 ipse
786 3703 862 3747 uero
899 3704 970 3748 cunr
1004 3682 1129 3748 duobus
1163 3681 1333 3746 monachis

159 3798 271 3863 amicis
303 3797 369 3862 suis
397 3803 430 3860 et
457 3793 650 3879 quibusdam
679 3813 720 3859 ex
748 3794 937 3860 clarioribus
966 3794 1044 3859 uiris
1066 3792 1120 3874 qui
1144 3812 1161 3856 e
1185 3791 1333 3857 custodia

159 3908 286 3972 fuerant
315 3907 438 3989 egressi
468 3905 696 3989 patriarchium
724 3903 873 3971 ascendit
901 3905 943 3969 ad
970 3902 1198 3988 patriarcham.
1224 3902 1332 3981 *inue-

232 4174 377 4228 trulrol)
446 4174 593 4227 arcturo
662 4173 796 4242 'lpoeuel
811 4171 836 4226 1)
887 4169 1100 4235 81terlrtnrll
1155 4168 1334 4222 ludensi)

161 4267 263 4319 lodolel
279 4266 312 4321 θ’
364 4267 503 4335 paulull)
575 4271 604 4320 19
623 4245 766 4330 athptrtl)
868 4270 900 4318 20
919 4263 1081 4319 aleeudrtD
1167 4267 1199 4315 30
1219 4268 1289 4329 ceput
1307 4261 1334 4314 l)

160 4361 192 4409 33
210 4355 327 4420 fueraut]
346 4358 406 4410 lunt
423 4358 449 4411 Ι)
