3266 5082
268 301 329 385 r'so
771 335 866 382 arsur
887 333 937 380 vu

266 505 372 571 neque
395 487 480 552 enim
502 485 597 554 facile
620 487 706 552 ullus
728 505 767 553 eo
796 485 915 551 autin
947 484 1042 552 bellis
1074 484 1197 552 felicior
1228 483 1287 548 fuit
1318 489 1375 548 aut
1405 482 1440 547 in

267 615 349 682 paee
372 594 576 663 moderatior.
621 595 837 681 quadraginta
859 602 890 661 ct
912 601 1062 680 quattuor
1084 595 1189 674 annis,
1212 591 1329 677 qulbus
1351 593 1441 659 solus

265 706 371 790 gessit
392 707 571 791 imperium,
594 707 784 774 ciuilissime
806 707 898 789 uixit,
923 707 956 771 in
979 711 1110 771 cunctos
1125 703 1383 784 liberalissimus,
1406 703 1440 768 in

266 815 388 883 amicos
411 815 630 900 fidelissimus,
664 837 745 902 quos
773 817 873 882 tantis
903 821 1058 883 euenerat
1079 813 1257 880 honoribus
1279 817 1314 878 ut
1335 831 1440 898 paene

264 932 422 1010 aequaret
443 927 574 1012 fastigio
597 947 665 994 suo.
710 927 884 1012 imperauit
913 945 1017 992 annos
1048 925 1285 1009 quinquaginta
1312 930 1345 989 et
1366 935 1474 988 sexzt

265 1034 435 1102 duodecim
457 1056 529 1102 cum
551 1036 692 1103 Antonio
713 1035 763 1120 <et
784 1034 924 1121 Lepido>
947 1034 1164 1121 qnadraginta
1192 1053 1270 1100 uero
1299 1041 1331 1099 et
1351 1040 1442 1118 quat·

266 1150 339 1210 tuor
361 1146 459 1214 solus.
504 1147 559 1233 qui
581 1153 666 1214 certe
688 1166 863 1230 numquam
893 1146 940 1212 rei
968 1145 1118 1231 publicae
1140 1143 1183 1210 od
1206 1163 1243 1210 se
1264 1143 1442 1228 potentiam

270 1256 426 1322 traxisset
447 1263 504 1322 ant
524 1263 590 1322 tam
613 1256 669 1322 diu
691 1276 732 1323 ea
753 1257 910 1342 potiretur
931 1255 996 1323 uisi
1016 1254 1145 1339 magnis
1167 1261 1301 1321 naturae
1324 1260 1356 1318 et
1379 1261 1443 1320 stu-

268 1363 394 1434 diorum
415 1365 511 1434 bonis
532 1367 742 1435 abundasset.
788 1386 855 1434 rem
879 1366 1042 1451 publicam
1064 1364 1288 1431 beatissimam
1310 1363 1441 1429 Tiberio

268 1477 448 1542 successori
469 1477 608 1562 reliquit.
1267 1461 1269 1466 ¹
1462 1481 1495 1533 ¹0

149 1575 250 1644 XXII
353 1582 463 1668 (Anno
479 1588 522 1653 ab
537 1587 617 1654 urbe
633 1587 763 1653 condita
778 1585 1065 1671 septingentesimo
1088 1584 1291 1668 sexagesimo
1307 1584 1443 1667 septimo

268 1697 430 1762 Tremulus
445 1696 568 1764 Caesar
583 1697 699 1764 Liuiae
721 1697 817 1779 tilius,
841 1696 1001 1764 secundus
1023 1695 1194 1780 imperium
1217 1694 1355 1779 adeptus
1377 1693 1443 1778 est)

267 1805 323 1888 qui
345 1805 515 1890 priuignus
538 1807 699 1889 Caesaris,
730 1828 804 1874 mox
831 1825 941 1891 gener,
971 1813 1134 1891 postremo
1157 1804 1332 1889 adoptione
1354 1804 1441 1870 filius

266 1915 379 1980 iuerat.
424 1917 486 1983 iste
508 1918 585 1994 quia
607 1916 805 1984 Claudius
828 1917 1023 1982 Tiberius
1046 1916 1153 1981 Nero
1175 1914 1351 1990 dicebatur,
1380 1915 1442 1980 cle·

264 2031 382 2108 gauter
402 2046 424 2090 a
444 2027 641 2094 iocularibus
656 2027 825 2094 Ouidius
840 2027 981 2092 Biberi
992 2047 1035 2092 us
1051 2026 1159 2091 Mero
1176 2025 1216 2090 ob
1232 2023 1442 2090 uinolentiam
1461 2030 1492 2081 1⁵

264 2134 449 2204 nominatus
472 2142 530 2204 est.
561 2138 642 2204 satis
665 2137 807 2222 prudens
829 2138 863 2202 iu
886 2137 985 2203 armis
1007 2137 1153 2220 satisque
1168 2135 1349 2200 fortunatus
1365 2140 1441 2200 ante

265 2250 428 2328 sumptum
442 2246 611 2331 imperium
628 2247 688 2314 sub
702 2248 850 2332 Augusto
865 2247 925 2312 fuit
941 2253 1055 2312 utnon
1070 2245 1219 2311 inmerito
1235 2244 1443 2329 reipublicae

265 2352 450 2423 dominatus
466 2357 497 2422 ei
513 2359 771 2424 committeretur.
801 2359 908 2424 inerat
922 2357 952 2423 ei
969 2356 1105 2422 scientia
1119 2356 1298 2421 litterarum
1321 2354 1440 2419 multat

267 2464 395 2549 eloquio
410 2467 527 2533 clarior
538 2467 597 2535 sed
608 2469 740 2553 ingenio
752 2470 894 2554 pessimo
905 2467 986 2533 truci
996 2486 1095 2531 auaro
1106 2465 1273 2548 insidioso,
1286 2465 1443 2532 simulans

266 2593 307 2640 ea
322 2596 358 2643 sc
372 2578 456 2644 uelle
468 2597 552 2663 quae
563 2579 671 2659 nollet,
688 2578 739 2646 bis
751 2579 845 2662 quasi
856 2577 1003 2644 infensus
1016 2575 1133 2659 quibus
1144 2577 1324 2641 consultum
1337 2573 1444 2659 cupie-
1460 2578 1494 2630 ²⁰

266 2685 332 2766 bat,
354 2685 406 2753 his
420 2707 497 2754 uero
513 2709 594 2772 quos
609 2689 731 2770 oderat,
754 2688 849 2773 quasi
869 2687 1040 2754 beniuolus
1062 2703 1235 2771 apparens.
1265 2684 1444 2769 repentinis

266 2795 534 2878 responsionibus
549 2805 605 2864 aut
620 2799 764 2866 consiliis
780 2797 893 2863 melior
908 2817 1004 2880 quam
1020 2795 1194 2862 meditatis.
1216 2793 1374 2879 <denique
1389 2793 1444 2860 de·

267 2904 369 2969 latum
391 2925 412 2969 a
432 2907 579 2991 patribus
601 2908 827 2993 principatum,
855 2927 950 2990 quern
980 2904 1110 2990 quidem
1140 2911 1214 2972 astu
1242 2911 1442 2990 perceperat,

268 3014 362 3079 finxit
383 3035 419 3082 se
442 3017 594 3100 abnuere,
632 3017 710 3101 quid
733 3017 852 3101 singuli
874 3016 1018 3082 dicerent
1039 3016 1092 3080 uel
1114 3015 1271 3082 sentirent
1293 3014 1444 3080 atrociter

268 3126 453 3208 explorans.
497 3147 656 3211 quaeres
679 3127 781 3194 bonos
804 3145 950 3211 quosque
972 3145 1103 3210 pessum
1126 3123 1225 3190 dedit.
1271 3125 1445 3192 aestimau·
1462 3125 1495 3178 ²⁵

268 3238 317 3300 tes
339 3233 425 3298 enim
455 3254 495 3301 ex
523 3237 633 3302 animo
662 3257 735 3303 eum
764 3238 862 3322 longa
891 3236 1036 3301 oratione
1067 3235 1246 3319 imperialis
1276 3235 1445 3301 molestiae

268 3343 525 3426 magnitudinem
553 3346 717 3412 declinare
746 3368 818 3412 eum
850 3346 1029 3413 sententias
1063 3344 1107 3410 ad
1140 3345 1210 3410 eius
1243 3345 1445 3411 uoluntatem

268 3460 427 3537 promunt,
450 3453 593 3522 incidere
609 3456 708 3522 exitia
732 3454 910 3541 suprema.)
933 3475 1094 3540 nusquam
1113 3455 1184 3538 ipse
1199 3455 1357 3540 pugnauit
1370 3452 1447 3538 <sed

342 3721 474 3778 lbccrllri
489 3740 558 3780 corr.
577 3724 606 3778 iu
623 3724 700 3779 bellis
716 3727 744 3779 iu
762 3723 790 3778 B
867 3723 975 3791 lxlmJ
994 3722 1022 3779 B
1101 3723 1228 3776 acuctoi
1244 3721 1278 3777 θ’
1347 3726 1447 3776 teue-

269 3815 386 3869 xerrtB
438 3816 569 3886 poeneB
620 3816 797 3872 bldsvrB
866 3815 988 3872 ⁶an
1039 3813 1319 3883 xlucrodrrrJiB
1370 3819 1446 3884 9η-

270 3907 390 3962 bcrroB
461 3915 491 3964 10
509 3910 621 3980 requurd
640 3910 695 3965 ΒΒ
767 3915 795 3964 11
814 3908 920 3964 lrbrcl)
991 3913 1021 3964 13
1040 3906 1280 3964 celerriD:e1B
1333 3907 1445 3977 adopta-

270 4007 344 4055 trone
362 4001 390 4056 Β
483 4008 514 4057 11
532 4003 651 4074 tyberius
665 4003 721 4058 ΒΒ
825 4009 855 4057 15
873 4003 1066 4057 recudatorrbui
1082 4003 1110 4056 in
1129 4017 1215 4072 uturp.
1235 4003 1318 4070 quusi
1332 4017 1370 4055 ex
1387 3999 1447 4055 cod.

271 4093 401 4149 Pithoeus
417 4095 467 4150 sed
478 4103 558 4168 putet
575 4099 662 4169 ipsius
679 4097 861 4153 coniecturum
879 4112 937 4150 esse
989 4095 1092 4150 caldrul
1106 4094 1216 4148 lrberrul
1229 4109 1302 4147 mero
1314 4093 1354 4148 B:
1372 4094 1446 4148 clau·

271 4185 331 4240 duri
346 4187 466 4258 tyberrul
481 4205 554 4244 mero
573 4189 600 4245 Ι)
704 4194 735 4243 19
752 4171 820 4243 aduro
838 4187 865 4243 Ι)
967 4193 1000 4242 20
1018 4186 1160 4243 rniultriD
1242 4186 1402 4254 cupiebatur
1420 4185 1447 4241 Β

271 4283 303 4332 lu
321 4289 497 4350 praeceperat
514 4285 584 4338 coni.
604 4284 735 4348 Gruterus
762 4280 850 4350 (quod
868 4281 975 4349 quidem
999 4287 1059 4335 astu
1083 4279 1235 4350 perfecerat
1260 4279 1336 4334 nullu
1360 4295 1448 4350 acque

270 4375 403 4428 scatentia
420 4391 507 4446 neque
524 4378 687 4430 auctoritate
706 4373 847 4429 Pitbocum
864 4378 973 4428 secutus
991 4373 1170 4435 Murulorr'usl
1284 4376 1411 4437 29-181,
1430 4376 1445 4425 5

272 4465 304 4534 <>
322 4464 362 4520 D:
381 4463 467 4535 ibella
479 4483 541 4537 ·per
559 4469 660 4538 legatos
675 4468 754 4538 geiirt
771 4467 885 4523 suoi-B
