2834 5394
468 671 576 719 INDEX
599 671 839 720 CAPITVLORVM

58 823 235 877 Constantem
258 827 286 875 et
302 819 394 875 fratris
411 820 495 875 lilium
512 820 623 876 Dalma-

57 917 141 979 tiam,
167 914 277 986 eiusque
300 915 526 982 consanguineum
549 914 624 969 llan-

60 1009 233 1063 uibalianum.
252 1007 380 1063 Dalmatii
396 1007 527 1061 interitus.
554 1005 624 1060 Gon-

59 1101 153 1156 stantii
171 1101 302 1155 aduersus
325 1100 500 1156 Constantem
518 1099 626 1165 bellurn,

60 1196 89 1249 in
113 1211 166 1263 quo
190 1193 380 1248 aConstantis
405 1192 518 1248 ducibus
543 1193 624 1247 inter-

59 1288 148 1343 iectus
165 1288 224 1341 fuit.

99 1384 128 1434 18
176 1381 344 1435 Francorum
378 1385 467 1434 motus
504 1396 522 1433 a
554 1381 624 1434 con·

59 1483 151 1530 stante
192 1489 345 1544 oppressus.
404 1480 492 1529 terrae
535 1481 624 1528 motus

61 1568 90 1622 in
115 1569 218 1621 oriente
248 1568 388 1622 maximus.
423 1566 573 1621 Constantii
598 1574 626 1620 et

62 1660 218 1715 Constantis
246 1660 317 1728 leges
342 1659 375 1714 de
398 1659 513 1714 Iudaeis.
554 1659 624 1713 Con-

62 1761 138 1808 stans
162 1753 322 1822 degenerat,
350 1758 377 1807 et
401 1751 565 1821 deprauatus
589 1753 624 1807 ab

62 1846 170 1910 amicis,
188 1847 223 1901 ad
247 1845 314 1900 uitia
337 1860 366 1899 se
383 1846 523 1899 conuertit.
559 1860 624 1899 con·

63 1940 160 1994 iuratio
179 1948 274 1994 contra
285 1940 382 2008 ipsum,
401 1938 510 2008 eiusque
519 1938 624 2001 caedes,

61 2033 218 2087 auctoribus
247 2032 368 2086 Chrestio
386 2031 542 2086 Marcellino
561 2030 620 2086 Ma-

61 2127 178 2194 grentio.

100 2224 130 2272 ib
166 2219 340 2273 Constantius
366 2219 419 2273 iam
447 2218 519 2273 solus
543 2218 626 2287 impe-

63 2319 138 2367 rator
159 2312 324 2366 Mlxvnu.
359 2312 416 2366 eius
442 2311 541 2365 bellurn
565 2327 627 2365 cum

62 2406 152 2460 Persis
187 2407 351 2476 improspere
376 2413 487 2475 gestum.
539 2412 627 2460 terrae

61 2510 149 2554 motus
167 2501 257 2568 grauis
276 2507 303 2553 et
321 2499 475 2553 damnosus.

95 2598 127 2645 20
156 2593 310 2660 Magnentio
328 2598 391 2660 post
402 2592 558 2647 Constantis
576 2607 622 2645 ne-

60 2699 120 2738 cem
152 2684 256 2739 ltaliam
284 2684 405 2738 Africam
431 2684 533 2738 Galliae
556 2684 626 2739 obti-

64 2784 157 2831 nente:
187 2777 268 2830 etiam
292 2792 334 2831 res
360 2791 447 2831 nouae
470 2777 498 2830 in
520 2776 625 2846 Illyrico

65 2877 183 2923 exortae.
219 2870 347 2925 i'etrauio
373 2870 499 2938 magister
515 2870 627 2923 rnilitum

67 2962 103 3016 ibi
138 2978 155 3016 a
191 2964 318 3018 militibus
343 2963 489 3032 imperator
518 2963 627 3016 electus.

63 3054 238 3110 Constantius
256 3056 363 3111 Gallum
388 3056 536 3125 patruelem
560 3054 627 3110 Cae·

63 3163 151 3202 sarens
168 3147 235 3203 facit
251 3150 332 3217 inque
348 3149 453 3218 Syriam
471 3150 559 3205 mittit.
596 3165 627 3204 eo

63 3241 234 3298 Antiochiam
251 3243 375 3296 ueniente
393 3243 497 3311 signum
513 3244 626 3298 incaelo

61 3335 172 3389 iactum.

97 3432 125 3480 21
157 3428 330 3485 Constantius
347 3429 447 3484 bellum
465 3437 561 3484 eontra
570 3430 623 3483 Ve-

63 3521 212 3576 tranionem
236 3524 355 3592 suscipit.
391 3524 518 3578 vetranio
544 3523 626 3578 ami·

64 3612 155 3666 litibus
173 3613 324 3680 derelictus,
342 3617 429 3670 solum
439 3616 626 3671 Constantium

63 3706 213 3774 Arrgustum
231 3710 447 3776 agnoscentibus,
471 3710 496 3763 ei
513 3710 626 3779 supplex

64 3799 102 3862 fit,
122 3799 317 3870 clementerque
334 3802 368 3856 ab
386 3818 418 3856 eo
437 3803 573 3872 recipitur,
591 3804 627 3858 ad

64 3892 199 3959 priuatum
234 3900 334 3948 statum
358 3895 493 3950 redactus.
536 3895 627 3966 Nepo-

63 3985 145 4050 tiani,
180 3985 282 4042 Romae
308 3988 447 4057 imperium
471 3989 627 4058 accipientis

63 4093 125 4131 mox
143 4094 160 4133 a
177 4079 331 4148 Magnentio
356 4081 477 4150 oppressi
495 4081 626 4137 interitus.

97 4175 128 4224 22
155 4171 306 4228 constantii
325 4190 385 4228 cum
397 4174 550 4242 Magnentio
570 4174 626 4229 bel·

62 4265 131 4318 lum:
150 4272 265 4336 postque
281 4268 358 4322 uana
375 4268 478 4337 proelia
495 4267 624 4336 Magnen-

63 4359 93 4411 tii
120 4359 229 4413 taudem
253 4359 384 4414 interitus.
419 4360 477 4415 eius
505 4362 625 4429 elogium.

63 4450 209 4506 Decentius
242 4452 335 4508 fratris
360 4454 507 4522 Magnentii
540 4462 627 4509 morte

63 4543 155 4597 audita
172 4560 202 4600 se
218 4546 306 4614 ipsum
323 4547 466 4602 interiecit.

98 4640 129 4689 23
165 4636 290 4693 Siluanus
314 4639 341 4694 in
366 4639 460 4694 Galliis
487 4640 628 4709 imperium

64 4729 175 4794 inuadit,
194 4745 257 4784 mox
274 4738 364 4788 tamen
382 4734 565 4802 interemptus.
583 4734 627 4788 lu·

1174 654 1236 721 637

675 819 803 876 daeormn
821 820 1016 876 Diocaesareae
1032 818 1150 883 rebellio,
1168 834 1236 890 quos

676 913 770 969 Gallus
788 912 889 968 Caesar
904 911 1043 976 interficit,
1062 912 1172 969 ciuitate
1189 928 1237 967 ua·

676 1013 756 1062 stata
791 1005 863 1061 Galli
887 1006 922 1060 ad
947 1004 1116 1076 tyrannidem
1147 1005 1236 1075 adspi-

676 1101 762 1156 rantia
779 1099 911 1155 interitus.

712 1199 744 1248 24
779 1193 877 1248 Iuliani
893 1207 984 1262 genus.
1014 1193 1071 1247 eius
1088 1192 1116 1248 in
1134 1193 1238 1249 artibus

676 1287 830 1341 liberalibus
848 1292 1045 1356 praeceptores.
1063 1287 1150 1356 primo
1162 1287 1238 1343 cuir·-

676 1380 781 1435 stianae
803 1380 923 1448 religioni
947 1378 1079 1435 addictus.
1113 1380 1238 1436 Nicome-

676 1474 748 1528 diam
782 1474 879 1528 missus
913 1488 931 1527 a
963 1472 1121 1529 Constantio
1161 1475 1239 1544 eique

675 1566 881 1623 conuersatione
895 1565 1010 1630 Libanii,
1028 1567 1102 1636 quod
1118 1567 1141 1621 is
1151 1582 1236 1637 paga-

676 1677 727 1715 nus
744 1668 824 1725 esset,
842 1660 944 1715 frustra
960 1658 1139 1715 interdictum.

710 1757 743 1808 25
769 1753 881 1807 Maximi
892 1752 1045 1822 philosophi
1063 1754 1098 1808 ad
1106 1754 1240 1809 Iulianum

677 1846 816 1902 aduentus.
851 1847 947 1901 iuliani
966 1849 1073 1903 occulta
1097 1848 1132 1904 ad
1156 1848 1239 1919 impe-

675 1941 745 1995 rium
762 1940 923 2009 adspiratio,
950 1948 978 1996 et
994 1940 1110 1997 deiectio
1128 1957 1145 1996 a
1163 1939 1238 1996 chri·

677 2033 765 2088 stiam
778 2033 913 2102 religione,
931 2050 1011 2105 quam
1027 2040 1118 2091 tamen
1128 2041 1240 2105 apperte

677 2125 797 2195 profiteri
814 2127 901 2195 pergit
917 2127 952 2182 ob
972 2134 1072 2181 metum
1084 2127 1241 2183 Constantii.

712 2224 744 2274 26
761 2220 880 2275 lulianus
893 2228 1003 2290 repente
1015 2228 1156 2290 suspectus
1168 2221 1239 2276 Gon·

679 2314 778 2369 stantio
796 2312 917 2368 redditus
944 2315 1136 2369 intercessione
1152 2314 1239 2371 Euse-

679 2407 740 2461 biae
757 2407 934 2476 imperatricis
952 2408 1058 2462 ueniam
1076 2408 1240 2477 adsequitur,

677 2501 844 2568 mittiturque
854 2501 975 2556 Athenas
990 2500 1139 2556 studiorum
1150 2516 1240 2555 causa.

677 2600 755 2647 uates
778 2609 826 2662 per
843 2594 994 2648 uniuersam
1013 2594 1153 2649 Graeciam
1176 2610 1241 2649 oon·

678 2687 742 2740 sulit
759 2686 793 2741 de
810 2686 902 2741 futuro
919 2687 1038 2755 imario.
1066 2686 1241 2742 constantius

677 2778 925 2832 tandemlulianum
937 2778 1078 2834 Caesarem
1087 2779 1162 2844 facit,
1178 2779 1242 2834 data

678 2871 703 2924 ei
721 2872 832 2939 coniuge
850 2871 953 2925 Helena
977 2887 1069 2926 sorore
1087 2888 1144 2926 sua.
1179 2871 1242 2926 indo

678 2963 799 3017 lulianus
816 2964 912 3018 missus
937 2965 972 3018 ad
990 2965 1091 3019 Gallias
1114 2964 1242 3020 tutandas

679 3055 808 3111 aduersus
829 3055 968 3112 barbaros.

714 3154 744 3202 27
781 3148 877 3204 Iuliani
894 3149 998 3205 fortiter
1012 3157 1088 3220 gesta
1106 3167 1166 3205 cum
1180 3151 1241 3205 bar·

679 3243 760 3297 baris·
795 3257 873 3296 omen
897 3244 921 3296 ei
944 3244 1049 3298 interim
1071 3245 1174 3312 imperii
1199 3245 1241 3298 fa·

679 3343 760 3390 ctum.
795 3337 909 3391 uictoria
943 3337 1000 3390 eius
1024 3336 1133 3406 insignis
1170 3337 1241 3406 apnd

678 3432 886 3498 Argentoratum
908 3435 936 3484 et
957 3429 1019 3485 dein
1037 3445 1098 3484 cum
1114 3431 1242 3485 Alaman-

678 3524 720 3578 nis
743 3523 816 3591 apud
842 3521 967 3577 Rhenum
990 3539 1087 3593 pugna.
1122 3523 1242 3578 lulianus

678 3632 695 3672 a
712 3617 840 3671 militibus
857 3617 996 3684 Augrrstus
1014 3617 1173 3686 appellatur.
1311 3680 1314 3685 g

712 3715 745 3764 28
775 3708 872 3764 Iuliani
888 3716 983 3778 aperta
1000 3708 1114 3765 deiectio
1132 3726 1149 3764 a
1166 3711 1243 3764 Chri-

678 3804 824 3858 stianismo.
858 3803 915 3857 sine
933 3802 1003 3857 hello
1021 3818 1132 3873 sperans
1158 3819 1188 3858 se
1206 3803 1241 3857 ll·

679 3896 791 3967 lyn'cum
808 3910 888 3964 posse
897 3895 1027 3959 obtinere,
1046 3895 1080 3950 ad
1090 3911 1136 3950 eos
1146 3895 1240 3950 tendit.

677 3990 754 4058 signa
770 3989 795 4043 ei
812 3988 894 4042 iacta.

712 4087 744 4136 22
781 4081 955 4135 Constantius
972 4081 1065 4136 audito
1083 4081 1179 4136 Iuliani
1192 4081 1241 4136 nd-

677 4183 760 4230 uentu
787 4175 885 4228 omisso
913 4174 982 4228 bello
1000 4175 1127 4229 Parthico
1146 4182 1240 4230 contra

677 4285 737 4323 eum
752 4270 779 4323 in
789 4261 985 4336 expeditionem
994 4267 1182 4336 proficiscitur,
1200 4270 1241 4323 in-

677 4378 730 4432 que
756 4362 851 4415 itinere
876 4360 945 4415 febri
973 4361 1048 4429 perit.
1093 4360 1243 4418 Constantii

678 4455 800 4523 elogium.

712 4553 745 4602 30
780 4547 860 4616 plura
889 4547 923 4602 de
941 4547 1091 4602 Constantii
1115 4548 1242 4611 moribus,

678 4641 782 4709 ingenio
802 4647 829 4695 et
846 4640 1011 4708 coniugibus.

715 4739 744 4787 31
766 4733 884 4788 lulianus
901 4732 1046 4802 imperator
1055 4733 1165 4788 XXXX.
1185 4735 1242 4790 dus
