3142 5056
310 313 371 375 656
710 331 818 379 mnan
840 331 1081 381 cnrmvnonvn

307 493 367 532 cum
385 491 494 546 regnum
512 479 547 533 ad
565 481 670 534 Arabas
695 479 739 534 uel
756 479 868 535 Sarace-
955 486 987 536 66
1022 481 1156 551 quomodo
1186 481 1268 538 luerit
1294 498 1311 537 a
1339 480 1485 542 Saracenis

306 586 356 626 noa
373 572 503 640 peruenit.
919 575 1057 644 Aegyptus
1074 575 1197 630 subacta.

338 671 371 720 54
393 671 425 718 55
462 666 645 720 contentiones
681 666 867 735 episcoporum
954 672 985 720 61
1021 665 1122 721 Hamar
1151 667 1365 738 Hierosolymam
1403 672 1487 740 capit.

305 760 332 814 in
357 759 497 827 religione,
533 757 566 812 de
591 758 695 813 duabus
718 759 821 814 naturis
838 759 866 813 in
920 759 1029 828 eiusque
1047 760 1074 813 in
1091 762 1185 815 urbem
1198 768 1319 816 sanctam
1337 762 1487 831 ingressus.

304 851 428 916 Christo,
465 850 633 920 Heracliique
667 851 695 905 in
722 867 754 905 ea
784 867 867 907 causa
920 851 1065 922 Sophronii
1087 853 1224 922 pontilicis
1247 853 1488 925 Hierosolymitani

304 950 373 1000 acta.
408 943 645 998 Monothelitarum
663 945 789 1000 haeresis.
918 945 1015 1000 obitus.
1050 945 1127 1015 Syria
1146 962 1163 1000 a
1179 946 1323 1001 Saracenis
1341 949 1470 1003 subacta

337 1043 370 1092 56
405 1036 525 1106 Pyrrhus
554 1037 709 1106 patriarcha
733 1037 865 1092 Conatau-
952 1042 984 1092 66
1019 1039 1136 1093 loannes
1161 1045 1323 1108 procurator
1346 1041 1487 1096 llosrohe·

303 1129 494 1200 tinopolitauus
520 1128 624 1194 factus,
652 1135 714 1198 post
737 1129 864 1199 Sergium,
917 1145 968 1186 uae
994 1147 1055 1185 cum
1079 1130 1190 1195 lubido,
1218 1148 1252 1186 ne
1278 1134 1409 1188 transiret
1426 1134 1487 1190 Eu·

304 1231 331 1278 et
352 1224 411 1292 ipsa
432 1221 616 1276 monothelita.
651 1223 708 1276 eius
726 1222 864 1278 maleficia.
916 1225 1048 1292 phratem‚
1076 1226 1160 1278 multa
1183 1226 1300 1294 pecunia
1316 1227 1488 1295 paciscitur:

303 1315 363 1372 ideo
391 1315 475 1369 eiecto
504 1330 535 1368 eo
575 1315 675 1370 Paulus
709 1316 864 1383 patriarcha
915 1315 976 1370 ideo
1000 1317 1035 1371 ab
1053 1317 1188 1382 Heraclio,
1216 1325 1247 1371 ut
1272 1335 1302 1374 se
1328 1320 1488 1376 inconsulto

304 1415 419 1473 creatus,
446 1413 473 1462 et
494 1408 552 1476 ipse
575 1409 733 1462 haereticus.
769 1423 861 1463 mono·
915 1407 997 1474 lacto,
1016 1410 1156 1479 relegatus.
1191 1412 1336 1467 Antiochia
1363 1429 1382 1466 a
1401 1412 1487 1468 Sara·

304 1502 413 1556 thelitae
430 1500 556 1556 damnati.
592 1501 688 1571 Pyrrhi
705 1515 860 1556 excommu·
916 1502 989 1556 cenis
1015 1509 1102 1572 capto.
1146 1502 1272 1559 Machina
1306 1513 1421 1574 praetor
1459 1516 1486 1561 et

303 1595 411 1650 nicatio.
448 1594 493 1662 qui
526 1600 617 1649 tamen
645 1593 730 1650 Paulo
759 1600 863 1649 mortuo
916 1595 1022 1649 Amiras
1041 1595 1245 1651 Saracenorum.

303 1687 389 1743 denuo
407 1687 562 1755 patriarcha
577 1685 675 1741 factus.
951 1692 985 1742 69
1020 1688 1217 1757 Mesopotamia
1240 1689 1274 1744 ab
1298 1689 1395 1744 Iabido
1419 1692 1488 1746 sub·

336 1785 367 1834 st
403 1779 592 1835 monothelitae
621 1779 709 1834 denuo
737 1779 863 1833 damuati.
915 1787 986 1835 aeta.
1021 1779 1121 1836 Persae
1144 1781 1319 1838 aSaracenis
1343 1783 1487 1840 debellati.

303 1873 416 1928 ecclesia
440 1889 489 1942 per
511 1874 685 1942 imperatores
719 1878 746 1926 et
768 1872 863 1942 impios
914 1873 1019 1928 Hamas
1036 1874 1191 1929 uniuersam
1202 1889 1279 1929 suam
1291 1875 1419 1930 ditionem
1440 1878 1489 1932 de-

302 1966 456 2022 sacerdotes
474 1965 616 2020 admodum
633 1967 750 2019 turbata.
915 1967 997 2022 scribi
1016 1974 1100 2021 curat.

336 2062 369 2112 56
393 2059 562 2113 Muhammat
578 2058 773 2112 Saracenorum
790 2059 863 2128 prin·
950 2063 982 2113 to
999 2059 1118 2114 Heraclii
1136 2060 1234 2114 obitus.
1254 2061 1489 2118 Constantinusll

303 2151 370 2220 cipis
388 2156 415 2205 et
432 2150 683 2220 pseudoprophetae
699 2167 778 2206 mora.
808 2151 862 2206 He·
915 2151 972 2206 eius
990 2151 1061 2207 filius
1079 2153 1224 2222 imperator
1241 2153 1351 2207 LVllII.
1387 2156 1412 2209 is
1440 2173 1489 2211 ue-

301 2244 375 2298 braei
400 2243 532 2313 principio
560 2245 616 2298 eius
651 2243 783 2298 aduentus
815 2244 862 2300 de·
913 2259 983 2299 neno
1003 2261 1063 2299 mor
1081 2245 1213 2300 sublatus.

303 2337 388 2405 cepti,
411 2337 451 2390 ita
479 2343 509 2390 nt
526 2336 633 2406 quidam
660 2338 718 2392 eius
735 2337 863 2405 religione
950 2341 978 2390 11
1016 2337 1183 2393 Heraclonas
1231 2341 1380 2410 imperator
1430 2342 1490 2396 Lx.
1551 2320 1552 2358 J

302 2437 428 2498 suscepta
449 2445 510 2484 eum
527 2437 701 2484 sectarentur.
915 2429 1049 2484 Caesarea
1060 2431 1213 2486 Palaestina
1231 2449 1247 2486 a
1265 2433 1380 2488 blauhia
1400 2449 1486 2505 capta
1551 2463 1552 2488 l

335 2527 368 2578 59
386 2529 418 2577 66
437 2528 467 2577 61
505 2523 538 2578 de
561 2524 729 2578 Muhammat
764 2523 864 2592 origine
916 2523 1006 2578 multis
1017 2522 1200 2578 Romanorum
1218 2527 1313 2580 caesis.
1350 2527 1487 2584 Heracla-
1551 2519 1552 2610 J

302 2617 454 2687 praestigiis
474 2625 501 2670 et
516 2617 651 2686 religione.
916 2631 965 2670 nas
991 2631 1051 2670 cum
1068 2623 1155 2671 matre
1179 2617 1298 2672 Martius
1322 2619 1349 2672 iu
1377 2621 1489 2676 exilium
1551 2615 1552 2648 l

335 2713 368 2763 62
412 2709 558 2764 Ebubeher
597 2715 659 2779 post
697 2709 865 2764 Muhammat
915 2709 994 2778 pulsi.

302 2801 357 2856 dux
375 2800 577 2856 Saracenorum.
601 2801 727 2856 Indorum
745 2817 792 2856 rex
809 2801 863 2855 lle-

301 2895 384 2950 raclio
419 2895 500 2949 mittit
534 2912 651 2950 munera.
695 2896 865 2948 Amireorum
1155 2907 1235 2971 XXI

302 2995 428 3058 quattuor
463 3004 480 3042 a
512 2988 679 3042 Muhammat
714 2988 748 3042 ad
780 3005 863 3056 expu-

301 3081 421 3152 gnandos
448 3081 616 3136 Christianos
641 3087 803 3135 statutorum
826 3081 862 3134 ir·
950 3084 960 3131 1
999 3077 1133 3133 Constans
1152 3080 1298 3150 imperator
1316 3083 1392 3136 LXI.
1434 3088 1490 3141 eim

300 3177 406 3244 ruptio:
426 3189 538 3244 quorum
556 3181 610 3228 tres
623 3174 706 3228 occisi
722 3175 749 3227 iu
763 3189 862 3244 pugna,
915 3171 1001 3226 oratio
1020 3171 1055 3226 ad
1074 3179 1203 3227 senatum.
1230 3174 1332 3228 Hamas
1350 3180 1490 3248 tempium
1551 3209 1552 3244 t

301 3283 355 3321 uno
373 3266 523 3335 effugante.
541 3267 645 3320 Arabes
656 3267 862 3336 quaoccasione
914 3263 1115 3335 Hierosolymae
1132 3266 1263 3320 aedificat.
1551 3289 1552 3320 t

302 3361 400 3415 irritati
419 3367 513 3414 contra
530 3359 675 3414 Romanos.
948 3361 963 3410 ‘l
990 3357 1172 3413 Valentiniani
1190 3360 1297 3428 patricii
1322 3361 1445 3420 rebellio
1467 3379 1490 3420 et

334 3457 366 3508 63
403 3453 598 3507 Saracenorum
620 3453 745 3507 incursus
771 3459 799 3508 et
822 3454 862 3507 ui·
914 3448 1045 3504 interitus.
1080 3451 1204 3506 Hamaris
1232 3453 1344 3507 caedes:
1387 3459 1435 3511 cui
1466 3459 1491 3512 in
1551 3461 1552 3482 l

301 3547 394 3602 ctoria
429 3547 532 3615 signum
559 3546 586 3599 in
618 3545 693 3600 caelo
728 3561 861 3615 praennn-
913 3557 995 3611 regno
1031 3541 1227 3598 Saracenorum
1262 3545 1334 3600 tilius
1364 3547 1489 3606 Hotmen

301 3640 373 3694 tiens
390 3639 509 3693 Arabum
527 3645 694 3708 potestatem.
913 3635 1043 3690 succedit.
1062 3634 1206 3706 Gregorius
1219 3639 1349 3706 patricius
1370 3641 1490 3698 16616-
1551 3647 1552 3686 ἰ

334 3736 367 3786 61
407 3731 553 3786 Ebubeher
589 3737 695 3786 mortuo
740 3731 863 3786 succedit
914 3743 946 3782 ca
973 3729 1067 3783 turbas
1094 3735 1192 3784 mouet.
1237 3731 1311 3784 uenti
1347 3732 1488 3804 ingentes,

300 3825 409 3879 Hamar.
444 3825 501 3879 eiua
510 3840 674 3894 progressus.
702 3823 860 3879 Theodorus
914 3820 1058 3890 Gregorius
1094 3837 1110 3876 a
1144 3823 1286 3878 Saracenis
1329 3840 1395 3880 cum
1434 3833 1492 3886 su'n

302 3916 471 3986 imperatoris
505 3917 590 3971 trater
625 3916 658 3972 ab
695 3931 726 3971 eo
760 3916 859 3972 uictus.
914 3911 1009 3968 Africa
1030 3915 1133 3983 pulsus.

299 4011 375 4064 missi
401 4010 447 4064 alii
473 4009 555 4064 duces
587 4010 621 4063 ab
646 4009 788 4074 Heraclio,
815 4009 861 4078 qui
947 4012 961 4061 3
998 4008 1102 4078 Cyprus
1138 4025 1155 4064 a
1189 4009 1318 4064 Muhauia
1356 4011 1491 4070 subacta

301 4103 450 4158 Saracenos
467 4104 579 4171 pellunt.
913 4100 959 4170 qui
984 4101 1076 4157 Arado
1102 4102 1204 4157 frustra
1231 4103 1343 4158 obsessa
1382 4105 1492 4164 Dama·

323 4201 355 4251 65
366 4196 560 4250 Saracenorum
568 4195 860 4266 splendidseuictoriae
912 4209 987 4248 scum
1005 4197 1156 4250 reuertitur.
1176 4195 1259 4250 eidem
1271 4199 1490 4266 sequentianno

301 4289 476 4345 deRomanis.
494 4289 629 4345 Damasco
638 4295 719 4358 capta
734 4297 761 4344 et
769 4290 857 4344 Phoe·
911 4301 1019 4341 reuerso
1044 4289 1152 4343 Aradus
1177 4288 1298 4352 deditur,
1323 4290 1492 4364 ciuitasque

300 4385 361 4438 nice
380 4383 489 4452 regione
507 4384 536 4436 in
553 4385 703 4452 Aegyptum
719 4389 840 4451 pergunt.
910 4381 944 4436 ab
963 4395 994 4435 eo
1013 4383 1124 4437 incensa
1141 4389 1168 4436 et
1185 4383 1273 4437 insula
1291 4389 1413 4438 uastata
