2834 5394
114 240 176 304 380
600 256 692 304 emm
714 256 801 303 xvnr

112 414 209 490 atque
225 409 406 492 perplexas,
429 408 572 491 reliquus
588 428 665 473 uero
680 409 816 474 uestitus
836 427 945 474 eorum
967 409 1083 477 similis
1103 415 1178 475 erat
1196 417 1280 477 oete·

111 534 218 582 rorum
239 516 437 582 Hunnorum.
481 517 534 583 isti
568 517 728 600 fugientes
761 537 782 582 a
813 519 947 602 regione
975 539 1035 586 sua
1062 527 1224 586 uenerunt
1250 520 1282 585 in

110 635 222 713 partes
244 627 398 711 Scythiae
419 646 458 692 ao
479 627 593 692 Misiae
614 635 647 692 et
675 626 861 693 direxerunt
888 628 931 694 ad
953 629 1168 696 lastinianum
1196 630 1281 714 lega-

110 744 162 804 tos
182 744 331 822 petentes
354 745 388 801 nt
409 736 634 822 reciperentur.

195 847 374 913 'tricesimo
395 845 536 913 seeundo
558 847 684 931 imperii
707 846 877 913 Iustiniani
904 867 991 913 anno
1019 847 1211 916 aedificatus
1232 856 1307 917 esto

110 957 224 1021 trullus
247 975 386 1039 magnae
407 957 564 1022 eeclesiae
587 955 865 1040 Constantinopoli
888 959 1048 1024 exaltatus
1070 960 1144 1043 plus
1166 959 1278 1044 uiginti

108 1064 248 1150 pedibus
269 1065 303 1130 in
327 1065 548 1149 superioribus
570 1086 668 1149 supra
689 1065 872 1132 aedificium
895 1066 979 1151 qnod
1003 1074 1078 1133 ante
1101 1069 1216 1134 luerat.

193 1175 371 1240 Trioesimo
393 1174 486 1239 tertio
507 1175 633 1259 imperii
656 1177 706 1242 sui
728 1196 814 1242 anno
836 1178 943 1261 eoepit
969 1177 1144 1262 imperator
1172 1177 1279 1244 aedifi-

108 1302 183 1351 aare
204 1291 336 1369 pontem
358 1285 503 1368 Agoreos
531 1284 673 1352 fluminis
702 1294 734 1351 et
762 1293 953 1353 eonuertens
982 1286 1121 1352 eundem
1149 1305 1278 1353 amnem

107 1395 142 1461 in
174 1394 273 1460 alium
306 1396 434 1459 alueum
468 1395 632 1479 noluitque
664 1414 759 1461 arens
788 1396 954 1463 mirabiles
982 1397 1126 1480 quinque
1151 1402 1186 1462 et
1205 1397 1279 1462 feeit
1293 1407 1320 1456 to

106 1522 180 1571 euni
203 1504 372 1570 meabilem
396 1523 468 1569 enm
489 1513 587 1570 antea
608 1505 735 1589 ligneus
758 1505 863 1571 fuerit.

191 1615 369 1680 Trioesimo
399 1621 512 1697 quarto
541 1615 667 1699 imperii
689 1615 861 1681 Iustiniani
891 1634 976 1680 anno
1004 1614 1209 1680 diffamatum
1230 1624 1278 1683 est

105 1723 192 1809 apud
215 1722 527 1808 Constantinopolim
556 1723 641 1807 quod
670 1731 814 1790 mortuus
842 1731 930 1792 esset
951 1725 1135 1810 imperator.
1180 1743 1277 1791 nene-

105 1839 156 1897 rat
184 1833 269 1897 enim
300 1852 321 1897 a
343 1832 470 1898 Thrace
499 1840 531 1897 et
557 1835 718 1898 nerninem
741 1833 882 1900 uidebat.
927 1854 1004 1917 ergo
1026 1834 1139 1919 plebes
1161 1853 1275 1920 rapne

104 1947 178 2006 runt
205 1961 308 2026 panes
337 1942 443 2007 subito
472 1961 512 2007 ox
540 1942 620 2007 loeis
648 1943 681 2007 in
710 1943 827 2027 quibus
855 1943 976 2008 fiebant
998 1950 1029 2010 et
1051 1943 1276 2010 uendebantnr
1290 1953 1316 2002 ¹⁵

40 2108 49 2125 ,
103 2056 137 2116 et
164 2048 249 2114 eirea
275 2049 389 2114 horam
418 2052 545 2115 tertiam
575 2072 640 2117 non
668 2053 893 2119 inueniebatnr
921 2054 1017 2139 panis
1039 2054 1073 2118 in
1094 2060 1162 2118 tota
1184 2053 1272 2119 urbo.

103 2158 215 2225 olausa
247 2179 373 2244 quoqne
407 2168 480 2226 sunt
512 2163 691 2245 ergasteria
722 2171 755 2229 et
787 2163 975 2229 susurrabat
1006 2163 1163 2248 palatium
1197 2163 1274 2248 quia

102 2286 197 2335 uerno
220 2288 261 2335 ex
283 2277 399 2335 senatu
421 2270 553 2337 uidebat
575 2272 801 2355 imperatorem
823 2292 862 2338 eo
885 2271 970 2357 quod
991 2271 1135 2338 dolorem
1156 2272 1273 2358 eapitis

102 2387 267 2465 pateretur
289 2387 321 2446 et
343 2400 383 2446 ex
405 2380 466 2446 hoo
488 2381 692 2448 erediderunt
714 2382 800 2466 quod
827 2382 997 2448 defnnotus
1024 2390 1111 2448 esset
1138 2382 1273 2467 impera

101 2495 161 2556 tor.
204 2490 328 2557 interea
359 2490 445 2556 eirea
476 2490 589 2557 horam
621 2512 740 2557 nonam
771 2492 846 2558 feeit
878 2499 1011 2559 senatus
1043 2492 1215 2557 eonsilium
1243 2496 1316 2558 otto

102 2600 260 2665 miserunt
286 2601 482 2684 praelectum
511 2608 543 2666 et
568 2602 713 2667 feserunt
741 2602 915 2667 luminaria
944 2603 978 2665 in
1008 2607 1074 2665 tota
1095 2601 1176 2666 urbe
1197 2620 1273 2683 quo

101 2706 190 2773 niam
219 2728 318 2774 sanus
348 2709 450 2775 faetus
479 2720 528 2776 est
555 2711 730 2795 imperator
759 2718 792 2777 et
818 2712 879 2776 hoo
906 2711 1001 2776 modo
1024 2717 1136 2796 erepta
1157 2710 1272 2776 einitas

101 2835 122 2881 a
148 2817 341 2884 turbatione.
384 2825 555 2902 postquam
583 2827 691 2886 antem
721 2841 820 2887 sanus
849 2821 981 2887 effeetus
1009 2826 1060 2887 est
1088 2820 1271 2904 imperator,

100 2929 266 3011 Eugenius
290 2930 344 3012 qni
367 2928 470 2992 fuerat
492 2929 672 3012 praefectus
694 2929 835 2996 detraxit
856 2930 996 3013 Georgio
1019 2936 1051 2995 et
1065 2929 1197 2995 Etherio
1219 2948 1271 2994 ou-

101 3037 260 3103 ratoribus
276 3038 369 3120 quasi
384 3038 564 3104 uoluissent
578 3038 784 3104 Theodorum
800 3040 905 3105 faeere
925 3039 1152 3124 imperatorem
1168 3038 1269 3104 filium
1284 3054 1314 3104 25

99 3145 186 3209 Petri
216 3146 373 3228 magistri.
418 3165 554 3230 eumque
584 3149 700 3215 fnisset
726 3168 826 3216 eausa
853 3149 1025 3233 diligenter
1053 3149 1209 3232 inquisita
1239 3158 1271 3215 et

99 3252 285 3319 nullatenus
314 3255 531 3340 comprobata,
569 3258 603 3322 in
632 3258 714 3323 iram
743 3259 858 3325 oeeidit
878 3257 1082 3343 imperatoris
1104 3258 1270 3341 Eugenius

100 3369 131 3428 et
153 3362 266 3430 domus
290 3365 360 3431 eins
382 3364 511 3449 publico
534 3373 584 3433 est
605 3366 682 3433 fiseo
705 3368 832 3433 collata.

183 3473 284 3540 Facta
305 3482 355 3541 est
377 3481 484 3541 autem
506 3483 538 3540 et
559 3476 739 3544 mortalitas
760 3485 856 3544 uasta
872 3479 905 3543 in
921 3477 1036 3542 Oilieia
1050 3484 1082 3542 et
1096 3476 1269 3541 Anazarbo

98 3591 132 3650 ot
144 3584 318 3650 Antiochia
331 3605 452 3668 magna
474 3605 533 3652 neo
555 3605 618 3651 non
641 3592 674 3651 et
695 3593 802 3652 terrae
824 3596 928 3653 motus
950 3595 982 3652 et
1004 3587 1171 3670 congressi
1193 3593 1270 3653 sunt
1285 3599 1315 3649 oo

97 3693 255 3761 aduersus
276 3696 462 3760 alterutrum
484 3694 654 3761 orthodoxi
676 3705 709 3762 et
729 3696 898 3762 Seueriani
921 3703 953 3762 et
974 3696 1074 3760 multa
1096 3694 1269 3760 homicidia

96 3802 183 3869 foeta
209 3812 292 3871 sunt.
337 3812 369 3870 et
398 3804 498 3872 misso
526 3805 701 3889 imperator
721 3805 891 3872 Zimarolro
918 3806 1034 3870 eomite
1063 3804 1198 3871 orientis
1218 3805 1268 3870 in·

96 3912 201 3980 hibuit
222 3914 425 3981 inordinatos
447 3922 480 3981 et
500 3917 617 3982 multos
640 3916 673 3981 in
696 3916 826 3982 exilium
849 3916 937 3982 misit
965 3922 997 3981 et
1024 3913 1202 3999 publicauit
1229 3933 1268 3979 ae

96 4024 248 4091 membris
270 4024 462 4090 debilitauit.

96 4193 397 4203 ——.-..—-—--—-

164 4283 179 4332 6
198 4279 469 4350 constantinopolin
535 4285 552 4335 8
569 4283 608 4336 tur
625 4298 677 4336 om.
688 4280 724 4335 θ’
745 4362 751 4371 ι
775 4288 847 4351 cepit
867 4281 892 4336 Ι)
959 4282 1103 4349 tegereol
1118 4287 1148 4334 ut
1165 4280 1222 4336 uid.
1232 4280 1267 4336 Β*

98 4374 128 4424 10
145 4369 231 4423 uolbrt
247 4369 281 4435 P,
298 4373 416 4427 absoluit
433 4373 502 4428 coni.
522 4373 654 4429 Gruterus
724 4376 754 4427 lt
771 4372 857 4429 fiebat
875 4373 907 4430 θ’
975 4377 1004 4427 21
1026 4372 1173 4428 lnmmaD
1255 4398 1258 4402 ’
