3266 5082
297 340 359 402 238
818 355 912 402 maru
933 355 957 400 x

295 506 371 571 titer
403 506 522 588 egebat
555 507 588 572 in
620 505 754 592 proeliis
788 513 820 570 et
848 525 918 570 eum
942 505 1136 572 Christianis
1159 507 1329 572 sentiebat.
1374 524 1471 590 quem

295 617 424 682 intuens
439 616 671 696 Diocletianus,
695 617 859 682 intellectu
880 617 1010 682 animae
1032 637 1071 681 ac
1085 617 1229 702 eorporis
1244 617 1358 682 robore
1372 623 1471 701 atque

298 727 428 810 ingenio
451 727 537 791 eirca
559 725 772 792 eruditionem
795 727 950 811 prolicere
971 733 1004 792 et
1032 725 1280 812 deprehendens
1309 726 1395 792 hune
1422 727 1469 791 iu-

295 843 402 902 turum
424 835 609 920 tyrannidis
632 837 755 902 eteius
777 836 963 921 dogmatum
984 837 1226 918 destructorem,
1255 835 1380 902 inuidia
1401 857 1467 902 mo

296 955 348 1014 tus
371 947 445 1013 dolo
467 947 626 1032 perimere
649 946 828 1031 satagebat.
873 946 952 1014 deus
974 954 1081 1012 autem
1103 946 1189 1012 hunc
1210 948 1376 1031 inopinate
1406 949 1504 1012 sal-s

295 1058 387 1122 uauit
409 1065 441 1122 et
463 1058 548 1141 patri
569 1057 718 1123 restituit.

141 1169 327 1234 XXXXMI
379 1169 508 1233 Interea
531 1168 751 1234 Diocletianus
781 1168 815 1233 in
837 1169 970 1247 oriente,
1002 1169 1219 1236 Maximianus
1241 1167 1412 1234 Herculius
1434 1167 1468 1232 in

295 1276 461 1343 occidente
482 1278 606 1344 uastari
635 1279 798 1361 ccclesias,
827 1278 928 1363 affligi
959 1279 1159 1363 interficique
1182 1278 1385 1345 Christianos
1414 1277 1467 1342 de

295 1388 377 1454 oimo
399 1395 473 1472 post
494 1372 656 1454 Neronem
678 1390 748 1454 loeo
769 1395 1013 1475 praeceperunt.
1057 1408 1141 1471 quae
1161 1389 1344 1474 persecutio
1366 1388 1467 1453 omni·

294 1499 355 1564 bus
377 1499 445 1563 lere
467 1506 543 1564 ante
566 1499 646 1566 actis
668 1498 848 1565 diuturnior
870 1507 967 1585 atquc
996 1501 1168 1565 immanior
1197 1500 1267 1564 init.
1310 1519 1386 1564 nam
1408 1517 1467 1582 per
1485 1504 1520 1552 ¹0

296 1609 408 1675 decem
430 1630 534 1675 annos
556 1609 716 1676 incendiis
743 1610 962 1691 eeclesiarum,
996 1610 1285 1696 proscriptionibus
1314 1607 1465 1673 innocen-

294 1719 384 1802 tium,
408 1718 563 1786 caedibus
585 1725 762 1804 martyrum
784 1721 1020 1787 incessabiliter
1042 1726 1115 1785 acta
1138 1727 1196 1786 est.

380 1830 530 1913 Sequitur
552 1836 657 1894 terrae
680 1836 785 1896 motus
813 1831 846 1896 in
869 1831 975 1916 Syria,
1012 1850 1053 1896 ex
1081 1849 1145 1912 quo
1174 1829 1262 1915 apud
1283 1831 1405 1913 Tyrum
1434 1834 1466 1892 et

296 1938 448 2004 Sidonem
477 1940 600 2024 passim
628 1939 812 2006 labentibus
840 1940 933 2007 tectis
962 1941 1063 2006 multa
1089 1939 1253 2006 hominum
1281 1938 1373 2004 milis
1394 1957 1464 2023 pro-

292 2055 395 2114 strata
417 2049 517 2124 sunt.)
1482 2053 1518 2102 ¹⁵

380 2157 530 2224 Galerius
546 2159 764 2224 Maximianus
784 2161 922 2244 primunr
938 2160 1110 2225 aduersum
1125 2161 1285 2226 Narseum
1307 2159 1464 2244 proelium

293 2267 504 2334 insecundum
526 2268 649 2353 habuit,
672 2269 757 2334 inter
772 2269 961 2335 Callinicum
979 2269 1161 2352 Carrasque
1175 2288 1368 2352 congressus
1390 2287 1462 2333 eum

293 2379 472 2445 inconsulte
504 2380 609 2464 magis
643 2400 739 2464 quam
773 2381 891 2464 ignaue
922 2380 1117 2447 dimicasset.
1167 2379 1341 2444 admodum
1377 2378 1462 2444 enim

293 2509 398 2573 parua
419 2509 519 2555 manu
546 2509 618 2555 cum
640 2491 864 2575 copiosissimo
892 2489 986 2557 hoste
1013 2491 1181 2556 commisit.
1225 2490 1339 2574 pulsus
1367 2489 1466 2572 igitur

292 2605 324 2665 et
353 2599 395 2666 ad
418 2601 655 2666 Diocletianum
687 2603 850 2686 profectus
882 2621 954 2666 eum
986 2601 1016 2667 ei
1047 2602 1082 2666 in
1115 2601 1230 2666 itinere
1262 2598 1463 2680 occurrisset
1481 2607 1518 2658 to

291 2717 383 2774 tanta
411 2711 585 2776 insolentia
612 2712 856 2777 aDioeletiano
884 2712 983 2776 fertur
1011 2717 1165 2796 exceptus
1192 2717 1227 2774 ut
1255 2729 1314 2795 per
1342 2709 1465 2792 aliquot

291 2839 447 2903 passuum
469 2820 560 2884 milia
582 2829 776 2906 purpuratus
799 2820 945 2886 medetur
965 2829 1041 2887 ante
1064 2820 1245 2886 uehiculum
1269 2820 1340 2886 eius
1354 2829 1469 2884 cucur·

292 2930 384 2995 risse.
429 2950 505 2996 mox
526 2936 635 2996 tamen
656 2951 714 3015 per
735 2931 899 3016 Mlyrieum
922 2932 1142 3015 Messiamque
1164 2930 1337 2996 contractis
1359 2928 1462 3014 copiis

290 3061 402 3107 rursus
425 3059 496 3105 cum
518 3041 645 3108 Narseo
666 3041 915 3113 Hormisdaeet
937 3042 1071 3128 Saporis
1093 3061 1155 3106 auo
1177 3041 1211 3105 in
1231 3038 1386 3104 Armenia
1407 3037 1464 3102 mi·

291 3169 370 3216 nore
398 3151 557 3235 pugnauit
585 3169 736 3217 successu
765 3151 889 3234 ingenti
917 3170 977 3217 nec
1004 3153 1127 3218 minore
1155 3151 1291 3217 consilio
1314 3149 1410 3216 simul
1431 3153 1464 3212 et
1480 3156 1517 3208 25

290 3258 487 3340 tortitudine,
511 3260 697 3344 quippequi
720 3261 816 3326 ctiam
839 3263 1050 3346 speculatoris
1073 3282 1189 3327 munus
1213 3281 1284 3324 curn
1306 3260 1408 3324 altero
1430 3264 1463 3322 et

290 3370 384 3434 tertio
413 3368 519 3453 equite
548 3371 734 3455 susceperit.
784 3371 878 3456 pulso
906 3372 1032 3438 Narseo
1069 3379 1177 3438 castra
1213 3371 1284 3436 cius
1319 3368 1462 3452 diripuit7

290 3499 410 3546 uxores
444 3499 571 3546 sorores
604 3480 723 3546 liberos
756 3482 850 3565 cepit,
883 3481 1041 3546 infinitam
1065 3483 1265 3548 extrinsecus
1287 3480 1460 3545 Persarum

289 3589 489 3655 nobilitatem
502 3587 671 3673 (abduxit)
691 3611 806 3674 gazam
822 3591 985 3656 Persicam
1008 3592 1275 3676 copiosissimam,
1298 3589 1404 3674 ipsum
1425 3587 1461 3651 in

288 3701 393 3765 ultimi
422 3701 513 3784 regni
545 3700 735 3766 solitudines
758 3701 834 3784 egit.
879 3721 979 3786 quaro
1007 3701 1050 3767 ad
1069 3701 1306 3766 Diocletianum
1335 3700 1369 3764 in
1397 3697 1462 3762 Me
1478 3702 1516 3754 ³0

288 3859 392 3868 ι-...η-

355 3944 370 3992 5
389 3935 545 4008 phrmered
599 3940 627 3990 le
646 3935 744 4004 quali
816 3941 845 3990 to
864 3935 991 3991 aduersus
1005 3936 1033 3991 Β
1105 3940 1133 3989 lt
1151 3934 1294 4003 gallranreri
1310 3931 1370 3996 ΒΡ,
1388 3929 1463 3985 callr-

286 4048 374 4086 nrcum
394 4031 421 4086 B
472 4028 611 4097 congressui
626 4028 654 4083 B
743 4033 772 4082 18
791 4029 915 4084 ammodn
933 4029 961 4085 D
1045 4035 1192 4084 tomam.
1210 4027 1236 4081 D
1281 4029 1333 4079 -21
1354 4023 1464 4092 aqunod

289 4125 344 4179 ΒΒ
420 4128 452 4177 22
470 4123 594 4177 tradatur
610 4123 650 4177 D‘
720 4129 783 4176 ante
801 4123 842 4177 li:
860 4122 940 4178 sdB
1043 4128 1075 4178 23
1093 4123 1197 4194 yllrncri
1214 4118 1249 4186 D,
1266 4120 1416 4192 hyllrrreum
1436 4115 1463 4170 Β

288 4222 319 4270 tt
338 4217 469 4271 hormisde
488 4217 515 4271 B
565 4230 687 4268 armenta
704 4230 805 4269 merore
823 4217 877 4270 BD
964 4221 995 4270 ²5
1015 4216 1038 4270 d
1055 4214 1151 4270 onuD
1221 4215 1297 4269 irmul
1314 4229 1361 4282 an
1379 4216 1462 4264 ettam

284 4309 443 4364 tortrtudrne
460 4309 644 4378 lpeenllaterri
660 4309 687 4362 Β
755 4313 788 4362 26
806 4307 838 4372 de]
857 4313 905 4361 aut
923 4308 977 4364 IlB
1062 4314 1095 4363 28
1114 4315 1202 4379 coeprt
1220 4308 1248 4363 B
1314 4310 1348 4360 29
1365 4302 1461 4359 nolula-

285 4409 368 4455 tatem
386 4403 522 4470 pertarum
542 4401 568 4454 Β
670 4406 703 4454 30
721 4402 805 4455 ultruu
823 4415 896 4468 regns
916 4402 1069 4457 l'olrtudrnei
1085 4401 1130 4457 B.-
1154 4403 1239 4457 ultum
1256 4401 1327 4469 regri
1343 4397 1464 4454 lrmrhtu-

285 4494 360 4548 dunel
376 4493 430 4548 ΒΡ
478 4495 667 4561 mesopotami
685 4491 739 4547 ΒΒ
